1877 3313
389 133 418 174 §.
443 133 476 168 8.
525 132 674 168 Tabulae
699 133 882 168 historicae
907 132 1110 181 auctoritate
1133 133 1268 178 publica
1294 136 1448 180 scriptae.
1637 135 1718 177 361

117 240 426 282 devicensimum
461 240 608 282 Consul
639 239 708 282 ΧΠ
739 241 929 282 trecentis
961 244 1001 280 et
1029 240 1167 294 viginti
1197 240 1366 283 millibus
1396 242 1526 296 plebei
1550 242 1726 284 urbanae

116 312 344 354 sexagenos
387 300 573 341 denarios
614 301 756 340 viritim
790 298 891 340 dedi.
939 299 980 340 In
1023 299 1175 340 colonis
1216 299 1375 341 militurn
1407 314 1584 343 meorum
1616 302 1728 343 Con-

116 359 175 399 sul
208 359 386 411 quintum
419 372 471 400 ex
501 359 678 399 manibiis
710 359 852 399 viritim
884 358 999 398 millia
1032 370 1231 399 nummum
1264 359 1415 413 singula
1449 360 1558 402 dedi:
1602 374 1725 402 acce-

116 422 259 471 perunt
290 417 327 458 i‹t
361 417 593 471 triumphale
627 418 872 470 congiarium
905 418 942 457 in
976 417 1127 458 colonis
1160 417 1360 459 hominum
1391 419 1548 460 circiter
1567 425 1724 461 centum

118 482 157 516 et
188 476 325 531 viginti
355 476 484 517 millia.
547 476 691 517 Consul
724 477 879 517 tertium
913 475 1104 517 decimum
1147 489 1378 531 sexagenos
1420 476 1604 520 denarios
1635 479 1726 533 ple-

117 535 206 587 bei,
238 547 338 588 quae
371 541 450 576 tuin
484 535 721 576 frumentum
754 535 951 587 publicum
983 540 1245 589 acceperunt,
1277 535 1388 585 dedi3
1422 548 1467 576 ea
1500 537 1615 578 millia
1648 538 1727 578 ho-

116 595 261 635 minum
292 594 410 648 paulo
443 594 552 647 plura
586 606 699 646 quam
734 593 903 634 ducenta
926 593 1100 634 fuerunt.
1134 595 1301 635 Pecunia
1326 591 1464 648 [quam
1486 593 1580 650 pro]
1604 597 1724 650 agris,

119 665 221 705 quos
253 654 291 693 in
325 653 530 694 consulatu
572 665 662 693 mco
707 657 846 706 quarto
888 657 927 692 ct
959 657 1098 706 postca
1141 653 1377 694 Consulibus
1420 654 1468 694 M.
1502 654 1644 696 Crasso
1687 661 1726 696 et

71 744 73 747 Α
117 712 184 751 Cn.
217 712 387 752 Lentulo
419 711 588 765 Augure
621 712 821 763 assignavi
853 711 1057 762 militibus,
1099 712 1200 753 solvi
1233 713 1460 766 municipis,
1493 726 1538 753 ea
1571 719 1728 754 sester-

117 772 209 811 tium
242 771 400 811 circiter
432 771 616 812 sexsiens
649 771 816 811 milliens
848 770 930 821 fuit,
964 783 1078 822 quam
1101 768 1191 825 lex]
1217 771 1488 812 collationibus
1512 784 1584 825 pro
1608 785 1727 826 prac-

117 829 177 870 dis
210 830 430 880 numeravi,
463 835 502 869 et
534 830 692 870 circiter
725 830 782 870 bis
814 829 980 869 milliens
1014 835 1053 871 et
1085 831 1353 881 sexcentiens,
1385 830 1492 883 quod
1525 844 1596 884 pro
1622 832 1728 886 agris

116 888 423 942 provincialibus
455 889 567 930 solvi.
602 888 641 928 ld
672 889 822 942 primus
854 893 894 928 ct
925 888 1035 929 solus
1067 890 1238 929 omnium
1272 889 1338 942 qui
1366 888 1620 931 deduxerunt
1653 903 1728 932 co-

117 948 241 989 lonias
272 948 436 988 militurn
468 949 505 988 in
538 948 642 988 ltalia
675 952 740 988 aut
771 948 808 988 in
840 948 1055 1001 provinciis
1093 947 1141 988 ad
1175 950 1402 989 memoriam
1443 950 1581 989 aetatis
1614 962 1731 990 meae

117 1007 221 1054 feci3
263 1011 302 1047 ct
334 1012 474 1059 postea
506 1007 590 1047 Tib.
634 1007 794 1047 Nerone
829 1012 868 1046 ct
899 1006 966 1046 Cn.
1000 1007 1142 1047 Pisone
1176 1006 1436 1056 Consulibus,
1480 1009 1653 1061 itemque
1687 1008 1728 1049 C.

117 1065 286 1106 Antistio
319 1071 360 1106 et
390 1066 435 1106 D.
469 1066 604 1106 Laelio
649 1068 740 1107 Cos
774 1070 813 1105 ct
844 1066 883 1105 (ἶ.
918 1065 1087 1106 Calvisio
1131 1071 1171 1106 et
1202 1066 1243 1106 L.
1276 1067 1443 1107 l'asieno
1491 1067 1730 1108 Consulibus

118 1129 157 1164 et
187 1124 226 1164 C.
259 1123 427 1165 Lentulo
461 1130 500 1164 et
530 1126 581 1166 M.
613 1125 825 1166 Messalino
871 1124 1109 1165 Consulibus
1155 1130 1194 1165 ct
1225 1125 1266 1165 L.
1301 1124 1464 1166 Caninio
1496 1131 1536 1166 et
1567 1126 1612 1175 Q.
1645 1126 1726 1167 Fa-

118 1184 239 1224 bricio
274 1183 513 1224 Consulibus
549 1181 807 1238 [veter-anisst,
840 1196 940 1237 quos
974 1184 1174 1224 emeriteis
1207 1184 1397 1237 stipendis
1430 1185 1466 1224 in
1499 1197 1570 1225 sua
1598 1186 1730 1226 muni-

119 1243 218 1295 cipia
252 1239 452 1297 [i·ernisi'{,
496 1243 668 1296 praemia
711 1255 804 1282 aere
845 1248 1051 1283 numerato
1085 1243 1282 1296 persolvi,
1327 1255 1442 1297 quam
1475 1244 1513 1284 in
1544 1256 1628 1284 rem
1661 1256 1732 1285 se·-

118 1302 297 1343 stertiuin
329 1302 486 1342 circiter
517 1303 701 1343 sexsicns
736 1302 902 1342 milliens
934 1301 1119 1355 impendi.

259 1384 408 1433 Quatcr
449 1386 616 1439 pecunia
650 1397 735 1425 mea
768 1385 848 1425 iuvi
892 1386 1086 1425 aerarium
1129 1385 1180 1425 ita
1213 1390 1255 1426 ut
1295 1386 1525 1427 sestertium
1566 1385 1734 1428 milliens

119 1448 159 1484 ct
190 1444 468 1498 quingentiens
500 1444 548 1485 ad
582 1456 653 1486 eos
687 1444 751 1497 qui
784 1449 996 1498 praeerant
1026 1445 1181 1486 aerario
1216 1444 1423 1486 detulerim
1457 1450 1495 1486 et
1522 1446 1571 1487 Μ.
1596 1445 1734 1486 Aemi-

118 1503 168 1543 lio
201 1508 240 1544 et
270 1503 312 1543 L.
346 1503 514 1544 Aruntio
548 1503 638 1544 Cos.
674 1504 711 1543 in
744 1503 936 1543 aerarium
979 1503 1169 1555 militare,
1214 1504 1319 1557 quod
1361 1517 1414 1545 ex
1445 1504 1611 1546 consilio
1644 1518 1734 1547 mco

117 1562 369 1603 constitutum
403 1568 484 1614 est,
519 1575 570 1603 cx
602 1575 682 1616 quo
715 1563 889 1616 praemia
923 1562 1113 1604 darentur
1145 1563 1347 1613 militibus,
1389 1565 1454 1617 qui
1487 1565 1626 1619 viginti
1657 1565 1732 1605 sti-

115 1621 258 1676 pendia
291 1622 541 1672 meruissent,
573 1622 634 1662 IIS
668 1622 835 1662 milliens
870 1626 909 1662 et
940 1623 1256 1675 septingentiens
1291 1620 1398 1677 [Tib.
1441 1622 1621 1665 Caesaris
1654 1636 1730 1665 no-

117 1682 221 1721 minc
264 1685 303 1722 et
344 1678 458 1735 ineflo
502 1680 635 1721 detuli.
699 1681 816 1721 Anno
861 1693 940 1733 quo
983 1680 1034 1721 M.
1079 1680 1262 1723 Claudius
1305 1686 1343 1722 et
1384 1682 1426 1723 L.
1460 1682 1652 1724 Aruntius
1695 1687 1735 1723 et

117 1753 219 1780 anno
252 1752 301 1781 eo
335 1751 413 1792 quo
448 1740 514 1780 Cn.
549 1745 588 1780 ct
620 1740 659 1780 P.
695 1739 884 1780 Lentulus
918 1739 1114 1781 Consules
1158 1740 1342 1791 fuerunt,
1386 1755 1474 1782 cum
1517 1741 1734 1783 delicerent

119 1797 283 1853 {horrea
316 1798 485 1852 publica,
519 1796 743 1854 pecuniarii]
777 1804 934 1840 ‹·entum
970 1799 1135 1840 millibus
1167 1799 1364 1841 hominum
1398 1802 1450 1841 ex'
1471 1802 1569 1843 meis
1593 1802 1733 1855 opibus

116 1870 188 1913 pro
222 1857 422 1898 frumento
457 1858 558 1899 (lodi.

833 1954 926 1994 '1³ab.
962 1954 1021 1994 lv,

257 2035 414 2077 Curiam
454 2040 494 2075 et
526 2035 734 2077 continens
776 2037 811 2077 ci
846 2037 1108 2077 Chalcidicum
1151 2037 1415 2091 templumque
1457 2036 1652 2092 Apollinis
1692 2038 1732 2079 in

116 2094 262 2136 Palatio
296 2108 385 2136 cum
419 2096 649 2148 porticibus,
682 2095 821 2136 aedem
855 2096 942 2136 Diri
974 2095 1055 2148 Iuli,
1089 2096 1296 2149 Lupercal,
1333 2096 1529 2150 porticum
1562 2097 1611 2138 ad
1643 2097 1734 2138 Cir-

117 2167 203 2195 cum
237 2154 491 2206 Flaminium,
535 2167 651 2207 (tuam
683 2167 771 2195 sum
815 2155 1005 2209 appellari
1047 2167 1189 2208 passus
1232 2168 1283 2196 cx
1315 2157 1472 2197 nomine
1514 2156 1625 2207 cius,
1667 2158 1732 2210 qui

115 2215 289 2268 prlorem
323 2214 464 2254 eodem
497 2214 536 2254 in
568 2214 655 2254 solo
688 2213 837 2254 fecerat
871 2215 1088 2265 Octaviam,
1121 2214 1300 2268 pulvinar
1332 2215 1380 2255 ad
1413 2214 1570 2257 Circum
1601 2216 1733 2257 Maxi-

115 2285 233 2324 mum,
266 2272 386 2313 aedes
419 2274 457 2313 in
490 2273 681 2326 Capitolio
713 2273 816 2314 Iovis
849 2273 1001 2314 Feretri
1033 2278 1072 2313 et
1093 2274 1197 2314 Iovis
1232 2273 1434 2324 Tonantis,
1467 2275 1606 2315 aedem
1629 2274 1732 2323 Qui-

115 2332 203 2383 rini,
236 2331 356 2373 aedes
388 2332 590 2373 Minervae
625 2336 663 2372 et
694 2331 855 2373 lunonis
887 2332 1064 2385 Reginae
1097 2337 1136 2373 et
1168 2333 1270 2373 Iovis
1301 2332 1510 2375 Libertatis
1534 2334 1572 2374 in
1593 2333 1733 2375 Aven-

116 2391 220 2441 tino,
253 2391 393 2432 aedem
426 2391 570 2432 Larum
603 2391 640 2432 in
672 2403 823 2432 summa
855 2403 970 2433 sacra
1004 2391 1086 2443 via,
1121 2391 1260 2432 aedem
1302 2391 1440 2433 Matris
1481 2405 1650 2448 magnae
1690 2394 1730 2434 in

116 2450 260 2491 Palatio
293 2450 383 2491 feci.

256 2532 486 2586 Capitolium
530 2538 569 2574 et
610 2533 837 2587 Pompeium
886 2532 1108 2585 theatrum,
1153 2538 1367 2587 utrumque
1409 2546 1509 2588 opus
1555 2534 1734 2588 impensa

117 2590 282 2646 grandi,
324 2591 449 2633 refeci
492 2592 577 2633 sine
609 2593 686 2634 ulla
729 2593 989 2645 inscriptione
1031 2592 1199 2633 nominis
1239 2595 1326 2634 mei.
1378 2593 1500 2634 Rivos
1542 2606 1733 2646 aquarum

118 2650 384 2704 compluribus
426 2651 524 2692 locis
566 2656 763 2693 vetustate
805 2651 984 2692 labentes
1024 2651 1151 2692 refeci
1194 2657 1234 2692 et
1264 2665 1405 2706 aquam
1447 2664 1548 2704 quae
1587 2653 1733 2694 Marcia

117 2710 335 2762 appellatur
367 2709 560 2764 duplicavi
591 2710 702 2752 fonte
735 2722 840 2751 novo
872 2711 910 2750 in
942 2712 1068 2751 rivum
1101 2712 1186 2752 eius
1209 2712 1397 2752 immisso.
1431 2711 1574 2752 Forum
1597 2711 1732 2753 lulium

120 2772 159 2808 et
191 2768 406 2820 basilicam,
440 2782 540 2822 quae
573 2769 642 2810 fuit
673 2770 775 2810 inter
799 2768 938 2810 aedem
963 2769 1139 2810 Castoris
1161 2774 1201 2810 et
1224 2771 1364 2812 aedem
1386 2770 1555 2821 Saturni,
1587 2777 1733 2826 coepta

119 2826 410 2881 profligataque
442 2841 566 2881 opera
598 2842 619 2868 a
651 2833 764 2881 patre
805 2841 896 2869 meo
929 2828 1083 2881 perfeci
1123 2833 1163 2869 et
1194 2829 1361 2870 eandem
1393 2828 1594 2871 basihcam
1627 2843 1731 2872 con-

120 2891 308 2938 sumptam
341 2888 527 2928 incendio
560 2887 745 2940 ampliato
779 2887 866 2928 eius
898 2888 984 2929 solo
1017 2888 1091 2929 sub
1123 2888 1234 2930 titulo
1267 2888 1433 2930 nominis
1455 2887 1620 2931 filiorum
1642 2903 1731 2931 me-

122 2954 236 2984 orum
266 2945 446 2987 incohavi
478 2951 518 2987 et
549 2947 583 2988 si
616 2947 725 2988 vivus
759 2958 836 2989 non
861 2945 1137 3000 perfecissem,
1166 2947 1302 3001 perfici
1323 2948 1371 2989 ab
1396 2946 1608 2991 heredibus
1630 2949 1730 2991 meis
