1877 3313
148 152 234 196 204
593 149 697 184 Inscr.
721 150 896 195 profanae.
946 149 1028 196 Cap.
1060 149 1100 184 11.
1149 149 1306 184 Tabulae.

290 259 412 295 1676.
471 255 613 297 Variae
652 256 695 297 L.
725 257 766 298 F.
799 257 1009 300 Gestianae
1050 256 1167 298 uxori
1198 257 1241 297 L.
1274 256 1400 298 Calidi
1431 257 1473 298 L.
1514 257 1556 299 F.
1598 257 1691 301 Stel.
1712 256 1749 313 ¹)

141 315 292 370 Nigrini
322 314 383 355 1111
414 314 486 355 vir.
516 315 594 355 iur.
638 314 711 356 dic.
743 315 818 357 1111.
861 317 1003 369 Quinq.
1046 313 1143 369 11.2)
1186 316 1341 369 Augur.
1375 315 1558 357 Flaminis
1589 317 1693 371 Aug.
1709 313 1749 371 3)

144 374 320 415 Parentis
362 377 400 413 et
443 373 600 414 Patroni
642 375 824 427 municipi
868 376 968 415 filiae
1003 375 1046 414 L.
1080 374 1171 414 Vari
1201 374 1242 414 L.
1274 374 1316 414 F.
1352 374 1549 422 Quintiani
1589 375 1752 416 Tribuni

146 432 306 472 militum
349 431 427 485 leg.
468 431 499 471 Il
540 431 730 473 Adiutric.
774 433 936 474 Tribuni
979 433 1138 473 militum
1180 431 1261 486 leg.
1303 432 1340 473 X
1383 432 1568 473 Geminae
1599 432 1662 473 1111
1692 434 1752 474 vir

145 491 286 542 Quinq.
319 490 476 531 Patroni
520 491 704 544 municipi
746 493 964 545 municipes
1008 496 1047 531 et
1078 491 1243 532 incolae.
1276 491 1320 531 D.
1352 490 1399 531 D.
1431 514 1487 520 —
1518 494 1750 532 Interamnae.

144 551 285 588 Fabret.
316 563 349 600 p.
385 551 478 588 748.
511 552 600 588 Don.
634 552 675 588 V.
706 552 773 590 42.
805 553 913 590 More.
946 553 1022 589 Stil.
1056 552 1226 588 CXVIlIl.

291 626 412 664 1677.
474 624 649 666 Viciniae
679 625 727 666 A.
760 626 800 667 F.
833 625 1030 677 Archaffi,
1075 627 1185 666 matri
1216 625 1336 666 Baebi
1366 625 1413 666 D.
1445 625 1490 665 D.
1505 622 1548 679 ⁴¹)
1580 648 1637 655 —
1668 627 1752 666 Gor.

144 685 277 793 {fflmlh
302 687 400 781 Rggn.
433 686 530 723 Tom.
562 686 587 723 1.
619 698 653 736 p.
689 687 753 724 54.
786 688 945 725 Viscont.
978 687 1223 736 Iconograph.
1254 698 1343 724 rom.
1375 688 1410 724 P.
1441 687 1470 734 1,
1503 687 1542 734 5,
1577 685 1612 724 1.
1642 686 1752 725 More.

800 999 1101 1065 CaputH.

846 1116 1057 1150 TABULAE.

656 1311 693 1350 ,§'.
723 1307 753 1345 1.
813 1307 933 1356 Leqes
965 1312 999 1345 et
1024 1306 1236 1355 plebiscita.

503 1421 637 1466 Legis
663 1421 854 1456 Thoriae
882 1423 1091 1466 agrariae
1116 1422 1386 1467 fragmenta.

286 1517 406 1554 1678.
466 1518 619 1554 Tabulae
662 1529 791 1555 aereae
822 1530 905 1555 sena
949 1520 1148 1566 fragmenta
1188 1519 1383 1565 habentur,
1415 1530 1564 1566 quorum
1596 1522 1750 1567 quatuor

143 1575 277 1613 maiora
299 1576 436 1624 singula
468 1577 501 1613 in
534 1576 686 1613 discissis
721 1577 926 1614 laminarum
959 1578 1078 1614 frustis
1112 1577 1286 1625 Neapoli,
1319 1577 1454 1614 minora
1488 1578 1559 1614 duo
1591 1577 1753 1614 Viennae

143 1639 393 1681 asservanturz,
417 1635 603 1683 septimum
627 1636 862 1682 fragmentum
890 1636 924 1672 in
950 1636 1160 1673 bibliotheca
1183 1636 1284 1682 regia
1311 1636 1496 1672 Parisiensi
1522 1636 1603 1673 olim
1626 1647 1749 1672 asser-

145 1699 263 1730 vatum
295 1699 333 1731 et
364 1694 507 1730 saeculo
548 1694 686 1730 decimo
718 1699 824 1730 sexto
868 1695 1082 1743 descriptum
1124 1706 1215 1730 nunc
1248 1695 1471 1742 deperditum
1505 1699 1570 1731 est.
1618 1695 1751 1742 Pagina

145 1753 286 1789 tabulae
319 1752 488 1798 adversa,
521 1753 700 1799 laevigata
733 1757 767 1788 et
800 1753 842 1789 ad
876 1754 1084 1801 scripturam
1116 1753 1357 1801 recipiendam
1391 1753 1504 1799 facta,
1537 1753 1626 1800 legis
1658 1754 1749 1789 Ser-

146 1811 251 1848 viliae
284 1816 421 1860 partem
445 1811 604 1847 continet
628 1811 736 1847 nitida
759 1816 794 1847 et
816 1811 991 1859 aequabili
1015 1812 1190 1860 scriptura
1214 1812 1433 1860 insculptae3
1460 1824 1478 1848 a
1500 1816 1606 1859 tergo
1629 1812 1750 1848 tabula

148 1870 273 1906 scabra
306 1880 420 1917 neque
451 1870 609 1917 primitus
642 1870 838 1918 scripturae
869 1870 1095 1918 recipiendae
1138 1871 1312 1906 destinata
1345 1870 1610 1918 inscriptionem
1642 1870 1751 1907 habet

145 1928 388 1976 inaequalibus
430 1927 537 1964 literis
572 1928 789 1964 festinantius
825 1933 859 1964 et
891 1929 1131 1975 negligentius
1163 1929 1396 1977 insculptam,
1439 1940 1530 1976 quae
1560 1928 1626 1965 etsi
1669 1939 1750 1964 mu-

146 1987 244 2024 tilata
277 1991 313 2023 ut
345 1997 474 2023 nomen
516 1998 586 2023 non
630 1991 823 2034 appareat,
865 1987 956 2034 legis
1000 1988 1153 2024 Thoriae
1195 1988 1360 2034 agrariae
1404 1999 1495 2024 anno
1539 1999 1570 2024 u.
1602 1999 1634 2024 c.
1667 1986 1748 2023 643

146 2046 242 2083 latae
274 2046 474 2092 fragmenta
508 2045 692 2082 continere
725 2049 899 2082 censetur.
947 2046 1078 2082 Primus
1120 2047 1245 2082 horum
1288 2047 1569 2092 fragmentorum
1612 2050 1751 2093 partem

147 2105 303 2141 Jacobus
336 2104 538 2140 lllazocliius
574 2099 859 2155 (Epigrammata
891 2105 998 2152 antiq.
1020 2105 1125 2141 urbis.
1149 2105 1208 2141 fol.
1236 2099 1368 2156 181.),
1400 2104 1517 2141 omnia
1550 2105 1751 2150 fragmenta

149 2163 301 2200 collecta
333 2162 474 2199 Fulvius
506 2162 649 2199 Ursinus
679 2155 797 2212 (apud
820 2163 1056 2209 Augustinum
1078 2164 1129 2199 De
1151 2163 1290 2209 legibus
1313 2167 1349 2199 et
1371 2161 1753 2209 senatus-consultis),

150 2221 350 2258 ediderunt.
397 2221 450 2257 De
481 2221 686 2269 supplendis
729 2221 936 2267 fragmentis
976 2222 1067 2258 bene
1108 2223 1234 2257 meruit
1275 2221 1442 2268 Sigonius
1488 2217 1566 2272 (De
1608 2221 1752 2268 antiquo

146 2281 222 2317 iure
253 2281 326 2316 Ital.
358 2279 402 2324 11,
436 2279 472 2315 2.
507 2281 557 2315 De
589 2279 726 2315 iudiciis
759 2280 803 2323 11,
836 2275 939 2330 27.)
994 2281 1090 2323 Quos
1125 2280 1282 2316 editores
1325 2280 1435 2315 secuti
1467 2284 1549 2315 sunt
1581 2279 1751 2315 Gruterus

148 2333 276 2390 (Thes.
306 2351 340 2386 p.
374 2332 494 2388 202.)
537 2338 732 2374 Brissonius
775 2332 852 2390 (De
883 2338 1041 2374 formulis
1073 2338 1125 2383 11,
1159 2333 1265 2389 26),
1307 2338 1469 2374 Haubold
1512 2332 1752 2389 (Monument.

146 2398 254 2445 legal.
286 2409 320 2445 p.
355 2391 433 2447 10]
467 2397 547 2442 alii,
590 2397 633 2432 (le
666 2397 790 2444 quibus
823 2396 864 2432 V.
895 2397 1028 2433 Klenze
1059 2397 1272 2442 Fragmenta
1303 2397 1394 2443 legis
1428 2396 1615 2433 Serviliae.
1657 2397 1752 2433 Pro-

147 2456 281 2503 tegom.
314 2467 347 2503 p.
371 2455 447 2492 V11.
480 2459 515 2490 et
546 2455 695 2491 Rudorff
723 2456 754 2491 in
787 2454 948 2502 Savign}⁷
979 2455 1179 2491 Zeitschrift
1212 2455 1267 2491 ftir
1298 2455 1494 2502 geschicht.
1527 2454 1751 2491 Rechtswis-

149 2515 288 2551 senscli.
331 2514 410 2550 Vol.
450 2513 491 2550 X.
534 2525 565 2561 p.
603 2513 752 2549 1—24.
805 2513 968 2550 Klenzius
1012 2514 1149 2549 demum
1193 2514 1282 2560 legis
1325 2513 1499 2550 Serviliae
1543 2513 1752 2560 fragmentis

147 2572 365 2621 explicandis
406 2572 507 2607 etiam
540 2573 581 2607 ad
617 2573 705 2608 haec
737 2573 826 2620 legis
859 2572 1010 2608 Thoriae
1044 2572 1241 2617 fragmenta
1286 2573 1375 2609 male
1415 2572 1561 2608 confusa
1605 2572 1640 2608 in
1671 2583 1751 2608 me-

146 2632 271 2668 liorem
305 2631 464 2668 ordinem
497 2630 694 2676 redigenda
727 2631 817 2667 viam
850 2631 1007 2676 munivit,
1040 2642 1142 2678 quam
1166 2631 1367 2668 Rudorflius
1391 2631 1575 2677 ingressus
1598 2630 1752 2667 omnium

147 2690 278 2737 optime
311 2689 437 2726 eadem
469 2689 659 2734 recensuit,
691 2689 888 2735 coniunxit,
922 2689 1119 2738 supplevit,
1152 2689 1330 2737 explicuit.
1365 2683 1553 2740 [savigny
1580 2688 1752 2725 Zeitschr.

145 2747 167 2783 l.
199 2743 247 2800 Ι.)
279 2748 428 2795 Singula
460 2748 569 2784 verba
603 2747 692 2794 legis
727 2747 944 2795 thttlingius
976 2748 1093 2784 denuo
1126 2748 1170 2784 ad
1204 2749 1344 2785 tabulae
1376 2748 1575 2795 fragmenta
1607 2751 1643 2784 et
1669 2747 1746 2784 Ne-

287 2894 325 2937 1)
350 2895 521 2929 Stellatina
548 2895 644 2928 tribu.
673 2914 713 2920 —
740 2895 777 2940 2)
804 2895 1047 2943 Quinquennali
1075 2897 1206 2930 iterum.
1235 2914 1275 2920 —
1305 2894 1343 2939 3)
1370 2896 1509 2930 flaminis
1536 2895 1743 2940 Augustalis.

146 2958 190 2964 —
215 2939 253 2984 4)
279 2940 415 2977 decreto
443 2943 675 2977 decurionum.
