<?xml version="1.0" encoding="UTF-8"?>
<!DOCTYPE html PUBLIC "-//W3C//DTD XHTML 1.0 Transitional//EN"
    "http://www.w3.org/TR/xhtml1/DTD/xhtml1-transitional.dtd">
<html xmlns="http://www.w3.org/1999/xhtml" xml:lang="en" lang="en">
 <head>
  <title>
</title>
<meta http-equiv="Content-Type" content="text/html;charset=utf-8" />
  <meta name='ocr-system' content='tesseract 3.04.00' />
  <meta name='ocr-capabilities' content='ocr_page ocr_carea ocr_par ocr_line ocrx_word'/>
</head>
<body>
  <div class='ocr_page' id='page_1' title='image "./handbuchderrmi0103zelluoft_0209.png"; bbox 0 0 1877 3313; ppageno 0'>
   <div class='ocr_carea' id='block_1_1' title="bbox 288 181 1724 228">
    <p class='ocr_par' dir='ltr' id='par_1_1' title="bbox 288 181 1724 228">
     <span class='ocr_line' id='line_1_1' title="bbox 288 181 1724 228; baseline 0.004 -13"><span class='ocrx_word' id='word_1_1' title='bbox 288 182 319 223; x_wconf 83' lang='lat'>§.</span> <span class='ocrx_word' id='word_1_2' title='bbox 345 183 376 216; x_wconf 86' lang='grc'><strong>6.</strong></span> <span class='ocrx_word' id='word_1_3' title='bbox 427 181 526 216; x_wconf 83' lang='lat' dir='ltr'>Tituli</span> <span class='ocrx_word' id='word_1_4' title='bbox 551 182 722 217; x_wconf 87' lang='lat' dir='ltr'>honorarii</span> <span class='ocrx_word' id='word_1_5' title='bbox 747 185 780 217; x_wconf 90' lang='lat' dir='ltr'>in</span> <span class='ocrx_word' id='word_1_6' title='bbox 805 185 921 218; x_wconf 78' lang='lat' dir='ltr'>statuis</span> <span class='ocrx_word' id='word_1_7' title='bbox 947 183 1087 228; x_wconf 88' lang='lat' dir='ltr'>aliisque</span> <span class='ocrx_word' id='word_1_8' title='bbox 1113 186 1337 220; x_wconf 78' lang='lat' dir='ltr'><strong>monumentis</strong></span> <span class='ocrx_word' id='word_1_9' title='bbox 1360 184 1557 220; x_wconf 83' lang='lat' dir='ltr'>honorariis.</span> <span class='ocrx_word' id='word_1_10' title='bbox 1642 185 1724 228; x_wconf 81' lang='grc'><strong>189</strong></span> 
     </span>
    </p>
   </div>
   <div class='ocr_carea' id='block_1_2' title="bbox 124 289 1726 401">
    <p class='ocr_par' dir='ltr' id='par_1_2' title="bbox 124 289 1726 401">
     <span class='ocr_line' id='line_1_2' title="bbox 124 289 1726 342; baseline 0.004 -16"><span class='ocrx_word' id='word_1_11' title='bbox 124 289 259 326; x_wconf 85' lang='lat' dir='ltr'>Roule&#39;z</span> <span class='ocrx_word' id='word_1_12' title='bbox 290 302 350 327; x_wconf 91' lang='lat' dir='ltr'>sur</span> <span class='ocrx_word' id='word_1_13' title='bbox 379 290 431 326; x_wconf 89' lang='lat' dir='ltr'>les</span> <span class='ocrx_word' id='word_1_14' title='bbox 464 290 667 336; x_wconf 82' lang='lat' dir='ltr'>magistrats</span> <span class='ocrx_word' id='word_1_15' title='bbox 699 291 864 329; x_wconf 87' lang='lat' dir='ltr'>Romains</span> <span class='ocrx_word' id='word_1_16' title='bbox 896 292 941 328; x_wconf 90' lang='lat' dir='ltr'>de</span> <span class='ocrx_word' id='word_1_17' title='bbox 973 292 1007 329; x_wconf 89' lang='lat' dir='ltr'>la</span> <span class='ocrx_word' id='word_1_18' title='bbox 1039 292 1211 340; x_wconf 82' lang='lat' dir='ltr'>Belgique</span> <span class='ocrx_word' id='word_1_19' title='bbox 1233 306 1267 342; x_wconf 90' lang='lat' dir='ltr'>p.</span> <span class='ocrx_word' id='word_1_20' title='bbox 1292 293 1355 330; x_wconf 87' lang='grc'><strong>38.</strong></span> <span class='ocrx_word' id='word_1_21' title='bbox 1401 293 1530 330; x_wconf 88' lang='lat' dir='ltr'>Lersch</span> <span class='ocrx_word' id='word_1_22' title='bbox 1550 294 1582 331; x_wconf 90' lang='lat' dir='ltr'>in</span> <span class='ocrx_word' id='word_1_23' title='bbox 1604 294 1726 332; x_wconf 85' lang='lat' dir='ltr'>Rhein.</span> 
     </span>
     <span class='ocr_line' id='line_1_3' title="bbox 124 348 1592 401; baseline 0.003 -17"><span class='ocrx_word' id='word_1_24' title='bbox 124 348 264 386; x_wconf 88' lang='lat' dir='ltr'>Iahrbb.</span> <span class='ocrx_word' id='word_1_25' title='bbox 299 348 420 386; x_wconf 82' lang='grc'><strong>1848.</strong></span> <span class='ocrx_word' id='word_1_26' title='bbox 452 349 527 386; x_wconf 85' lang='grc' dir='ltr'><strong>ΧΠ.</strong></span> <span class='ocrx_word' id='word_1_27' title='bbox 559 362 592 398; x_wconf 90' lang='lat' dir='ltr'>p.</span> <span class='ocrx_word' id='word_1_28' title='bbox 629 350 646 386; x_wconf 87' lang='lat'>1</span> <span class='ocrx_word' id='word_1_29' title='bbox 684 351 743 398; x_wconf 91' lang='lat' dir='ltr'>qui</span> <span class='ocrx_word' id='word_1_30' title='bbox 775 355 885 388; x_wconf 88' lang='lat' dir='ltr'>totam</span> <span class='ocrx_word' id='word_1_31' title='bbox 916 351 1178 399; x_wconf 84' lang='lat' dir='ltr'>inscriptionem</span> <span class='ocrx_word' id='word_1_32' title='bbox 1212 357 1377 389; x_wconf 86' lang='lat' dir='ltr'>accurate</span> <span class='ocrx_word' id='word_1_33' title='bbox 1410 352 1592 401; x_wconf 79' lang='lat' dir='ltr'>explicuit.</span> 
     </span>
    </p>
   </div>
   <div class='ocr_carea' id='block_1_3' title="bbox 123 423 1725 536">
    <p class='ocr_par' dir='ltr' id='par_1_3' title="bbox 123 423 1725 536">
     <span class='ocr_line' id='line_1_4' title="bbox 267 423 1725 479; baseline 0.004 -18"><span class='ocrx_word' id='word_1_34' title='bbox 267 425 388 462; x_wconf 83' lang='lat'>1594.</span> <span class='ocrx_word' id='word_1_35' title='bbox 451 423 532 464; x_wconf 90' lang='lat' dir='ltr'>Tib.</span> <span class='ocrx_word' id='word_1_36' title='bbox 566 423 725 465; x_wconf 77' lang='lat' dir='ltr'>Claudio</span> <span class='ocrx_word' id='word_1_37' title='bbox 758 424 840 464; x_wconf 82' lang='lat' dir='ltr'>Tib.</span> <span class='ocrx_word' id='word_1_38' title='bbox 873 424 914 464; x_wconf 91' lang='lat' dir='ltr'>F.</span> <span class='ocrx_word' id='word_1_39' title='bbox 948 424 1056 472; x_wconf 85' lang='lat' dir='ltr'>Quir.</span> <span class='ocrx_word' id='word_1_40' title='bbox 1089 424 1322 479; x_wconf 82' lang='lat' dir='ltr'>Augustano</span> <span class='ocrx_word' id='word_1_41' title='bbox 1353 426 1453 479; x_wconf 88' lang='lat' dir='ltr'>patri</span> <span class='ocrx_word' id='word_1_42' title='bbox 1475 425 1611 466; x_wconf 88' lang='lat' dir='ltr'>Bellici</span> <span class='ocrx_word' id='word_1_43' title='bbox 1632 426 1725 468; x_wconf 89' lang='lat' dir='ltr'>Sol-</span> 
     </span>
     <span class='ocr_line' id='line_1_5' title="bbox 123 480 1725 536; baseline 0.001 -14"><span class='ocrx_word' id='word_1_44' title='bbox 123 480 234 522; x_wconf 88' lang='lat' dir='ltr'>lertis</span> <span class='ocrx_word' id='word_1_45' title='bbox 264 482 378 523; x_wconf 90' lang='lat' dir='ltr'>Proc.</span> <span class='ocrx_word' id='word_1_46' title='bbox 410 481 515 536; x_wconf 82' lang='lat' dir='ltr'>Aug.</span> <span class='ocrx_word' id='word_1_47' title='bbox 549 495 660 535; x_wconf 88' lang='lat' dir='ltr'>prov.</span> <span class='ocrx_word' id='word_1_48' title='bbox 693 483 837 523; x_wconf 81' lang='lat' dir='ltr'>Britan.</span> <span class='ocrx_word' id='word_1_49' title='bbox 871 482 1033 523; x_wconf 80' lang='lat' dir='ltr'>Claudia</span> <span class='ocrx_word' id='word_1_50' title='bbox 1066 483 1122 523; x_wconf 89' lang='lat' dir='ltr'>Ti.</span> <span class='ocrx_word' id='word_1_51' title='bbox 1156 484 1196 524; x_wconf 87' lang='lat' dir='ltr'>F.</span> <span class='ocrx_word' id='word_1_52' title='bbox 1228 484 1466 525; x_wconf 86' lang='lat' dir='ltr'>Marcellina.</span> <span class='ocrx_word' id='word_1_53' title='bbox 1498 507 1554 513; x_wconf 90' lang='lat'>—</span> <span class='ocrx_word' id='word_1_54' title='bbox 1585 488 1725 524; x_wconf 88' lang='lat' dir='ltr'>Teren-</span> 
     </span>
    </p>
   </div>
   <div class='ocr_carea' id='block_1_4' title="bbox 123 543 1727 650">
    <p class='ocr_par' dir='ltr' id='par_1_4' title="bbox 123 543 1727 650">
     <span class='ocr_line' id='line_1_6' title="bbox 123 543 1727 593; baseline 0.004 -15"><span class='ocrx_word' id='word_1_55' title='bbox 123 543 231 580; x_wconf 91' lang='lat' dir='ltr'>zuolo</span> <span class='ocrx_word' id='word_1_56' title='bbox 263 543 297 579; x_wconf 94' lang='lat' dir='ltr'>in</span> <span class='ocrx_word' id='word_1_57' title='bbox 331 543 465 580; x_wconf 85' lang='lat' dir='ltr'>ditione</span> <span class='ocrx_word' id='word_1_58' title='bbox 498 544 646 580; x_wconf 89' lang='lat' dir='ltr'>Veneta.</span> <span class='ocrx_word' id='word_1_59' title='bbox 690 544 766 580; x_wconf 88' lang='lat' dir='ltr'>Orti</span> <span class='ocrx_word' id='word_1_60' title='bbox 797 544 981 581; x_wconf 87' lang='lat' dir='ltr'>Iscrizioni</span> <span class='ocrx_word' id='word_1_61' title='bbox 1022 545 1110 581; x_wconf 85' lang='lat' dir='ltr'>della</span> <span class='ocrx_word' id='word_1_62' title='bbox 1142 550 1250 592; x_wconf 86' lang='lat' dir='ltr'>gente</span> <span class='ocrx_word' id='word_1_63' title='bbox 1283 546 1450 593; x_wconf 88' lang='lat' dir='ltr'>Bellicia,</span> <span class='ocrx_word' id='word_1_64' title='bbox 1493 546 1620 584; x_wconf 85' lang='lat' dir='ltr'>Annal.</span> <span class='ocrx_word' id='word_1_65' title='bbox 1663 558 1727 584; x_wconf 81' lang='lat' dir='ltr'>ar·-</span> 
     </span>
     <span class='ocr_line' id='line_1_7' title="bbox 124 601 679 650; baseline 0 -12"><span class='ocrx_word' id='word_1_66' title='bbox 124 602 239 638; x_wconf 86' lang='lat' dir='ltr'>cheol.</span> <span class='ocrx_word' id='word_1_67' title='bbox 276 601 396 638; x_wconf 97' lang='grc'><strong>1830.</strong></span> <span class='ocrx_word' id='word_1_68' title='bbox 437 602 478 638; x_wconf 87' lang='lat' dir='ltr'>II.</span> <span class='ocrx_word' id='word_1_69' title='bbox 518 615 552 650; x_wconf 87' lang='lat' dir='ltr'>p.</span> <span class='ocrx_word' id='word_1_70' title='bbox 585 602 679 638; x_wconf 80' lang='grc'><strong>258.</strong></span> 
     </span>
    </p>
   </div>
   <div class='ocr_carea' id='block_1_5' title="bbox 267 674 1725 731">
    <p class='ocr_par' dir='ltr' id='par_1_5' title="bbox 267 674 1725 731">
     <span class='ocr_line' id='line_1_8' title="bbox 267 674 1725 731; baseline 0.005 -18"><span class='ocrx_word' id='word_1_71' title='bbox 267 677 388 714; x_wconf 88' lang='lat'>1595.</span> <span class='ocrx_word' id='word_1_72' title='bbox 450 675 507 716; x_wconf 88' lang='lat' dir='ltr'>Ti.</span> <span class='ocrx_word' id='word_1_73' title='bbox 532 675 691 717; x_wconf 88' lang='lat' dir='ltr'>Claudio</span> <span class='ocrx_word' id='word_1_74' title='bbox 715 676 862 729; x_wconf 90' lang='lat' dir='ltr'>Esquil.</span> <span class='ocrx_word' id='word_1_75' title='bbox 884 674 919 731; x_wconf 83' lang='lat'>¹)</span> <span class='ocrx_word' id='word_1_76' title='bbox 953 677 1118 729; x_wconf 84' lang='lat' dir='ltr'>Severo,</span> <span class='ocrx_word' id='word_1_77' title='bbox 1151 678 1349 720; x_wconf 86' lang='lat' dir='ltr'>Decuriali</span> <span class='ocrx_word' id='word_1_78' title='bbox 1370 679 1531 731; x_wconf 86' lang='lat' dir='ltr'>Lictori,</span> <span class='ocrx_word' id='word_1_79' title='bbox 1553 679 1725 721; x_wconf 86' lang='lat' dir='ltr'>Patrono</span> 
     </span>
    </p>
   </div>
   <div class='ocr_carea' id='block_1_6' title="bbox 48 732 1726 791">
    <p class='ocr_par' dir='ltr' id='par_1_6' title="bbox 48 732 1726 791">
     <span class='ocr_line' id='line_1_9' title="bbox 48 732 1726 791; baseline 0.003 -16"><span class='ocrx_word' id='word_1_80' title='bbox 48 768 51 769; x_wconf 16' lang='grc' dir='ltr'><em>γ</em></span> <span class='ocrx_word' id='word_1_81' title='bbox 89 739 93 741; x_wconf 68' lang='grc'><strong>’</strong></span> <span class='ocrx_word' id='word_1_82' title='bbox 125 732 314 786; x_wconf 79' lang='lat' dir='ltr'>Corporis</span> <span class='ocrx_word' id='word_1_83' title='bbox 351 734 595 787; x_wconf 81' lang='lat' dir='ltr'>piscatorum</span> <span class='ocrx_word' id='word_1_84' title='bbox 641 739 681 775; x_wconf 88' lang='lat' dir='ltr'>et</span> <span class='ocrx_word' id='word_1_85' title='bbox 712 736 903 776; x_wconf 88' lang='lat' dir='ltr'>urinator.</span> <span class='ocrx_word' id='word_1_86' title='bbox 938 736 1020 783; x_wconf 75' lang='grc' dir='ltr'><strong>ΩΟ.</strong></span> <span class='ocrx_word' id='word_1_87' title='bbox 1063 733 1173 790; x_wconf 80' lang='lat' dir='ltr'>11L2)</span> <span class='ocrx_word' id='word_1_88' title='bbox 1217 738 1394 779; x_wconf 89' lang='lat' dir='ltr'>eiusdem</span> <span class='ocrx_word' id='word_1_89' title='bbox 1437 737 1624 791; x_wconf 88' lang='lat' dir='ltr'>Corporis</span> <span class='ocrx_word' id='word_1_90' title='bbox 1676 739 1726 779; x_wconf 94' lang='lat' dir='ltr'>ob</span> 
     </span>
    </p>
   </div>
   <div class='ocr_carea' id='block_1_7' title="bbox 121 792 1728 906">
    <p class='ocr_par' dir='ltr' id='par_1_7' title="bbox 121 792 1728 906">
     <span class='ocr_line' id='line_1_10' title="bbox 122 792 1728 851; baseline 0.004 -19"><span class='ocrx_word' id='word_1_91' title='bbox 122 793 260 833; x_wconf 86' lang='lat' dir='ltr'>merita</span> <span class='ocrx_word' id='word_1_92' title='bbox 302 793 411 843; x_wconf 80' lang='lat' dir='ltr'>eius,</span> <span class='ocrx_word' id='word_1_93' title='bbox 458 793 563 846; x_wconf 88' lang='lat' dir='ltr'>quod</span> <span class='ocrx_word' id='word_1_94' title='bbox 604 792 665 833; x_wconf 89' lang='lat' dir='ltr'>hic</span> <span class='ocrx_word' id='word_1_95' title='bbox 707 795 854 847; x_wconf 87' lang='lat' dir='ltr'>primus</span> <span class='ocrx_word' id='word_1_96' title='bbox 892 799 1040 835; x_wconf 86' lang='lat' dir='ltr'>statuas</span> <span class='ocrx_word' id='word_1_97' title='bbox 1082 795 1199 845; x_wconf 86' lang='lat' dir='ltr'>duas,</span> <span class='ocrx_word' id='word_1_98' title='bbox 1240 809 1355 837; x_wconf 91' lang='lat' dir='ltr'>unam</span> <span class='ocrx_word' id='word_1_99' title='bbox 1397 795 1584 838; x_wconf 89' lang='lat' dir='ltr'>Antonini</span> <span class='ocrx_word' id='word_1_100' title='bbox 1624 795 1728 851; x_wconf 83' lang='lat' dir='ltr'>Aug.</span> 
     </span>
     <span class='ocr_line' id='line_1_11' title="bbox 121 849 1726 906; baseline 0.002 -15"><span class='ocrx_word' id='word_1_101' title='bbox 121 850 279 892; x_wconf 90' lang='lat' dir='ltr'>Domini</span> <span class='ocrx_word' id='word_1_102' title='bbox 308 851 353 891; x_wconf 93' lang='lat' dir='ltr'>N.</span> <span class='ocrx_word' id='word_1_103' title='bbox 369 849 410 906; x_wconf 78' lang='lat'>3]</span> <span class='ocrx_word' id='word_1_104' title='bbox 443 851 554 892; x_wconf 88' lang='lat' dir='ltr'>aliam</span> <span class='ocrx_word' id='word_1_105' title='bbox 588 851 655 892; x_wconf 88' lang='lat' dir='ltr'>Iul.</span> <span class='ocrx_word' id='word_1_106' title='bbox 689 853 892 906; x_wconf 78' lang='lat' dir='ltr'>Augustae</span> <span class='ocrx_word' id='word_1_107' title='bbox 924 853 1116 894; x_wconf 87' lang='lat' dir='ltr'>Dominae</span> <span class='ocrx_word' id='word_1_108' title='bbox 1155 859 1276 895; x_wconf 86' lang='lat' dir='ltr'>nostr.</span> <span class='ocrx_word' id='word_1_109' title='bbox 1310 856 1347 897; x_wconf 88' lang='lat' dir='ltr'>S.</span> <span class='ocrx_word' id='word_1_110' title='bbox 1380 856 1420 896; x_wconf 94' lang='lat' dir='ltr'>P.</span> <span class='ocrx_word' id='word_1_111' title='bbox 1453 856 1493 896; x_wconf 91' lang='lat' dir='ltr'>P.</span> <span class='ocrx_word' id='word_1_112' title='bbox 1526 868 1604 896; x_wconf 89' lang='lat' dir='ltr'>una</span> <span class='ocrx_word' id='word_1_113' title='bbox 1637 868 1726 896; x_wconf 89' lang='lat' dir='ltr'>cum</span> 
     </span>
    </p>
   </div>
   <div class='ocr_carea' id='block_1_8' title="bbox 52 908 1728 968">
    <p class='ocr_par' dir='ltr' id='par_1_8' title="bbox 52 908 1728 968">
     <span class='ocr_line' id='line_1_12' title="bbox 52 908 1728 968; baseline 0.004 -19"><span class='ocrx_word' id='word_1_114' title='bbox 52 952 65 962; x_wconf 34' lang='lat' dir='ltr'><em>f</em></span> <span class='ocrx_word' id='word_1_115' title='bbox 123 908 287 951; x_wconf 89' lang='lat' dir='ltr'>Claudio</span> <span class='ocrx_word' id='word_1_116' title='bbox 318 910 510 951; x_wconf 81' lang='lat' dir='ltr'>Pontiano</span> <span class='ocrx_word' id='word_1_117' title='bbox 541 910 620 951; x_wconf 87' lang='lat' dir='ltr'>filio</span> <span class='ocrx_word' id='word_1_118' title='bbox 654 923 726 952; x_wconf 89' lang='lat' dir='ltr'>suo</span> <span class='ocrx_word' id='word_1_119' title='bbox 759 911 829 964; x_wconf 84' lang='lat' dir='ltr'>Eq.</span> <span class='ocrx_word' id='word_1_120' title='bbox 862 924 960 952; x_wconf 92' lang='lat' dir='ltr'>rom.</span> <span class='ocrx_word' id='word_1_121' title='bbox 1006 917 1045 952; x_wconf 90' lang='lat' dir='ltr'>et</span> <span class='ocrx_word' id='word_1_122' title='bbox 1076 912 1150 954; x_wconf 85' lang='lat' dir='ltr'>hoc</span> <span class='ocrx_word' id='word_1_123' title='bbox 1189 913 1352 966; x_wconf 87' lang='lat' dir='ltr'>amplius</span> <span class='ocrx_word' id='word_1_124' title='bbox 1396 913 1523 954; x_wconf 88' lang='lat' dir='ltr'>eidem</span> <span class='ocrx_word' id='word_1_125' title='bbox 1567 915 1728 968; x_wconf 79' lang='lat' dir='ltr'>corpori</span> 
     </span>
    </p>
   </div>
   <div class='ocr_carea' id='block_1_9' title="bbox 103 968 1728 1258">
    <p class='ocr_par' dir='ltr' id='par_1_9' title="bbox 103 968 1728 1258">
     <span class='ocr_line' id='line_1_13' title="bbox 124 968 1726 1024; baseline 0.002 -15"><span class='ocrx_word' id='word_1_126' title='bbox 124 968 335 1009; x_wconf 86' lang='lat' dir='ltr'>donaverit</span> <span class='ocrx_word' id='word_1_127' title='bbox 365 969 426 1010; x_wconf 91' lang='lat' dir='ltr'>HS</span> <span class='ocrx_word' id='word_1_128' title='bbox 457 970 494 1014; x_wconf 71' lang='grc' dir='ltr'>Χ</span> <span class='ocrx_word' id='word_1_129' title='bbox 527 970 625 1010; x_wconf 87' lang='lat' dir='ltr'>milia</span> <span class='ocrx_word' id='word_1_130' title='bbox 656 970 701 1010; x_wconf 86' lang='lat' dir='ltr'>N.</span> <span class='ocrx_word' id='word_1_131' title='bbox 734 975 777 1010; x_wconf 92' lang='lat' dir='ltr'>ut</span> <span class='ocrx_word' id='word_1_132' title='bbox 810 983 861 1010; x_wconf 78' lang='lat' dir='ltr'>ex</span> <span class='ocrx_word' id='word_1_133' title='bbox 902 971 1033 1011; x_wconf 89' lang='lat' dir='ltr'>usuris</span> <span class='ocrx_word' id='word_1_134' title='bbox 1065 983 1203 1012; x_wconf 86' lang='lat' dir='ltr'>eorum</span> <span class='ocrx_word' id='word_1_135' title='bbox 1237 972 1455 1024; x_wconf 82' lang='lat' dir='ltr'>quodannis</span> <span class='ocrx_word' id='word_1_136' title='bbox 1494 972 1611 1013; x_wconf 85' lang='lat' dir='ltr'>natali</span> <span class='ocrx_word' id='word_1_137' title='bbox 1651 985 1726 1014; x_wconf 90' lang='lat' dir='ltr'>suo</span> 
     </span>
     <span class='ocr_line' id='line_1_14' title="bbox 103 1026 1728 1083; baseline 0.003 -16"><span class='ocrx_word' id='word_1_138' title='bbox 103 1026 227 1067; x_wconf 67' lang='lat' dir='ltr'>‘XVII</span> <span class='ocrx_word' id='word_1_139' title='bbox 256 1027 339 1068; x_wconf 84' lang='lat' dir='ltr'>Kal.</span> <span class='ocrx_word' id='word_1_140' title='bbox 373 1028 488 1069; x_wconf 84' lang='lat' dir='ltr'>Febr.</span> <span class='ocrx_word' id='word_1_141' title='bbox 520 1029 724 1081; x_wconf 78' lang='lat' dir='ltr'>sportulae</span> <span class='ocrx_word' id='word_1_142' title='bbox 755 1029 897 1069; x_wconf 84' lang='lat' dir='ltr'>viritim</span> <span class='ocrx_word' id='word_1_143' title='bbox 931 1029 1177 1079; x_wconf 80' lang='lat' dir='ltr'>dividantur,</span> <span class='ocrx_word' id='word_1_144' title='bbox 1218 1032 1451 1083; x_wconf 91' lang='lat' dir='ltr'>praesertim</span> <span class='ocrx_word' id='word_1_145' title='bbox 1491 1044 1580 1073; x_wconf 88' lang='lat' dir='ltr'>cum</span> <span class='ocrx_word' id='word_1_146' title='bbox 1613 1032 1728 1072; x_wconf 87' lang='lat' dir='ltr'>navi—</span> 
     </span>
     <span class='ocr_line' id='line_1_15' title="bbox 124 1086 1727 1143; baseline 0.003 -17"><span class='ocrx_word' id='word_1_147' title='bbox 124 1086 230 1139; x_wconf 85' lang='lat' dir='ltr'>gatio</span> <span class='ocrx_word' id='word_1_148' title='bbox 262 1086 493 1139; x_wconf 76' lang='lat' dir='ltr'>scapliarum</span> <span class='ocrx_word' id='word_1_149' title='bbox 525 1087 675 1127; x_wconf 84' lang='lat' dir='ltr'>firmata</span> <span class='ocrx_word' id='word_1_150' title='bbox 707 1088 776 1137; x_wconf 89' lang='lat' dir='ltr'>sit,</span> <span class='ocrx_word' id='word_1_151' title='bbox 810 1100 862 1127; x_wconf 79' lang='lat' dir='ltr'>ex</span> <span class='ocrx_word' id='word_1_152' title='bbox 893 1088 1055 1129; x_wconf 88' lang='lat' dir='ltr'>decreto</span> <span class='ocrx_word' id='word_1_153' title='bbox 1088 1088 1245 1129; x_wconf 84' lang='lat' dir='ltr'>Ordinis</span> <span class='ocrx_word' id='word_1_154' title='bbox 1278 1091 1458 1143; x_wconf 83' lang='lat' dir='ltr'>corporis</span> <span class='ocrx_word' id='word_1_155' title='bbox 1488 1091 1727 1143; x_wconf 86' lang='lat' dir='ltr'>piscatorum</span> 
     </span>
     <span class='ocr_line' id='line_1_16' title="bbox 125 1144 1727 1201; baseline 0.004 -17"><span class='ocrx_word' id='word_1_156' title='bbox 125 1150 164 1185; x_wconf 87' lang='lat' dir='ltr'>et</span> <span class='ocrx_word' id='word_1_157' title='bbox 194 1146 437 1186; x_wconf 82' lang='lat' dir='ltr'>urinatorum</span> <span class='ocrx_word' id='word_1_158' title='bbox 470 1147 587 1186; x_wconf 87' lang='lat' dir='ltr'>totius</span> <span class='ocrx_word' id='word_1_159' title='bbox 619 1146 692 1186; x_wconf 77' lang='lat' dir='ltr'>alv.</span> <span class='ocrx_word' id='word_1_160' title='bbox 725 1144 912 1201; x_wconf 53' lang='lat' dir='ltr'>&#39;ribei-‚Q</span> <span class='ocrx_word' id='word_1_161' title='bbox 946 1147 1085 1199; x_wconf 83' lang='lat' dir='ltr'>quibus</span> <span class='ocrx_word' id='word_1_162' title='bbox 1125 1161 1176 1187; x_wconf 75' lang='lat' dir='ltr'>ex</span> <span class='ocrx_word' id='word_1_163' title='bbox 1208 1147 1246 1189; x_wconf 88' lang='lat' dir='ltr'>S.</span> <span class='ocrx_word' id='word_1_164' title='bbox 1280 1147 1319 1189; x_wconf 87' lang='lat' dir='ltr'>C.</span> <span class='ocrx_word' id='word_1_165' title='bbox 1354 1150 1462 1189; x_wconf 86' lang='lat' dir='ltr'>coire</span> <span class='ocrx_word' id='word_1_166' title='bbox 1494 1150 1587 1189; x_wconf 87' lang='lat' dir='ltr'>licet</span> <span class='ocrx_word' id='word_1_167' title='bbox 1617 1148 1654 1191; x_wconf 84' lang='lat' dir='ltr'>S.</span> <span class='ocrx_word' id='word_1_168' title='bbox 1686 1149 1727 1190; x_wconf 93' lang='lat' dir='ltr'>P.</span> 
     </span>
     <span class='ocr_line' id='line_1_17' title="bbox 122 1200 1294 1258; baseline 0 -14"><span class='ocrx_word' id='word_1_169' title='bbox 122 1203 163 1244; x_wconf 93' lang='lat' dir='ltr'>P.</span> <span class='ocrx_word' id='word_1_170' title='bbox 181 1200 219 1258; x_wconf 79' lang='lat'>⁵)</span> <span class='ocrx_word' id='word_1_171' title='bbox 253 1228 308 1233; x_wconf 84' lang='lat'>—</span> <span class='ocrx_word' id='word_1_172' title='bbox 340 1207 438 1244; x_wconf 81' lang='lat' dir='ltr'>Grut.</span> <span class='ocrx_word' id='word_1_173' title='bbox 468 1219 502 1255; x_wconf 89' lang='lat' dir='ltr'>p.</span> <span class='ocrx_word' id='word_1_174' title='bbox 537 1206 630 1244; x_wconf 98' lang='lat'>391.</span> <span class='ocrx_word' id='word_1_175' title='bbox 664 1208 771 1244; x_wconf 84' lang='lat' dir='ltr'>Morc.</span> <span class='ocrx_word' id='word_1_176' title='bbox 803 1208 878 1244; x_wconf 89' lang='lat' dir='ltr'>Stil.</span> <span class='ocrx_word' id='word_1_177' title='bbox 912 1208 999 1244; x_wconf 87' lang='lat' dir='ltr'>CXI.</span> <span class='ocrx_word' id='word_1_178' title='bbox 1043 1208 1138 1244; x_wconf 90' lang='lat' dir='ltr'>Orel.</span> <span class='ocrx_word' id='word_1_179' title='bbox 1171 1208 1294 1245; x_wconf 75' lang='lat'>4115.</span> 
     </span>
    </p>
   </div>
   <div class='ocr_carea' id='block_1_10' title="bbox 116 1280 1731 1802">
    <p class='ocr_par' dir='ltr' id='par_1_10' title="bbox 124 1280 1731 1629">
     <span class='ocr_line' id='line_1_18' title="bbox 267 1280 1728 1332; baseline 0.005 -13"><span class='ocrx_word' id='word_1_180' title='bbox 267 1283 387 1320; x_wconf 84' lang='lat'>1596.</span> <span class='ocrx_word' id='word_1_181' title='bbox 450 1280 503 1321; x_wconf 92' lang='lat' dir='ltr'>Cl.</span> <span class='ocrx_word' id='word_1_182' title='bbox 545 1280 745 1332; x_wconf 69' lang='lat' dir='ltr'>Claudiani</span> <span class='ocrx_word' id='word_1_183' title='bbox 786 1281 830 1321; x_wconf 89' lang='lat' dir='ltr'>V.</span> <span class='ocrx_word' id='word_1_184' title='bbox 873 1281 913 1321; x_wconf 90' lang='lat' dir='ltr'>C.</span> <span class='ocrx_word' id='word_1_185' title='bbox 956 1281 1010 1322; x_wconf 86' lang='lat' dir='ltr'>Cl.</span> <span class='ocrx_word' id='word_1_186' title='bbox 1054 1280 1264 1323; x_wconf 86' lang='lat' dir='ltr'>Claudiano</span> <span class='ocrx_word' id='word_1_187' title='bbox 1306 1283 1350 1322; x_wconf 94' lang='lat' dir='ltr'>V.</span> <span class='ocrx_word' id='word_1_188' title='bbox 1395 1283 1436 1323; x_wconf 89' lang='lat' dir='ltr'>C.</span> <span class='ocrx_word' id='word_1_189' title='bbox 1471 1284 1645 1327; x_wconf 91' lang='lat' dir='ltr'>Tribuno</span> <span class='ocrx_word' id='word_1_190' title='bbox 1689 1290 1728 1326; x_wconf 87' lang='lat' dir='ltr'>et</span> 
     </span>
     <span class='ocr_line' id='line_1_19' title="bbox 124 1338 1731 1395; baseline 0.004 -16"><span class='ocrx_word' id='word_1_191' title='bbox 124 1338 285 1381; x_wconf 88' lang='lat' dir='ltr'>Notario</span> <span class='ocrx_word' id='word_1_192' title='bbox 317 1340 421 1380; x_wconf 82' lang='lat' dir='ltr'>inter</span> <span class='ocrx_word' id='word_1_193' title='bbox 448 1344 604 1380; x_wconf 87' lang='lat' dir='ltr'>ceteras</span> <span class='ocrx_word' id='word_1_194' title='bbox 637 1340 819 1393; x_wconf 82' lang='lat' dir='ltr'>vigentes</span> <span class='ocrx_word' id='word_1_195' title='bbox 851 1344 956 1380; x_wconf 85' lang='lat' dir='ltr'>artes</span> <span class='ocrx_word' id='word_1_196' title='bbox 988 1340 1376 1393; x_wconf 82' lang='lat' dir='ltr'>praegloriosissimo</span> <span class='ocrx_word' id='word_1_197' title='bbox 1403 1347 1609 1395; x_wconf 88' lang='lat' dir='ltr'>poetarum</span> <span class='ocrx_word' id='word_1_198' title='bbox 1641 1344 1731 1385; x_wconf 88' lang='lat' dir='ltr'>licet</span> 
     </span>
     <span class='ocr_line' id='line_1_20' title="bbox 125 1397 1730 1453; baseline 0.002 -15"><span class='ocrx_word' id='word_1_199' title='bbox 125 1397 173 1438; x_wconf 94' lang='lat' dir='ltr'>ad</span> <span class='ocrx_word' id='word_1_200' title='bbox 204 1399 432 1439; x_wconf 82' lang='lat' dir='ltr'>memoriam</span> <span class='ocrx_word' id='word_1_201' title='bbox 465 1399 742 1451; x_wconf 76' lang='lat' dir='ltr'>sempiternam</span> <span class='ocrx_word' id='word_1_202' title='bbox 775 1399 944 1439; x_wconf 88' lang='lat' dir='ltr'>carmina</span> <span class='ocrx_word' id='word_1_203' title='bbox 977 1400 1025 1439; x_wconf 91' lang='lat' dir='ltr'>ab</span> <span class='ocrx_word' id='word_1_204' title='bbox 1057 1398 1196 1438; x_wconf 89' lang='lat' dir='ltr'>eodem</span> <span class='ocrx_word' id='word_1_205' title='bbox 1230 1400 1376 1453; x_wconf 84' lang='lat' dir='ltr'>scripta</span> <span class='ocrx_word' id='word_1_206' title='bbox 1408 1400 1623 1453; x_wconf 83' lang='lat' dir='ltr'>sufficiant,</span> <span class='ocrx_word' id='word_1_207' title='bbox 1655 1402 1730 1443; x_wconf 89' lang='lat' dir='ltr'>ad-</span> 
     </span>
     <span class='ocr_line' id='line_1_21' title="bbox 124 1457 1731 1510; baseline 0.003 -13"><span class='ocrx_word' id='word_1_208' title='bbox 124 1461 254 1498; x_wconf 84' lang='lat' dir='ltr'>tamen</span> <span class='ocrx_word' id='word_1_209' title='bbox 298 1457 511 1498; x_wconf 89' lang='lat' dir='ltr'>testimonii</span> <span class='ocrx_word' id='word_1_210' title='bbox 553 1458 678 1510; x_wconf 82' lang='lat' dir='ltr'>gratia</span> <span class='ocrx_word' id='word_1_211' title='bbox 721 1457 770 1497; x_wconf 89' lang='lat' dir='ltr'>ob</span> <span class='ocrx_word' id='word_1_212' title='bbox 802 1457 936 1497; x_wconf 89' lang='lat' dir='ltr'>iudicii</span> <span class='ocrx_word' id='word_1_213' title='bbox 976 1457 1036 1497; x_wconf 90' lang='lat' dir='ltr'>sui</span> <span class='ocrx_word' id='word_1_214' title='bbox 1076 1457 1191 1497; x_wconf 90' lang='lat' dir='ltr'>fidem</span> <span class='ocrx_word' id='word_1_215' title='bbox 1222 1457 1268 1498; x_wconf 91' lang='lat' dir='ltr'>D.</span> <span class='ocrx_word' id='word_1_216' title='bbox 1303 1459 1346 1499; x_wconf 90' lang='lat' dir='ltr'>D.</span> <span class='ocrx_word' id='word_1_217' title='bbox 1378 1459 1423 1498; x_wconf 90' lang='lat' dir='ltr'>N.</span> <span class='ocrx_word' id='word_1_218' title='bbox 1456 1459 1501 1499; x_wconf 93' lang='lat' dir='ltr'>N.</span> <span class='ocrx_word' id='word_1_219' title='bbox 1534 1460 1731 1503; x_wconf 89' lang='lat' dir='ltr'>Arcadius</span> 
     </span>
     <span class='ocr_line' id='line_1_22' title="bbox 125 1513 1730 1572; baseline 0.004 -17"><span class='ocrx_word' id='word_1_220' title='bbox 125 1520 164 1556; x_wconf 86' lang='lat' dir='ltr'>et</span> <span class='ocrx_word' id='word_1_221' title='bbox 194 1516 393 1557; x_wconf 92' lang='lat' dir='ltr'>Honorius</span> <span class='ocrx_word' id='word_1_222' title='bbox 425 1515 625 1556; x_wconf 88' lang='lat' dir='ltr'>filicissimi</span> <span class='ocrx_word' id='word_1_223' title='bbox 640 1513 679 1570; x_wconf 77' lang='lat'>⁶]</span> <span class='ocrx_word' id='word_1_224' title='bbox 713 1529 758 1555; x_wconf 86' lang='lat' dir='ltr'>ac</span> <span class='ocrx_word' id='word_1_225' title='bbox 781 1515 995 1556; x_wconf 83' lang='lat' dir='ltr'>doctissimi</span> <span class='ocrx_word' id='word_1_226' title='bbox 1017 1517 1277 1570; x_wconf 87' lang='lat' dir='ltr'>imperatores</span> <span class='ocrx_word' id='word_1_227' title='bbox 1300 1523 1440 1558; x_wconf 89' lang='lat' dir='ltr'>senatu</span> <span class='ocrx_word' id='word_1_228' title='bbox 1462 1523 1622 1572; x_wconf 83' lang='lat' dir='ltr'>petente</span> <span class='ocrx_word' id='word_1_229' title='bbox 1643 1525 1730 1562; x_wconf 85' lang='lat' dir='ltr'>sta-</span> 
     </span>
     <span class='ocr_line' id='line_1_23' title="bbox 125 1574 1401 1629; baseline 0.002 -14"><span class='ocrx_word' id='word_1_230' title='bbox 125 1579 228 1616; x_wconf 88' lang='lat' dir='ltr'>tuam</span> <span class='ocrx_word' id='word_1_231' title='bbox 260 1576 297 1615; x_wconf 90' lang='lat' dir='ltr'>in</span> <span class='ocrx_word' id='word_1_232' title='bbox 329 1574 419 1616; x_wconf 87' lang='lat' dir='ltr'>foro</span> <span class='ocrx_word' id='word_1_233' title='bbox 453 1574 531 1615; x_wconf 90' lang='lat' dir='ltr'>divi</span> <span class='ocrx_word' id='word_1_234' title='bbox 564 1574 721 1614; x_wconf 85' lang='lat' dir='ltr'>Traiani</span> <span class='ocrx_word' id='word_1_235' title='bbox 753 1575 854 1629; x_wconf 83' lang='lat' dir='ltr'>erigi</span> <span class='ocrx_word' id='word_1_236' title='bbox 886 1574 1154 1628; x_wconf 78' lang='lat' dir='ltr'>collocarique</span> <span class='ocrx_word' id='word_1_237' title='bbox 1187 1576 1401 1617; x_wconf 89' lang='lat' dir='ltr'>iusserunt.</span> 
     </span>
    </p>

    <p class='ocr_par' dir='ltr' id='par_1_11' title="bbox 116 1629 1399 1802">
     <span class='ocr_line' id='line_1_24' title="bbox 456 1629 1399 1689; baseline 0.001 -15"><span class='ocrx_word' id='word_1_238' title='bbox 456 1630 520 1674; x_wconf 78' lang='grc' dir='ltr'>Εἰν</span> <span class='ocrx_word' id='word_1_239' title='bbox 552 1629 604 1673; x_wconf 71' lang='grc' dir='ltr'>ἑνὶ</span> <span class='ocrx_word' id='word_1_240' title='bbox 634 1629 822 1686; x_wconf 73' lang='grc' dir='ltr'>Βιργίλοιο</span> <span class='ocrx_word' id='word_1_241' title='bbox 851 1630 937 1674; x_wconf 70' lang='grc' dir='ltr'>νόον</span> <span class='ocrx_word' id='word_1_242' title='bbox 967 1630 1033 1673; x_wconf 74' lang='grc' dir='ltr'>κὰν,</span> <span class='ocrx_word' id='word_1_243' title='bbox 1062 1635 1198 1675; x_wconf 65' lang='lat' dir='ltr'>Mam</span> <span class='ocrx_word' id='word_1_244' title='bbox 1224 1630 1399 1689; x_wconf 82' lang='grc' dir='ltr'>Ὁμήρου</span> 
     </span>
     <span class='ocr_line' id='line_1_25' title="bbox 116 1687 1362 1746; baseline 0.002 -14"><span class='ocrx_word' id='word_1_245' title='bbox 116 1722 119 1725; x_wconf 87' lang='grc'>-</span> <span class='ocrx_word' id='word_1_246' title='bbox 506 1689 742 1733; x_wconf 80' lang='grc' dir='ltr'>Κλαυδιανὸν</span> <span class='ocrx_word' id='word_1_247' title='bbox 773 1687 887 1745; x_wconf 80' lang='grc' dir='ltr'>Ρώμη</span> <span class='ocrx_word' id='word_1_248' title='bbox 920 1688 984 1732; x_wconf 80' lang='grc' dir='ltr'>καὶ</span> <span class='ocrx_word' id='word_1_249' title='bbox 1014 1693 1181 1746; x_wconf 68' lang='grc' dir='ltr'>Βασιλῆς</span> <span class='ocrx_word' id='word_1_250' title='bbox 1208 1691 1362 1735; x_wconf 76' lang='grc' dir='ltr'><strong>ἔθεσαν.</strong></span> 
     </span>
     <span class='ocr_line' id='line_1_26' title="bbox 128 1753 990 1802; baseline -0.001 -10"><span class='ocrx_word' id='word_1_251' title='bbox 128 1773 178 1780; x_wconf 90' lang='lat'>·--</span> <span class='ocrx_word' id='word_1_252' title='bbox 211 1755 354 1792; x_wconf 91' lang='lat' dir='ltr'>Romae.</span> <span class='ocrx_word' id='word_1_253' title='bbox 401 1755 498 1791; x_wconf 90' lang='lat' dir='ltr'>Grut.</span> <span class='ocrx_word' id='word_1_254' title='bbox 530 1767 563 1802; x_wconf 91' lang='lat' dir='ltr'>p.</span> <span class='ocrx_word' id='word_1_255' title='bbox 595 1753 689 1790; x_wconf 87' lang='lat'>391.</span> <span class='ocrx_word' id='word_1_256' title='bbox 737 1754 832 1791; x_wconf 85' lang='lat' dir='ltr'>Oret.</span> <span class='ocrx_word' id='word_1_257' title='bbox 869 1753 990 1791; x_wconf 80' lang='grc'><strong>1182.</strong></span> 
     </span>
    </p>
   </div>
   <div class='ocr_carea' id='block_1_11' title="bbox 124 1826 1731 2351">
    <p class='ocr_par' dir='ltr' id='par_1_12' title="bbox 124 1826 1731 2351">
     <span class='ocr_line' id='line_1_27' title="bbox 269 1826 1728 1886; baseline 0.003 -18"><span class='ocrx_word' id='word_1_258' title='bbox 269 1831 390 1868; x_wconf 81' lang='grc'><strong>1597.</strong></span> <span class='ocrx_word' id='word_1_259' title='bbox 452 1829 495 1868; x_wconf 93' lang='grc' dir='ltr'>Τ.</span> <span class='ocrx_word' id='word_1_260' title='bbox 529 1827 759 1869; x_wconf 87' lang='lat' dir='ltr'>Cornasidio</span> <span class='ocrx_word' id='word_1_261' title='bbox 802 1829 845 1869; x_wconf 91' lang='lat' dir='ltr'>T.</span> <span class='ocrx_word' id='word_1_262' title='bbox 879 1829 919 1868; x_wconf 89' lang='lat' dir='ltr'>F.</span> <span class='ocrx_word' id='word_1_263' title='bbox 953 1826 1098 1883; x_wconf 86' lang='lat' dir='ltr'>Fab.⁷)</span> <span class='ocrx_word' id='word_1_264' title='bbox 1132 1829 1277 1871; x_wconf 85' lang='lat' dir='ltr'>Sanino</span> <span class='ocrx_word' id='word_1_265' title='bbox 1314 1830 1358 1871; x_wconf 94' lang='grc' dir='ltr'>Ε.</span> <span class='ocrx_word' id='word_1_266' title='bbox 1391 1831 1441 1871; x_wconf 89' lang='grc' dir='ltr'>Μ.</span> <span class='ocrx_word' id='word_1_267' title='bbox 1475 1831 1519 1871; x_wconf 92' lang='lat' dir='ltr'>V.</span> <span class='ocrx_word' id='word_1_268' title='bbox 1534 1828 1576 1886; x_wconf 75' lang='lat'>⁸)</span> <span class='ocrx_word' id='word_1_269' title='bbox 1614 1832 1728 1874; x_wconf 87' lang='lat' dir='ltr'>Proc.</span> 
     </span>
     <span class='ocr_line' id='line_1_28' title="bbox 124 1886 1728 1941; baseline 0.002 -13"><span class='ocrx_word' id='word_1_270' title='bbox 124 1886 231 1941; x_wconf 81' lang='lat' dir='ltr'>Aug.</span> <span class='ocrx_word' id='word_1_271' title='bbox 263 1887 408 1928; x_wconf 85' lang='lat' dir='ltr'>Daciae</span> <span class='ocrx_word' id='word_1_272' title='bbox 440 1887 651 1940; x_wconf 86' lang='lat' dir='ltr'>Apulensis</span> <span class='ocrx_word' id='word_1_273' title='bbox 687 1888 801 1928; x_wconf 85' lang='lat' dir='ltr'>Proc.</span> <span class='ocrx_word' id='word_1_274' title='bbox 844 1886 1001 1940; x_wconf 87' lang='lat' dir='ltr'>Alpium</span> <span class='ocrx_word' id='word_1_275' title='bbox 1042 1887 1304 1929; x_wconf 87' lang='lat' dir='ltr'>Atractianar.</span> <span class='ocrx_word' id='word_1_276' title='bbox 1337 1893 1376 1929; x_wconf 86' lang='lat' dir='ltr'>et</span> <span class='ocrx_word' id='word_1_277' title='bbox 1417 1890 1621 1931; x_wconf 89' lang='lat' dir='ltr'>Poeninar.</span> <span class='ocrx_word' id='word_1_278' title='bbox 1655 1892 1728 1932; x_wconf 89' lang='lat' dir='ltr'>iur.</span> 
     </span>
     <span class='ocr_line' id='line_1_29' title="bbox 129 1942 1727 2000; baseline 0.003 -14"><span class='ocrx_word' id='word_1_279' title='bbox 129 1946 262 2000; x_wconf 82' lang='lat' dir='ltr'>gladii,</span> <span class='ocrx_word' id='word_1_280' title='bbox 295 1946 505 1999; x_wconf 83' lang='lat' dir='ltr'>Subpraef.</span> <span class='ocrx_word' id='word_1_281' title='bbox 537 1947 652 1986; x_wconf 88' lang='lat' dir='ltr'>class.</span> <span class='ocrx_word' id='word_1_282' title='bbox 685 1946 746 1986; x_wconf 91' lang='lat' dir='ltr'>Pr.</span> <span class='ocrx_word' id='word_1_283' title='bbox 778 1942 980 1999; x_wconf 76' lang='lat' dir='ltr'>Raven.⁹)</span> <span class='ocrx_word' id='word_1_284' title='bbox 1013 1946 1138 1986; x_wconf 85' lang='lat' dir='ltr'>Praef.</span> <span class='ocrx_word' id='word_1_285' title='bbox 1171 1946 1256 1987; x_wconf 89' lang='lat' dir='ltr'>alae</span> <span class='ocrx_word' id='word_1_286' title='bbox 1287 1951 1412 1988; x_wconf 88' lang='lat' dir='ltr'>veter.</span> <span class='ocrx_word' id='word_1_287' title='bbox 1443 1948 1587 1989; x_wconf 90' lang='lat' dir='ltr'>Gallor.</span> <span class='ocrx_word' id='word_1_288' title='bbox 1621 1949 1727 1990; x_wconf 90' lang='lat' dir='ltr'>Trib.</span> 
     </span>
     <span class='ocr_line' id='line_1_30' title="bbox 125 2001 1728 2059; baseline 0.002 -15"><span class='ocrx_word' id='word_1_289' title='bbox 125 2005 204 2059; x_wconf 84' lang='lat' dir='ltr'>leg.</span> <span class='ocrx_word' id='word_1_290' title='bbox 236 2004 279 2045; x_wconf 86' lang='lat' dir='ltr'>ll.</span> <span class='ocrx_word' id='word_1_291' title='bbox 311 2004 414 2059; x_wconf 84' lang='lat' dir='ltr'>Aug.</span> <span class='ocrx_word' id='word_1_292' title='bbox 446 2004 576 2045; x_wconf 86' lang='lat' dir='ltr'>Praef.</span> <span class='ocrx_word' id='word_1_293' title='bbox 608 2005 695 2045; x_wconf 87' lang='lat' dir='ltr'>coh.</span> <span class='ocrx_word' id='word_1_294' title='bbox 727 2003 753 2045; x_wconf 95' lang='lat' dir='ltr'>I.</span> <span class='ocrx_word' id='word_1_295' title='bbox 785 2004 906 2045; x_wconf 89' lang='lat' dir='ltr'>Mont.</span> <span class='ocrx_word' id='word_1_296' title='bbox 928 2001 984 2058; x_wconf 88' lang='lat'>¹⁰)</span> <span class='ocrx_word' id='word_1_297' title='bbox 1018 2005 1058 2045; x_wconf 93' lang='lat' dir='ltr'>P.</span> <span class='ocrx_word' id='word_1_298' title='bbox 1092 2002 1207 2059; x_wconf 57' lang='lat'>(2¹¹)</span> <span class='ocrx_word' id='word_1_299' title='bbox 1240 2005 1393 2059; x_wconf 82' lang='lat' dir='ltr'>Auguri</span> <span class='ocrx_word' id='word_1_300' title='bbox 1435 2006 1550 2047; x_wconf 89' lang='lat' dir='ltr'>Laur.</span> <span class='ocrx_word' id='word_1_301' title='bbox 1592 2007 1728 2049; x_wconf 91' lang='lat' dir='ltr'>Lavin.</span> 
     </span>
     <span class='ocr_line' id='line_1_31' title="bbox 125 2061 1727 2121; baseline 0.002 -17"><span class='ocrx_word' id='word_1_302' title='bbox 125 2062 226 2105; x_wconf 89' lang='lat' dir='ltr'>Aed.</span> <span class='ocrx_word' id='word_1_303' title='bbox 256 2063 288 2103; x_wconf 91' lang='grc' dir='ltr'>ΙΙ</span> <span class='ocrx_word' id='word_1_304' title='bbox 320 2064 391 2104; x_wconf 86' lang='lat' dir='ltr'>vir.</span> <span class='ocrx_word' id='word_1_305' title='bbox 423 2064 468 2112; x_wconf 88' lang='lat' dir='ltr'>O.</span> <span class='ocrx_word' id='word_1_306' title='bbox 502 2064 548 2112; x_wconf 83' lang='lat' dir='ltr'>Q.</span> <span class='ocrx_word' id='word_1_307' title='bbox 579 2064 620 2104; x_wconf 91' lang='lat' dir='ltr'>P.</span> <span class='ocrx_word' id='word_1_308' title='bbox 651 2061 766 2119; x_wconf 74' lang='lat' dir='ltr'>P.¹‘·’)</span> <span class='ocrx_word' id='word_1_309' title='bbox 801 2063 969 2117; x_wconf 80' lang='lat' dir='ltr'>collegia</span> <span class='ocrx_word' id='word_1_310' title='bbox 1000 2063 1153 2104; x_wconf 85' lang='lat' dir='ltr'>fabrum</span> <span class='ocrx_word' id='word_1_311' title='bbox 1187 2069 1344 2105; x_wconf 86' lang='lat' dir='ltr'>centon.</span> <span class='ocrx_word' id='word_1_312' title='bbox 1387 2063 1727 2121; x_wconf 76' lang='lat' dir='ltr'>dendrophor.¹³)</span> 
     </span>
     <span class='ocr_line' id='line_1_32' title="bbox 126 2120 1728 2178; baseline 0.002 -16"><span class='ocrx_word' id='word_1_313' title='bbox 126 2123 165 2162; x_wconf 93' lang='lat' dir='ltr'>in</span> <span class='ocrx_word' id='word_1_314' title='bbox 198 2122 388 2164; x_wconf 87' lang='lat' dir='ltr'>bonorem</span> <span class='ocrx_word' id='word_1_315' title='bbox 421 2123 464 2163; x_wconf 90' lang='lat' dir='ltr'>T.</span> <span class='ocrx_word' id='word_1_316' title='bbox 496 2120 727 2176; x_wconf 86' lang='lat' dir='ltr'>[Cornasidii</span> <span class='ocrx_word' id='word_1_317' title='bbox 769 2123 942 2163; x_wconf 88' lang='lat' dir='ltr'>Vesenni</span> <span class='ocrx_word' id='word_1_318' title='bbox 983 2122 1193 2163; x_wconf 80' lang='lat' dir='ltr'>Clementis</span> <span class='ocrx_word' id='word_1_319' title='bbox 1234 2122 1301 2162; x_wconf 89' lang='lat' dir='ltr'>filii</span> <span class='ocrx_word' id='word_1_320' title='bbox 1342 2125 1425 2164; x_wconf 91' lang='lat' dir='ltr'>eius</span> <span class='ocrx_word' id='word_1_321' title='bbox 1466 2124 1579 2176; x_wconf 91' lang='lat' dir='ltr'>Equo</span> <span class='ocrx_word' id='word_1_322' title='bbox 1620 2125 1728 2178; x_wconf 89' lang='lat' dir='ltr'>publ.</span> 
     </span>
     <span class='ocr_line' id='line_1_33' title="bbox 126 2178 1731 2235; baseline 0.002 -14"><span class='ocrx_word' id='word_1_323' title='bbox 126 2180 244 2221; x_wconf 90' lang='lat' dir='ltr'>Laur.</span> <span class='ocrx_word' id='word_1_324' title='bbox 274 2181 409 2222; x_wconf 89' lang='lat' dir='ltr'>Lavin.</span> <span class='ocrx_word' id='word_1_325' title='bbox 430 2178 484 2235; x_wconf 69' lang='lat'>¹⁴)</span> <span class='ocrx_word' id='word_1_326' title='bbox 517 2181 675 2222; x_wconf 90' lang='lat' dir='ltr'>Patroni</span> <span class='ocrx_word' id='word_1_327' title='bbox 705 2181 828 2234; x_wconf 87' lang='lat' dir='ltr'>plebis</span> <span class='ocrx_word' id='word_1_328' title='bbox 860 2185 900 2221; x_wconf 88' lang='lat' dir='ltr'>et</span> <span class='ocrx_word' id='word_1_329' title='bbox 931 2180 1214 2235; x_wconf 81' lang='lat' dir='ltr'>collegiorum,</span> <span class='ocrx_word' id='word_1_330' title='bbox 1255 2181 1320 2234; x_wconf 86' lang='lat' dir='ltr'>qui</span> <span class='ocrx_word' id='word_1_331' title='bbox 1353 2182 1402 2222; x_wconf 86' lang='lat' dir='ltr'>ab</span> <span class='ocrx_word' id='word_1_332' title='bbox 1433 2182 1526 2235; x_wconf 90' lang='lat' dir='ltr'>ipsis</span> <span class='ocrx_word' id='word_1_333' title='bbox 1558 2183 1731 2224; x_wconf 90' lang='lat' dir='ltr'>oblatum</span> 
     </span>
     <span class='ocr_line' id='line_1_34' title="bbox 127 2240 1730 2293; baseline 0.002 -12"><span class='ocrx_word' id='word_1_334' title='bbox 127 2240 202 2281; x_wconf 89' lang='lat' dir='ltr'>sibi</span> <span class='ocrx_word' id='word_1_335' title='bbox 233 2240 424 2281; x_wconf 90' lang='lat' dir='ltr'>honorem</span> <span class='ocrx_word' id='word_1_336' title='bbox 456 2245 611 2281; x_wconf 85' lang='lat' dir='ltr'>statuae</span> <span class='ocrx_word' id='word_1_337' title='bbox 655 2241 692 2280; x_wconf 93' lang='lat' dir='ltr'>in</span> <span class='ocrx_word' id='word_1_338' title='bbox 726 2241 846 2293; x_wconf 90' lang='lat' dir='ltr'>patris</span> <span class='ocrx_word' id='word_1_339' title='bbox 886 2242 945 2280; x_wconf 90' lang='lat' dir='ltr'>sui</span> <span class='ocrx_word' id='word_1_340' title='bbox 978 2253 1120 2281; x_wconf 87' lang='lat' dir='ltr'>nomen</span> <span class='ocrx_word' id='word_1_341' title='bbox 1162 2241 1471 2293; x_wconf 87' lang='lat' dir='ltr'>memoriamque</span> <span class='ocrx_word' id='word_1_342' title='bbox 1504 2243 1730 2284; x_wconf 84' lang='lat' dir='ltr'>transmisit.</span> 
     </span>
     <span class='ocr_line' id='line_1_35' title="bbox 130 2300 1575 2351; baseline 0.001 -13"><span class='ocrx_word' id='word_1_343' title='bbox 130 2322 181 2328; x_wconf 93' lang='lat'>——-</span> <span class='ocrx_word' id='word_1_344' title='bbox 213 2301 328 2338; x_wconf 90' lang='lat' dir='ltr'>Firmi.</span> <span class='ocrx_word' id='word_1_345' title='bbox 359 2302 467 2338; x_wconf 84' lang='lat' dir='ltr'>More.</span> <span class='ocrx_word' id='word_1_346' title='bbox 500 2301 565 2350; x_wconf 88' lang='lat' dir='ltr'>Op.</span> <span class='ocrx_word' id='word_1_347' title='bbox 598 2302 639 2338; x_wconf 87' lang='grc' dir='ltr'><strong>ΙΙ.</strong></span> <span class='ocrx_word' id='word_1_348' title='bbox 671 2314 705 2350; x_wconf 90' lang='lat' dir='ltr'>p.</span> <span class='ocrx_word' id='word_1_349' title='bbox 739 2301 803 2338; x_wconf 81' lang='lat'>62.</span> <span class='ocrx_word' id='word_1_350' title='bbox 842 2301 970 2338; x_wconf 86' lang='lat' dir='ltr'>Annal.</span> <span class='ocrx_word' id='word_1_351' title='bbox 1002 2302 1160 2338; x_wconf 87' lang='lat' dir='ltr'>archeol.</span> <span class='ocrx_word' id='word_1_352' title='bbox 1197 2300 1319 2338; x_wconf 81' lang='lat'>1839.</span> <span class='ocrx_word' id='word_1_353' title='bbox 1350 2302 1410 2338; x_wconf 92' lang='lat' dir='ltr'>XI.</span> <span class='ocrx_word' id='word_1_354' title='bbox 1441 2315 1475 2351; x_wconf 92' lang='lat' dir='ltr'>p.</span> <span class='ocrx_word' id='word_1_355' title='bbox 1508 2302 1575 2340; x_wconf 80' lang='lat'>42.</span> 
     </span>
    </p>
   </div>
   <div class='ocr_carea' id='block_1_12' title="bbox 127 2371 1734 2547">
    <p class='ocr_par' dir='ltr' id='par_1_13' title="bbox 127 2371 1734 2547">
     <span class='ocr_line' id='line_1_36' title="bbox 272 2371 1732 2431; baseline 0.002 -17"><span class='ocrx_word' id='word_1_356' title='bbox 272 2377 394 2414; x_wconf 80' lang='lat'>1598.</span> <span class='ocrx_word' id='word_1_357' title='bbox 455 2375 548 2417; x_wconf 81' lang='lat' dir='ltr'>Sex.</span> <span class='ocrx_word' id='word_1_358' title='bbox 584 2375 769 2415; x_wconf 89' lang='lat' dir='ltr'>Cornelio</span> <span class='ocrx_word' id='word_1_359' title='bbox 802 2375 893 2416; x_wconf 81' lang='lat' dir='ltr'>Sex.</span> <span class='ocrx_word' id='word_1_360' title='bbox 917 2375 957 2415; x_wconf 94' lang='lat' dir='ltr'>F.</span> <span class='ocrx_word' id='word_1_361' title='bbox 981 2371 1150 2429; x_wconf 79' lang='lat' dir='ltr'>A1·n.¹⁵)</span> <span class='ocrx_word' id='word_1_362' title='bbox 1182 2374 1349 2426; x_wconf 82' lang='lat' dir='ltr'>Dextro,</span> <span class='ocrx_word' id='word_1_363' title='bbox 1380 2373 1569 2431; x_wconf 74' lang='lat' dir='ltr'>Proc.⁴⁶)</span> <span class='ocrx_word' id='word_1_364' title='bbox 1609 2375 1732 2418; x_wconf 88' lang='lat' dir='ltr'>Asiae</span> 
     </span>
     <span class='ocr_line' id='line_1_37' title="bbox 127 2431 1731 2487; baseline 0 -12"><span class='ocrx_word' id='word_1_365' title='bbox 127 2433 298 2476; x_wconf 86' lang='lat' dir='ltr'>Iuridico</span> <span class='ocrx_word' id='word_1_366' title='bbox 334 2433 612 2474; x_wconf 87' lang='lat' dir='ltr'>Alexandreae</span> <span class='ocrx_word' id='word_1_367' title='bbox 643 2434 755 2474; x_wconf 90' lang='lat' dir='ltr'>Proc.</span> <span class='ocrx_word' id='word_1_368' title='bbox 775 2431 833 2487; x_wconf 73' lang='lat'>³⁷)</span> <span class='ocrx_word' id='word_1_369' title='bbox 867 2433 1112 2486; x_wconf 86' lang='lat' dir='ltr'>Neaspoleos</span> <span class='ocrx_word' id='word_1_370' title='bbox 1145 2437 1182 2473; x_wconf 89' lang='lat' dir='ltr'>et</span> <span class='ocrx_word' id='word_1_371' title='bbox 1213 2432 1432 2485; x_wconf 85' lang='lat' dir='ltr'>Mausolei,</span> <span class='ocrx_word' id='word_1_372' title='bbox 1463 2434 1589 2475; x_wconf 83' lang='lat' dir='ltr'>Praef.</span> <span class='ocrx_word' id='word_1_373' title='bbox 1621 2435 1731 2476; x_wconf 90' lang='lat' dir='ltr'>clas-</span> 
     </span>
     <span class='ocr_line' id='line_1_38' title="bbox 129 2489 1734 2547; baseline 0.001 -13"><span class='ocrx_word' id='word_1_374' title='bbox 129 2492 184 2534; x_wconf 92' lang='lat' dir='ltr'>sis</span> <span class='ocrx_word' id='word_1_375' title='bbox 215 2505 297 2534; x_wconf 91' lang='lat' dir='ltr'>sur.</span> <span class='ocrx_word' id='word_1_376' title='bbox 317 2489 374 2547; x_wconf 63' lang='grc'><strong>18)</strong></span> <span class='ocrx_word' id='word_1_377' title='bbox 408 2492 520 2533; x_wconf 86' lang='lat' dir='ltr'>donis</span> <span class='ocrx_word' id='word_1_378' title='bbox 561 2492 754 2534; x_wconf 87' lang='lat' dir='ltr'>militarib.</span> <span class='ocrx_word' id='word_1_379' title='bbox 788 2492 933 2534; x_wconf 87' lang='lat' dir='ltr'>donato</span> <span class='ocrx_word' id='word_1_380' title='bbox 956 2505 977 2533; x_wconf 90' lang='lat' dir='ltr'>a</span> <span class='ocrx_word' id='word_1_381' title='bbox 997 2491 1085 2533; x_wconf 85' lang='lat' dir='ltr'>divo</span> <span class='ocrx_word' id='word_1_382' title='bbox 1117 2491 1315 2533; x_wconf 88' lang='lat' dir='ltr'>Hadriano</span> <span class='ocrx_word' id='word_1_383' title='bbox 1348 2493 1398 2534; x_wconf 92' lang='lat' dir='ltr'>ob</span> <span class='ocrx_word' id='word_1_384' title='bbox 1430 2493 1571 2535; x_wconf 91' lang='lat' dir='ltr'>bellum</span> <span class='ocrx_word' id='word_1_385' title='bbox 1601 2493 1734 2536; x_wconf 88' lang='lat' dir='ltr'>iudai-</span> 
     </span>
    </p>
   </div>
   <div class='ocr_carea' id='block_1_13' title="bbox 130 2607 1729 3031">
    <p class='ocr_par' dir='ltr' id='par_1_14' title="bbox 130 2607 1729 3031">
     <span class='ocr_line' id='line_1_39' title="bbox 271 2607 1729 2656; baseline 0.001 -12"><span class='ocrx_word' id='word_1_386' title='bbox 271 2608 307 2654; x_wconf 86' lang='lat'>1)</span> <span class='ocrx_word' id='word_1_387' title='bbox 335 2610 487 2655; x_wconf 87' lang='lat' dir='ltr'>Equilina</span> <span class='ocrx_word' id='word_1_388' title='bbox 512 2611 614 2644; x_wconf 85' lang='lat' dir='ltr'>tribu.</span> <span class='ocrx_word' id='word_1_389' title='bbox 639 2629 684 2634; x_wconf 92' lang='lat'>—</span> <span class='ocrx_word' id='word_1_390' title='bbox 709 2609 747 2651; x_wconf 85' lang='lat'>2)</span> <span class='ocrx_word' id='word_1_391' title='bbox 774 2610 1020 2656; x_wconf 86' lang='lat' dir='ltr'>Quinquennali</span> <span class='ocrx_word' id='word_1_392' title='bbox 1047 2611 1191 2643; x_wconf 89' lang='lat' dir='ltr'>tertium.</span> <span class='ocrx_word' id='word_1_393' title='bbox 1219 2627 1255 2633; x_wconf 88' lang='lat'>--</span> <span class='ocrx_word' id='word_1_394' title='bbox 1287 2607 1325 2653; x_wconf 88' lang='lat'>3)</span> <span class='ocrx_word' id='word_1_395' title='bbox 1352 2612 1468 2644; x_wconf 87' lang='lat' dir='ltr'>nostri.</span> <span class='ocrx_word' id='word_1_396' title='bbox 1494 2626 1535 2634; x_wconf 83' lang='lat'>—-</span> <span class='ocrx_word' id='word_1_397' title='bbox 1567 2608 1604 2653; x_wconf 88' lang='lat'>5)</span> <span class='ocrx_word' id='word_1_398' title='bbox 1630 2611 1729 2646; x_wconf 86' lang='lat' dir='ltr'>alvei.</span> 
     </span>
     <span class='ocr_line' id='line_1_40' title="bbox 131 2655 1728 2702; baseline 0.001 -11"><span class='ocrx_word' id='word_1_399' title='bbox 131 2657 269 2692; x_wconf 81' lang='lat' dir='ltr'>Tiberis.</span> <span class='ocrx_word' id='word_1_400' title='bbox 301 2675 336 2680; x_wconf 90' lang='lat'>—</span> <span class='ocrx_word' id='word_1_401' title='bbox 365 2659 403 2699; x_wconf 87' lang='grc'><strong>5)</strong></span> <span class='ocrx_word' id='word_1_402' title='bbox 427 2664 533 2691; x_wconf 85' lang='lat' dir='ltr'>statua</span> <span class='ocrx_word' id='word_1_403' title='bbox 561 2658 693 2702; x_wconf 87' lang='lat' dir='ltr'>publice</span> <span class='ocrx_word' id='word_1_404' title='bbox 717 2660 834 2702; x_wconf 85' lang='lat' dir='ltr'>posita.</span> <span class='ocrx_word' id='word_1_405' title='bbox 859 2674 903 2680; x_wconf 92' lang='lat'>-—</span> <span class='ocrx_word' id='word_1_406' title='bbox 930 2656 966 2700; x_wconf 85' lang='lat'>6)</span> <span class='ocrx_word' id='word_1_407' title='bbox 985 2659 1042 2690; x_wconf 88' lang='lat' dir='ltr'>sic.</span> <span class='ocrx_word' id='word_1_408' title='bbox 1070 2673 1111 2678; x_wconf 91' lang='lat'>—-</span> <span class='ocrx_word' id='word_1_409' title='bbox 1139 2657 1176 2699; x_wconf 87' lang='grc'><strong>7)</strong></span> <span class='ocrx_word' id='word_1_410' title='bbox 1194 2656 1295 2691; x_wconf 89' lang='lat' dir='ltr'>Fabia</span> <span class='ocrx_word' id='word_1_411' title='bbox 1314 2658 1411 2692; x_wconf 88' lang='lat' dir='ltr'>tribu.</span> <span class='ocrx_word' id='word_1_412' title='bbox 1440 2674 1480 2680; x_wconf 88' lang='lat'>—-</span> <span class='ocrx_word' id='word_1_413' title='bbox 1506 2655 1544 2699; x_wconf 89' lang='grc'><strong>8)</strong></span> <span class='ocrx_word' id='word_1_414' title='bbox 1564 2659 1728 2700; x_wconf 71' lang='lat' dir='ltr'>egregiae</span> 
     </span>
     <span class='ocr_line' id='line_1_41' title="bbox 130 2704 1727 2750; baseline 0 -12"><span class='ocrx_word' id='word_1_415' title='bbox 130 2709 313 2738; x_wconf 85' lang='lat' dir='ltr'>memoriae</span> <span class='ocrx_word' id='word_1_416' title='bbox 338 2706 421 2738; x_wconf 82' lang='lat' dir='ltr'>viro.</span> <span class='ocrx_word' id='word_1_417' title='bbox 449 2723 490 2727; x_wconf 90' lang='lat'>—</span> <span class='ocrx_word' id='word_1_418' title='bbox 517 2704 555 2747; x_wconf 79' lang='lat'>9)</span> <span class='ocrx_word' id='word_1_419' title='bbox 581 2705 818 2750; x_wconf 82' lang='lat' dir='ltr'>subpraefecto</span> <span class='ocrx_word' id='word_1_420' title='bbox 844 2705 959 2738; x_wconf 71' lang='lat' dir='ltr'>classis</span> <span class='ocrx_word' id='word_1_421' title='bbox 983 2705 1172 2748; x_wconf 83' lang='lat' dir='ltr'>praetoriae</span> <span class='ocrx_word' id='word_1_422' title='bbox 1199 2704 1415 2738; x_wconf 84' lang='lat' dir='ltr'>Ravenensis.</span> <span class='ocrx_word' id='word_1_423' title='bbox 1442 2723 1483 2728; x_wconf 93' lang='lat'>—</span> <span class='ocrx_word' id='word_1_424' title='bbox 1512 2705 1572 2746; x_wconf 83' lang='lat'>10)</span> <span class='ocrx_word' id='word_1_425' title='bbox 1592 2704 1727 2739; x_wconf 84' lang='lat' dir='ltr'>Monta-</span> 
     </span>
     <span class='ocr_line' id='line_1_42' title="bbox 131 2750 1725 2796; baseline 0.001 -11"><span class='ocrx_word' id='word_1_426' title='bbox 131 2762 259 2785; x_wconf 82' lang='lat' dir='ltr'>norum.</span> <span class='ocrx_word' id='word_1_427' title='bbox 285 2769 330 2775; x_wconf 88' lang='lat'>—</span> <span class='ocrx_word' id='word_1_428' title='bbox 357 2750 415 2794; x_wconf 87' lang='lat'>11)</span> <span class='ocrx_word' id='word_1_429' title='bbox 443 2754 516 2796; x_wconf 87' lang='lat' dir='ltr'>piae</span> <span class='ocrx_word' id='word_1_430' title='bbox 542 2758 732 2785; x_wconf 81' lang='lat' dir='ltr'>constantis.</span> <span class='ocrx_word' id='word_1_431' title='bbox 764 2770 798 2775; x_wconf 93' lang='lat'>—</span> <span class='ocrx_word' id='word_1_432' title='bbox 830 2752 888 2793; x_wconf 80' lang='lat'>12)</span> <span class='ocrx_word' id='word_1_433' title='bbox 915 2751 1112 2793; x_wconf 82' lang='lat' dir='ltr'>Quaestori,</span> <span class='ocrx_word' id='word_1_434' title='bbox 1146 2750 1410 2796; x_wconf 81' lang='lat' dir='ltr'>Quinqueunati,</span> <span class='ocrx_word' id='word_1_435' title='bbox 1437 2752 1581 2785; x_wconf 88' lang='lat' dir='ltr'>Patrono</span> <span class='ocrx_word' id='word_1_436' title='bbox 1607 2752 1725 2796; x_wconf 87' lang='lat' dir='ltr'>plebis.</span> 
     </span>
     <span class='ocr_line' id='line_1_43' title="bbox 133 2795 1726 2843; baseline 0.001 -11"><span class='ocrx_word' id='word_1_437' title='bbox 133 2816 174 2822; x_wconf 89' lang='lat'>-—</span> <span class='ocrx_word' id='word_1_438' title='bbox 202 2797 262 2841; x_wconf 77' lang='lat'>13)</span> <span class='ocrx_word' id='word_1_439' title='bbox 289 2801 562 2832; x_wconf 85' lang='lat' dir='ltr'>centonariorum</span> <span class='ocrx_word' id='word_1_440' title='bbox 589 2799 915 2843; x_wconf 85' lang='lat' dir='ltr'>dendrophororum.</span> <span class='ocrx_word' id='word_1_441' title='bbox 950 2815 990 2820; x_wconf 88' lang='lat'>—-</span> <span class='ocrx_word' id='word_1_442' title='bbox 1028 2795 1085 2838; x_wconf 84' lang='grc'>14)</span> <span class='ocrx_word' id='word_1_443' title='bbox 1111 2797 1270 2831; x_wconf 85' lang='lat' dir='ltr'>laurentis</span> <span class='ocrx_word' id='word_1_444' title='bbox 1297 2798 1458 2831; x_wconf 82' lang='lat' dir='ltr'>lavinatis.</span> <span class='ocrx_word' id='word_1_445' title='bbox 1494 2817 1534 2822; x_wconf 91' lang='lat'>—</span> <span class='ocrx_word' id='word_1_446' title='bbox 1573 2797 1632 2841; x_wconf 90' lang='lat'>15)</span> <span class='ocrx_word' id='word_1_447' title='bbox 1659 2801 1726 2833; x_wconf 75' lang='lat' dir='ltr'>Ar-</span> 
     </span>
     <span class='ocr_line' id='line_1_44' title="bbox 133 2844 1726 2890; baseline 0.001 -12"><span class='ocrx_word' id='word_1_448' title='bbox 133 2846 236 2879; x_wconf 86' lang='lat' dir='ltr'>niensi</span> <span class='ocrx_word' id='word_1_449' title='bbox 263 2846 362 2880; x_wconf 81' lang='lat' dir='ltr'>tribu.</span> <span class='ocrx_word' id='word_1_450' title='bbox 390 2864 424 2869; x_wconf 91' lang='lat'>—</span> <span class='ocrx_word' id='word_1_451' title='bbox 451 2844 510 2888; x_wconf 89' lang='lat'>16)</span> <span class='ocrx_word' id='word_1_452' title='bbox 530 2846 730 2889; x_wconf 82' lang='lat' dir='ltr'>proconsuli.</span> <span class='ocrx_word' id='word_1_453' title='bbox 751 2864 793 2869; x_wconf 93' lang='lat'>—</span> <span class='ocrx_word' id='word_1_454' title='bbox 814 2846 873 2887; x_wconf 84' lang='grc'>17)</span> <span class='ocrx_word' id='word_1_455' title='bbox 892 2844 1113 2889; x_wconf 84' lang='lat' dir='ltr'>procuratori.</span> <span class='ocrx_word' id='word_1_456' title='bbox 1140 2844 1299 2889; x_wconf 82' lang='lat' dir='ltr'>Neapolis</span> <span class='ocrx_word' id='word_1_457' title='bbox 1318 2844 1531 2887; x_wconf 73' lang='lat' dir='ltr'>intelligenda</span> <span class='ocrx_word' id='word_1_458' title='bbox 1550 2851 1601 2879; x_wconf 87' lang='lat' dir='ltr'>est</span> <span class='ocrx_word' id='word_1_459' title='bbox 1617 2848 1726 2890; x_wconf 84' lang='lat' dir='ltr'>regio.</span> 
     </span>
     <span class='ocr_line' id='line_1_45' title="bbox 135 2891 1725 2936; baseline 0.001 -12"><span class='ocrx_word' id='word_1_460' title='bbox 135 2894 221 2925; x_wconf 82' lang='lat' dir='ltr'>urcis</span> <span class='ocrx_word' id='word_1_461' title='bbox 247 2893 472 2926; x_wconf 81' lang='lat' dir='ltr'>Alexandriae</span> <span class='ocrx_word' id='word_1_462' title='bbox 499 2899 533 2925; x_wconf 83' lang='lat' dir='ltr'>et</span> <span class='ocrx_word' id='word_1_463' title='bbox 559 2893 764 2926; x_wconf 83' lang='lat' dir='ltr'>mausoleum</span> <span class='ocrx_word' id='word_1_464' title='bbox 792 2899 841 2925; x_wconf 82' lang='lat' dir='ltr'>est</span> <span class='ocrx_word' id='word_1_465' title='bbox 867 2892 1135 2926; x_wconf 85' lang='lat' dir='ltr'>Ptolemaeorum</span> <span class='ocrx_word' id='word_1_466' title='bbox 1163 2891 1296 2925; x_wconf 82' lang='lat' dir='ltr'>ibidem.</span> <span class='ocrx_word' id='word_1_467' title='bbox 1333 2908 1374 2913; x_wconf 92' lang='lat'>—</span> <span class='ocrx_word' id='word_1_468' title='bbox 1405 2891 1461 2934; x_wconf 84' lang='lat'>18)</span> <span class='ocrx_word' id='word_1_469' title='bbox 1487 2893 1651 2936; x_wconf 83' lang='lat' dir='ltr'>scriptura</span> <span class='ocrx_word' id='word_1_470' title='bbox 1677 2896 1725 2926; x_wconf 83' lang='lat' dir='ltr'>ti-</span> 
     </span>
     <span class='ocr_line' id='line_1_46' title="bbox 133 2938 1725 2985; baseline 0.003 -15"><span class='ocrx_word' id='word_1_471' title='bbox 133 2938 192 2971; x_wconf 83' lang='lat' dir='ltr'>tuli</span> <span class='ocrx_word' id='word_1_472' title='bbox 218 2949 284 2972; x_wconf 83' lang='lat' dir='ltr'>non</span> <span class='ocrx_word' id='word_1_473' title='bbox 310 2941 388 2972; x_wconf 86' lang='lat' dir='ltr'>satis</span> <span class='ocrx_word' id='word_1_474' title='bbox 413 2939 501 2972; x_wconf 76' lang='lat' dir='ltr'>clara</span> <span class='ocrx_word' id='word_1_475' title='bbox 528 2939 664 2972; x_wconf 85' lang='lat' dir='ltr'>exbibet</span> <span class='ocrx_word' id='word_1_476' title='bbox 687 2951 752 2973; x_wconf 85' lang='lat' dir='ltr'>sur.</span> <span class='ocrx_word' id='word_1_477' title='bbox 781 2939 834 2972; x_wconf 84' lang='lat' dir='ltr'>vel</span> <span class='ocrx_word' id='word_1_478' title='bbox 860 2950 926 2979; x_wconf 80' lang='lat' dir='ltr'>syr.</span> <span class='ocrx_word' id='word_1_479' title='bbox 944 2939 962 2970; x_wconf 76' lang='grc' dir='ltr'>ἰ,</span> <span class='ocrx_word' id='word_1_480' title='bbox 983 2949 1010 2971; x_wconf 89' lang='lat' dir='ltr'>e.</span> <span class='ocrx_word' id='word_1_481' title='bbox 1030 2939 1192 2981; x_wconf 80' lang='lat' dir='ltr'>syriacae.</span> <span class='ocrx_word' id='word_1_482' title='bbox 1210 2939 1386 2983; x_wconf 85' lang='lat' dir='ltr'>Reperitur</span> <span class='ocrx_word' id='word_1_483' title='bbox 1403 2941 1502 2973; x_wconf 87' lang='lat' dir='ltr'>etiam</span> <span class='ocrx_word' id='word_1_484' title='bbox 1521 2939 1603 2973; x_wconf 83' lang='lat' dir='ltr'>alias</span> <span class='ocrx_word' id='word_1_485' title='bbox 1619 2950 1725 2985; x_wconf 83' lang='lat' dir='ltr'>prae-</span> 
     </span>
     <span class='ocr_line' id='line_1_47' title="bbox 135 2983 1566 3031; baseline 0.001 -13"><span class='ocrx_word' id='word_1_486' title='bbox 135 2983 242 3019; x_wconf 82' lang='lat' dir='ltr'>fectus</span> <span class='ocrx_word' id='word_1_487' title='bbox 267 2985 382 3021; x_wconf 85' lang='lat' dir='ltr'>classis</span> <span class='ocrx_word' id='word_1_488' title='bbox 406 2987 571 3031; x_wconf 77' lang='lat' dir='ltr'>syriacae.</span> <span class='ocrx_word' id='word_1_489' title='bbox 597 2984 685 3021; x_wconf 91' lang='lat' dir='ltr'>Orel.</span> <span class='ocrx_word' id='word_1_490' title='bbox 711 2984 812 3021; x_wconf 83' lang='lat'>3604.</span> <span class='ocrx_word' id='word_1_491' title='bbox 839 2985 939 3030; x_wconf 84' lang='lat' dir='ltr'>Apud</span> <span class='ocrx_word' id='word_1_492' title='bbox 963 2984 1092 3019; x_wconf 86' lang='lat' dir='ltr'>Clarae.</span> <span class='ocrx_word' id='word_1_493' title='bbox 1117 2992 1168 3020; x_wconf 76' lang='lat' dir='ltr'>est</span> <span class='ocrx_word' id='word_1_494' title='bbox 1191 2997 1260 3031; x_wconf 81' lang='lat' dir='ltr'>sup.</span> <span class='ocrx_word' id='word_1_495' title='bbox 1286 2987 1307 3020; x_wconf 89' lang='lat' dir='ltr'>i.</span> <span class='ocrx_word' id='word_1_496' title='bbox 1325 2997 1355 3020; x_wconf 87' lang='lat' dir='ltr'>e.</span> <span class='ocrx_word' id='word_1_497' title='bbox 1372 2987 1566 3030; x_wconf 84' lang='lat' dir='ltr'>superioris.</span> 
     </span>
    </p>
   </div>
  </div>
 </body>
</html>
