1877 3313
446 178 477 219 §.
504 179 536 212 3.
586 178 766 223 Appendix
791 178 905 223 legum
930 184 964 212 et
989 179 1366 215 senatusconsultorum.
1618 181 1704 225 305

90 285 234 338 quibus
276 284 567 339 apparitoribus
611 297 664 326 ex
694 285 771 326 boc
801 297 834 326 5.
867 298 899 325 c.
945 287 1196 328 curatoribus
1236 300 1427 341 aquarum
1467 288 1522 328 uti
1551 288 1707 341 liceret,

91 356 165 385 eos
197 343 336 384 diebus
368 344 405 384 X
435 345 642 397 proximis,
675 345 816 397 quibus
849 344 885 385 S.
919 344 958 384 G.
990 344 1134 385 sactum
1168 352 1289 399 esset,
1321 347 1369 388 ad
1401 348 1597 389 aerarium
1629 347 1706 389 de-

90 402 245 444 ferrent
257 416 269 452 3
313 403 460 456 quique
503 404 555 444 ita
597 403 714 443 delati
746 408 904 455 essent,
947 404 993 444 iis
1024 409 1233 457 praetores
1276 407 1419 446 aerarii
1460 406 1707 458 mercedem,

90 462 237 502 cibaria
270 466 416 514 quanta
448 461 640 515 praefecti
672 461 873 503 frumento
907 461 1036 503 dando
1069 463 1164 503 dare
1196 463 1438 518 deferreque
1461 465 1605 518 solent,
1630 478 1707 506 an-

90 533 170 561 nua
203 521 344 561 darent
386 525 425 561 ct
467 520 762 571 adtribuerent,
806 522 932 574 iisque
975 534 1043 562 eas
1084 524 1271 575 pecunias
1310 525 1396 564 sinc
1433 524 1573 565 fraude
1611 537 1707 566 suas

90 579 225 620 facere
256 580 407 620 liceret.
471 580 612 632 Utique
646 581 799 621 tabulas
832 581 987 620 chartas
1021 586 1248 635 ceteraque,
1282 595 1384 636 quae
1417 584 1502 623 eius
1526 585 1706 624 curatio-

91 639 151 679 nis
186 639 305 680 clusa
338 650 438 691 opus
472 643 582 679 esset
624 639 669 679 iis
712 640 961 680 cuiwatoiibus
993 641 1197 691 piaebeii,
1231 654 1276 681 ca
1310 642 1355 690 Q.
1380 639 1516 683 Aelius
1549 642 1707 683 Paullus

43 751 46 753 Β
90 697 234 738 Fabius
268 709 371 738 coss.
406 697 522 737 ambo
555 697 719 749 alterxe,
753 698 785 738 si
818 698 866 738 iis
898 698 1108 749 videbitur,
1141 698 1323 741 adhibitis
1355 701 1607 753 praetoribus
1641 702 1708 755 qui

91 757 249 798 aerario
280 756 482 810 praesint,
514 757 743 809 praebenda
784 756 940 806 loccnt;
981 758 1180 811 itemque,
1222 772 1308 799 cum
1348 760 1503 800 viarum
1545 772 1708 827 quoque

90 820 302 857 curatores
335 814 607 867 humentique
640 821 751 869 parte
791 821 929 869 quarta
962 818 1053 857 anni
1085 817 1240 870 publico
1282 817 1500 868 funerantur
1518 817 1554 873 1)
1588 820 1708 859 mini-

91 876 237 926 sterio,
282 878 324 915 ut
367 879 573 915 curatores
615 887 808 927 aquarum
861 874 1012 916 iudiciis
1054 881 1197 916 iacent
1243 878 1402 929 privatis
1442 877 1706 932 publicisque.

92 931 284 988 (Fanum,
317 932 367 973 de
399 932 725 986 Aquaeductibus
759 934 868 975 urbis
900 934 1064 984 Romae,
1096 948 1180 988 cap
1217 934 1340 991 100.)

879 1004 920 1045 ll

232 1075 347 1124 Quod
380 1076 424 1123 Q.
451 1074 587 1116 Aelius
620 1076 792 1126 Tubero,
826 1075 982 1116 Paullus
1015 1075 1155 1116 Fabius
1188 1077 1380 1119 Maximus
1403 1091 1506 1119 coss.
1540 1091 1576 1119 V.
1598 1077 1625 1119 f.
1657 1078 1710 1119 de

90 1145 260 1175 numero
294 1135 539 1187 publicorum
572 1134 815 1184 salientium,
850 1136 916 1187 qui
949 1136 984 1175 in
1018 1136 1117 1175 urbe
1149 1142 1285 1177 essent
1315 1138 1498 1190 intraque
1531 1137 1710 1179 aedificia

92 1195 182 1235 urbi
213 1195 448 1244 coniuncta,
495 1206 597 1247 quos
640 1194 690 1234 M.
725 1194 903 1247 Agrippa
936 1193 1118 1245 fecisset,
1161 1192 1250 1248 o.2)
1286 1210 1316 1235 ιτ.
1350 1211 1380 1236 P.
1414 1212 1447 1236 n.
1484 1211 1516 1236 E.
1549 1212 1581 1237 a.
1615 1212 1638 1236 1.
1673 1211 1707 1237 e.

91 1253 231 1306 Neque
262 1254 402 1305 augeri
433 1253 593 1305 placere
629 1265 759 1304 neque
792 1253 911 1292 minui
944 1265 1147 1293 numerum
1179 1253 1425 1306 publicorum
1467 1255 1708 1307 salientium,

93 1324 194 1365 quos
227 1323 332 1351 nunc
364 1323 456 1352 esse
488 1311 665 1351 retulere
698 1312 722 1350 ii
754 1311 897 1363 quibus
930 1312 1131 1365 negotium
1164 1324 1185 1351 a
1216 1317 1355 1353 senatu
1390 1318 1450 1353 est
1471 1316 1709 1367 imperatum

92 1377 135 1412 ut
166 1370 411 1423 inspicerent
442 1382 565 1423 aquas
598 1369 798 1422 publicas,
838 1370 1064 1422 inirentque
1106 1382 1315 1411 numerum
1347 1371 1571 1412 salientium
1602 1373 1708 1425 pub-

92 1430 282 1478 licorum3
314 1429 488 1481 itemque
519 1428 680 1482 placere
713 1433 918 1469 curatores
950 1428 1153 1481 aquarum,
1186 1442 1289 1482 quos
1322 1430 1472 1471 Caesar
1503 1430 1709 1485 Augustus

93 1502 146 1530 ex
177 1492 340 1530 senatus
373 1488 610 1528 auctoritate
642 1487 876 1537 nominavit,
917 1486 1013 1527 dare
1047 1500 1209 1541 operam
1252 1493 1293 1529 ut
1333 1489 1520 1530 salientes
1562 1489 1709 1543 publici

94 1561 211 1602 quam
243 1546 521 1588 adsiduissime
554 1546 725 1587 interdiu
757 1551 797 1586 ct
828 1551 945 1587 noctu
979 1559 1120 1599 aquam
1151 1547 1190 1588 in
1231 1560 1345 1589 usum
1386 1549 1520 1603 populi
1561 1548 1709 1590 funde-

90 1611 191 1648 rent.
227 1603 420 1661 (Fam-m,
445 1604 560 1665 thid,
591 1618 676 1659 cap.
713 1603 834 1660 104.)

234 1735 349 1785 Quod
381 1736 427 1785 Q
461 1735 601 1776 Aelius
645 1735 820 1785 Tubero,
863 1735 1017 1776 Paullus
1058 1736 1201 1778 Fabius
1233 1736 1429 1779 Maximus
1472 1750 1577 1780 coss.
1610 1752 1646 1779 v.
1678 1736 1708 1780 f

93 1795 285 1850 quosdam
318 1796 494 1849 privatos
527 1808 579 1834 cx
610 1795 706 1835 rivis
739 1794 904 1847 publicis
947 1807 1084 1847 aquam
1118 1795 1289 1862 ducere,
1333 1810 1369 1850 q.
1403 1797 1441 1837 d.
1475 1810 1510 1837 e.
1543 1810 1575 1838 r.
1608 1797 1635 1838 f.
1669 1800 1708 1850 p.

93 1857 130 1896 d.
164 1869 200 1896 c.
232 1868 263 1896 r.
296 1855 320 1895 i.
353 1867 385 1894 c
428 1854 488 1894 Ne
520 1855 583 1894 cui
614 1854 770 1906 privato
803 1866 943 1907 aquam
976 1854 1127 1894 (lucere
1160 1868 1213 1895 ex
1234 1856 1329 1896 rivis
1352 1855 1517 1908 publicis
1549 1857 1706 1908 liceret,

91 1915 226 1967 utique
258 1925 395 1955 omnes
427 1913 453 1953 ii
484 1913 626 1966 quibus
658 1924 784 1965 aquae
817 1912 1022 1954 ducendae
1055 1914 1114 1953 ius
1147 1919 1256 1954 esset
1287 1914 1442 1966 datum,
1476 1928 1527 1955 ex
1559 1915 1708 1956 castel-

91 1974 136 2014 lis
153 1970 194 2028 3)
228 1972 421 2013 ducerent
432 1986 444 2022 3
478 1971 918 2024 animadverterentque
953 1976 1160 2013 curatores
1193 1985 1403 2025 aquarum,
1436 1974 1576 2026 quibus
1607 1973 1707 2015 locis

91 2033 194 2073 intra
226 2035 341 2071 extra
373 2032 512 2072 urbem
554 2035 645 2083 apte
687 2030 848 2072 castella
890 2031 1028 2084 privati
1067 2031 1200 2071 facere
1241 2036 1429 2085 possent,
1470 2045 1522 2072 ex
1564 2032 1708 2084 quibus

91 2103 233 2144 aquam
265 2090 482 2142 ducerent,
527 2102 594 2143 qu
583 2102 643 2129 mi
673 2102 726 2130 ex
759 2089 923 2144 castello
955 2102 1202 2130 communem
1245 2091 1497 2144 accepissent
1528 2103 1549 2131 a
1582 2103 1706 2131 cura-

91 2150 245 2192 toribus
278 2161 489 2202 aquar;um
530 2148 595 2189 nei
638 2148 702 2189 cui
745 2161 882 2190 eorum
927 2149 1067 2201 quibus
1100 2161 1202 2201 aqua
1234 2149 1395 2189 daretur
1426 2149 1604 2202 publica,
1644 2150 1707 2191 ius

91 2213 201 2251 esset
231 2209 332 2249 intia
364 2200 651 2261 quinquaginta
692 2207 817 2259 pedes
850 2208 935 2248 eius
968 2207 1139 2258 castelli,
1179 2221 1231 2248 ex
1270 2220 1350 2260 quo
1392 2221 1534 2261 aquam
1566 2207 1701 2249 duce—

90 2272 192 2320 rent,
223 2267 416 2308 laxiorem
446 2266 613 2308 fistulam
645 2267 847 2308 subiicere
879 2279 997 2319 quam
1040 2267 1270 2323 quinariam.
1343 2264 1704 2321 (FR0NT1N,1bid.,

91 2339 176 2381 cap.
211 2322 335 2381 106.)

869 2383 932 2424 tv.

232 2442 350 2492 Quod
392 2443 437 2492 Q.
470 2441 608 2484 Aelius
649 2443 822 2494 Tubero,
866 2443 1022 2484 Paullus
1061 2443 1203 2484 Fabius
1236 2443 1426 2485 Maximus
1469 2455 1573 2486 coss.
1606 2456 1642 2484 v.
1674 2442 1705 2485 f.

92 2503 277 2546 constitui
308 2507 497 2556 oportere
530 2515 610 2555 quo
641 2503 728 2544 iure
760 2503 860 2543 intra
893 2507 1086 2555 extraque
1119 2503 1255 2544 urbem
1299 2503 1494 2545 ducerent
1525 2515 1648 2556 aquas
1676 2502 1705 2544 ii

233 2665 270 2711 1)
304 2667 412 2702 Codd.
443 2668 682 2711 fungebantur,
721 2679 821 2712 quam
855 2668 1039 2702 lectionem
1072 2668 1216 2702 Polenus
1249 2669 1373 2702 retinet
1407 2669 1450 2701 ita
1483 2666 1705 2711 explicando:

91 2714 238 2760 itemque
264 2717 479 2749 constitutum
505 2715 584 2758 fuit,
618 2721 654 2748 ut
680 2714 859 2749 Curatores
886 2727 1048 2761 aquarum
1080 2722 1203 2749 vacent
1232 2715 1364 2749 iudiciis
1398 2725 1438 2748 ea
1463 2719 1581 2759 quarta
1606 2720 1703 2758 parte

93 2762 170 2794 anni
195 2773 271 2795 cum
297 2760 334 2804 (i.
361 2773 391 2796 e.
418 2762 571 2806 quando)
597 2762 780 2796 Curatores
806 2764 936 2796 viarum
969 2764 1197 2808 frumentique
1224 2762 1360 2806 publico
1385 2760 1612 2806 fungebantur
1635 2764 1704 2796 mi·-

93 2808 239 2842 nisterio.
279 2809 468 2842 Brissonius
502 2814 607 2842 totam
641 2809 725 2842 hanc
757 2811 1029 2843 enunciationem
1064 2821 1083 2843 a
1109 2808 1400 2843 senatusconsulto
1432 2814 1569 2851 separat
1600 2814 1702 2854 atque

93 2853 330 2889 Frontiuianae
357 2857 518 2890 orationis
545 2857 653 2889 textui
671 2855 830 2889 attribuit.
857 2856 1037 2890 Dedericl
1015 2869 1051 2890 ιι
1068 2857 1155 2890 Edit.
1172 2858 1365 2899 funqantur.
1395 2871 1434 2876 -
1461 2853 1499 2896 2)
1525 2855 1702 2890 Iordansio

93 2901 294 2935 inserendae
318 2903 372 2936 hic
397 2903 557 2936 videntur
592 2903 634 2936 ad
661 2903 853 2947 exemplum
878 2904 1086 2948 reliquorum
1110 2909 1246 2937 senatus
1273 2903 1501 2935 consultorum
1530 2908 1631 2936 notae
1658 2902 1702 2937 D.

93 2946 133 2980 Ε.
158 2946 195 2980 R.
221 2946 369 3029 (gallerii
374 2948 440 2992 re).
467 2968 511 2973 -—-
537 2947 576 2992 3]
603 2949 687 2985 Cod.
714 2950 854 2986 Vatican
879 2950 1027 2985 castellis
1047 2950 1190 2996 publicis
1207 2948 1701 2995 ducerenc;qua1ntectionem

94 2994 221 3036 recepit
269 3006 286 3028 c
312 3007 332 3029 u
348 3001 390 3030 tz.

153 3050 232 3085 Zeti,
250 3052 508 3087 inscripn.de1ectus.
1433 3054 1490 3099 20
