<?xml version="1.0" encoding="UTF-8"?>
<!DOCTYPE html PUBLIC "-//W3C//DTD XHTML 1.0 Transitional//EN"
    "http://www.w3.org/TR/xhtml1/DTD/xhtml1-transitional.dtd">
<html xmlns="http://www.w3.org/1999/xhtml" xml:lang="en" lang="en">
 <head>
  <title>
</title>
<meta http-equiv="Content-Type" content="text/html;charset=utf-8" />
  <meta name='ocr-system' content='tesseract 3.04.00' />
  <meta name='ocr-capabilities' content='ocr_page ocr_carea ocr_par ocr_line ocrx_word'/>
</head>
<body>
  <div class='ocr_page' id='page_1' title='image "./handbuchderrmi0103zelluoft_0083.png"; bbox 0 0 1918 3313; ppageno 0'>
   <div class='ocr_carea' id='block_1_1' title="bbox 502 136 1728 187">
    <p class='ocr_par' dir='ltr' id='par_1_1' title="bbox 502 136 1728 187">
     <span class='ocr_line' id='line_1_1' title="bbox 502 136 1728 187; baseline 0.002 -10"><span class='ocrx_word' id='word_1_1' title='bbox 502 142 536 185; x_wconf 85' lang='lat'>§.</span> <span class='ocrx_word' id='word_1_2' title='bbox 561 140 599 185; x_wconf 84' lang='lat'>1)</span> <span class='ocrx_word' id='word_1_3' title='bbox 646 143 802 177; x_wconf 85' lang='lat' dir='ltr'>Virorum</span> <span class='ocrx_word' id='word_1_4' title='bbox 826 143 1049 187; x_wconf 83' lang='lat' dir='ltr'>ingenuorum</span> <span class='ocrx_word' id='word_1_5' title='bbox 1076 148 1109 177; x_wconf 86' lang='lat' dir='ltr'>et</span> <span class='ocrx_word' id='word_1_6' title='bbox 1133 143 1341 179; x_wconf 86' lang='lat' dir='ltr'>libertorum.</span> <span class='ocrx_word' id='word_1_7' title='bbox 1671 136 1728 186; x_wconf 85' lang='grc'><strong>63</strong></span> 
     </span>
    </p>
   </div>
   <div class='ocr_carea' id='block_1_2' title="bbox 117 248 1732 359">
    <p class='ocr_par' dir='ltr' id='par_1_2' title="bbox 117 248 1732 359">
     <span class='ocr_line' id='line_1_2' title="bbox 260 248 1732 306; baseline 0.004 -18"><span class='ocrx_word' id='word_1_8' title='bbox 260 250 357 288; x_wconf 88' lang='grc'><strong>430.</strong></span> <span class='ocrx_word' id='word_1_9' title='bbox 417 248 460 289; x_wconf 90' lang='lat' dir='ltr'>L.</span> <span class='ocrx_word' id='word_1_10' title='bbox 492 248 696 291; x_wconf 82' lang='lat' dir='ltr'><strong>Abuccius</strong></span> <span class='ocrx_word' id='word_1_11' title='bbox 727 249 833 290; x_wconf 84' lang='lat' dir='ltr'>Hera</span> <span class='ocrx_word' id='word_1_12' title='bbox 865 248 963 290; x_wconf 88' lang='lat' dir='ltr'>ollas</span> <span class='ocrx_word' id='word_1_13' title='bbox 994 249 1218 304; x_wconf 81' lang='lat' dir='ltr'>singulares</span> <span class='ocrx_word' id='word_1_14' title='bbox 1249 254 1476 306; x_wconf 83' lang='lat' dir='ltr'>perpetuas.</span> <span class='ocrx_word' id='word_1_15' title='bbox 1507 249 1553 292; x_wconf 89' lang='lat' dir='ltr'>V.</span> <span class='ocrx_word' id='word_1_16' title='bbox 1585 251 1659 293; x_wconf 92' lang='lat' dir='ltr'>sibi</span> <span class='ocrx_word' id='word_1_17' title='bbox 1691 257 1732 294; x_wconf 87' lang='lat' dir='ltr'>et</span> 
     </span>
     <span class='ocr_line' id='line_1_3' title="bbox 117 307 747 359; baseline -0.003 -9"><span class='ocrx_word' id='word_1_18' title='bbox 117 307 215 350; x_wconf 80' lang='lat' dir='ltr'>suis.</span> <span class='ocrx_word' id='word_1_19' title='bbox 248 329 305 338; x_wconf 88' lang='lat'>-—</span> <span class='ocrx_word' id='word_1_20' title='bbox 336 311 477 348; x_wconf 84' lang='lat' dir='ltr'>Fabret.</span> <span class='ocrx_word' id='word_1_21' title='bbox 508 323 542 359; x_wconf 89' lang='lat' dir='ltr'>p.</span> <span class='ocrx_word' id='word_1_22' title='bbox 579 309 644 358; x_wconf 83' lang='lat'>11,</span> <span class='ocrx_word' id='word_1_23' title='bbox 679 311 747 348; x_wconf 83' lang='lat'>45.</span> 
     </span>
    </p>
   </div>
   <div class='ocr_carea' id='block_1_3' title="bbox 258 383 1734 428">
    <p class='ocr_par' dir='ltr' id='par_1_3' title="bbox 258 383 1734 428">
     <span class='ocr_line' id='line_1_4' title="bbox 258 383 1734 428; baseline 0.003 -5"><span class='ocrx_word' id='word_1_24' title='bbox 258 386 356 424; x_wconf 83' lang='lat'>431.</span> <span class='ocrx_word' id='word_1_25' title='bbox 417 385 456 425; x_wconf 89' lang='grc' dir='ltr'>Ρ.</span> <span class='ocrx_word' id='word_1_26' title='bbox 489 383 630 425; x_wconf 88' lang='lat' dir='ltr'>Aelius</span> <span class='ocrx_word' id='word_1_27' title='bbox 663 385 911 426; x_wconf 79' lang='lat' dir='ltr'>Venerianus</span> <span class='ocrx_word' id='word_1_28' title='bbox 943 384 1020 426; x_wconf 87' lang='lat' dir='ltr'>hoc</span> <span class='ocrx_word' id='word_1_29' title='bbox 1052 398 1122 426; x_wconf 80' lang='lat' dir='ltr'>vas</span> <span class='ocrx_word' id='word_1_30' title='bbox 1154 386 1349 428; x_wconf 88' lang='lat' dir='ltr'>disomum</span> <span class='ocrx_word' id='word_1_31' title='bbox 1380 386 1454 428; x_wconf 89' lang='lat' dir='ltr'>sibi</span> <span class='ocrx_word' id='word_1_32' title='bbox 1484 391 1524 428; x_wconf 92' lang='lat' dir='ltr'>et</span> <span class='ocrx_word' id='word_1_33' title='bbox 1544 386 1734 428; x_wconf 76' lang='lat' dir='ltr'>Felicitati</span> 
     </span>
    </p>
   </div>
   <div class='ocr_carea' id='block_1_4' title="bbox 117 443 1732 561">
    <p class='ocr_par' dir='ltr' id='par_1_4' title="bbox 117 443 1732 561">
     <span class='ocr_line' id='line_1_5' title="bbox 117 443 1732 500; baseline 0.001 -16"><span class='ocrx_word' id='word_1_34' title='bbox 117 455 215 485; x_wconf 85' lang='lat' dir='ltr'>suae</span> <span class='ocrx_word' id='word_1_35' title='bbox 247 443 379 497; x_wconf 80' lang='lat' dir='ltr'>posuit</span> <span class='ocrx_word' id='word_1_36' title='bbox 411 447 451 484; x_wconf 87' lang='lat' dir='ltr'>et</span> <span class='ocrx_word' id='word_1_37' title='bbox 482 443 655 485; x_wconf 85' lang='lat' dir='ltr'>tribunal</span> <span class='ocrx_word' id='word_1_38' title='bbox 688 456 741 483; x_wconf 85' lang='lat' dir='ltr'>ex</span> <span class='ocrx_word' id='word_1_39' title='bbox 781 444 979 497; x_wconf 88' lang='lat' dir='ltr'>permissu</span> <span class='ocrx_word' id='word_1_40' title='bbox 1020 444 1160 486; x_wconf 87' lang='lat' dir='ltr'>Pontif.</span> <span class='ocrx_word' id='word_1_41' title='bbox 1204 446 1384 500; x_wconf 84' lang='lat' dir='ltr'>perfecit.</span> <span class='ocrx_word' id='word_1_42' title='bbox 1427 466 1483 475; x_wconf 93' lang='lat'>-—-</span> <span class='ocrx_word' id='word_1_43' title='bbox 1523 449 1732 486; x_wconf 87' lang='lat' dir='ltr'>Beneventi.</span> 
     </span>
     <span class='ocr_line' id='line_1_6' title="bbox 119 504 766 561; baseline 0 -19"><span class='ocrx_word' id='word_1_44' title='bbox 119 505 216 561; x_wconf 65' lang='lat' dir='ltr'>erut.</span> <span class='ocrx_word' id='word_1_45' title='bbox 250 504 348 552; x_wconf 83' lang='lat'>751,</span> <span class='ocrx_word' id='word_1_46' title='bbox 383 504 445 542; x_wconf 90' lang='lat'>11.</span> <span class='ocrx_word' id='word_1_47' title='bbox 509 505 605 542; x_wconf 77' lang='lat' dir='ltr'>orei.</span> <span class='ocrx_word' id='word_1_48' title='bbox 638 505 766 542; x_wconf 81' lang='lat'>4548.</span> 
     </span>
    </p>
   </div>
   <div class='ocr_carea' id='block_1_5' title="bbox 82 578 1733 810">
    <p class='ocr_par' dir='ltr' id='par_1_5' title="bbox 82 578 1733 810">
     <span class='ocr_line' id='line_1_7' title="bbox 256 578 1733 636; baseline 0.003 -18"><span class='ocrx_word' id='word_1_49' title='bbox 256 581 353 618; x_wconf 82' lang='grc'><strong>432.</strong></span> <span class='ocrx_word' id='word_1_50' title='bbox 414 578 492 619; x_wconf 90' lang='lat' dir='ltr'>Iter</span> <span class='ocrx_word' id='word_1_51' title='bbox 524 579 715 632; x_wconf 84' lang='lat' dir='ltr'>privatum</span> <span class='ocrx_word' id='word_1_52' title='bbox 749 592 770 620; x_wconf 85' lang='lat' dir='ltr'>a</span> <span class='ocrx_word' id='word_1_53' title='bbox 802 580 864 620; x_wconf 86' lang='lat' dir='ltr'>via</span> <span class='ocrx_word' id='word_1_54' title='bbox 895 580 1049 633; x_wconf 86' lang='lat' dir='ltr'>publica</span> <span class='ocrx_word' id='word_1_55' title='bbox 1081 594 1154 634; x_wconf 87' lang='lat' dir='ltr'>per</span> <span class='ocrx_word' id='word_1_56' title='bbox 1185 581 1347 623; x_wconf 90' lang='lat' dir='ltr'>hortum</span> <span class='ocrx_word' id='word_1_57' title='bbox 1381 582 1577 623; x_wconf 86' lang='lat' dir='ltr'>transiens</span> <span class='ocrx_word' id='word_1_58' title='bbox 1605 582 1733 636; x_wconf 87' lang='lat' dir='ltr'>perti-</span> 
     </span>
     <span class='ocr_line' id='line_1_8' title="bbox 82 638 1730 697; baseline 0.003 -19"><span class='ocrx_word' id='word_1_59' title='bbox 82 640 84 644; x_wconf 81' lang='grc'>’</span> <span class='ocrx_word' id='word_1_60' title='bbox 116 650 216 679; x_wconf 88' lang='lat' dir='ltr'>nens</span> <span class='ocrx_word' id='word_1_61' title='bbox 248 638 296 679; x_wconf 84' lang='lat' dir='ltr'>ad</span> <span class='ocrx_word' id='word_1_62' title='bbox 328 643 627 679; x_wconf 80' lang='lat' dir='ltr'>monumentum</span> <span class='ocrx_word' id='word_1_63' title='bbox 661 639 747 679; x_wconf 90' lang='lat' dir='ltr'>sive</span> <span class='ocrx_word' id='word_1_64' title='bbox 779 639 1033 692; x_wconf 88' lang='lat' dir='ltr'>sepulcrum,</span> <span class='ocrx_word' id='word_1_65' title='bbox 1077 641 1181 692; x_wconf 82' lang='lat' dir='ltr'>quod</span> <span class='ocrx_word' id='word_1_66' title='bbox 1223 640 1458 695; x_wconf 85' lang='lat' dir='ltr'>Agatophus</span> <span class='ocrx_word' id='word_1_67' title='bbox 1497 641 1603 697; x_wconf 85' lang='lat' dir='ltr'>Aug.</span> <span class='ocrx_word' id='word_1_68' title='bbox 1645 641 1730 682; x_wconf 90' lang='lat' dir='ltr'>Lib.</span> 
     </span>
     <span class='ocr_line' id='line_1_9' title="bbox 115 697 1732 750; baseline 0.002 -12"><span class='ocrx_word' id='word_1_69' title='bbox 115 698 304 739; x_wconf 88' lang='lat' dir='ltr'>invitator</span> <span class='ocrx_word' id='word_1_70' title='bbox 334 698 473 738; x_wconf 89' lang='lat' dir='ltr'>vivens</span> <span class='ocrx_word' id='word_1_71' title='bbox 507 701 546 737; x_wconf 89' lang='lat' dir='ltr'>et</span> <span class='ocrx_word' id='word_1_72' title='bbox 585 697 680 738; x_wconf 90' lang='lat' dir='ltr'>Iulia</span> <span class='ocrx_word' id='word_1_73' title='bbox 722 697 916 750; x_wconf 88' lang='lat' dir='ltr'>Epictesis</span> <span class='ocrx_word' id='word_1_74' title='bbox 959 698 1153 739; x_wconf 87' lang='lat' dir='ltr'>fecerunt.</span> <span class='ocrx_word' id='word_1_75' title='bbox 1214 699 1275 740; x_wconf 89' lang='lat' dir='ltr'>Ab</span> <span class='ocrx_word' id='word_1_76' title='bbox 1306 701 1352 741; x_wconf 92' lang='lat' dir='ltr'>iis</span> <span class='ocrx_word' id='word_1_77' title='bbox 1395 700 1576 742; x_wconf 90' lang='lat' dir='ltr'>omnibus</span> <span class='ocrx_word' id='word_1_78' title='bbox 1619 699 1732 743; x_wconf 86' lang='lat' dir='ltr'>dolus</span> 
     </span>
     <span class='ocr_line' id='line_1_10' title="bbox 115 756 1379 810; baseline 0.002 -14"><span class='ocrx_word' id='word_1_79' title='bbox 115 756 239 798; x_wconf 89' lang='lat' dir='ltr'>malus</span> <span class='ocrx_word' id='word_1_80' title='bbox 270 757 410 797; x_wconf 80' lang='lat' dir='ltr'>abesto</span> <span class='ocrx_word' id='word_1_81' title='bbox 444 760 482 796; x_wconf 89' lang='lat' dir='ltr'>et</span> <span class='ocrx_word' id='word_1_82' title='bbox 514 757 576 797; x_wconf 90' lang='lat' dir='ltr'>ius</span> <span class='ocrx_word' id='word_1_83' title='bbox 600 756 727 797; x_wconf 88' lang='lat' dir='ltr'>civile.</span> <span class='ocrx_word' id='word_1_84' title='bbox 763 778 817 784; x_wconf 82' lang='lat'>——</span> <span class='ocrx_word' id='word_1_85' title='bbox 850 759 970 796; x_wconf 80' lang='lat' dir='ltr'>Marini</span> <span class='ocrx_word' id='word_1_86' title='bbox 1004 761 1102 798; x_wconf 84' lang='lat' dir='ltr'>Ieriz.</span> <span class='ocrx_word' id='word_1_87' title='bbox 1135 761 1215 798; x_wconf 86' lang='lat' dir='ltr'>Alb.</span> <span class='ocrx_word' id='word_1_88' title='bbox 1248 774 1281 810; x_wconf 86' lang='lat' dir='ltr'>p.</span> <span class='ocrx_word' id='word_1_89' title='bbox 1315 762 1379 798; x_wconf 84' lang='lat'>64.</span> 
     </span>
    </p>
   </div>
   <div class='ocr_carea' id='block_1_6' title="bbox 111 832 1733 1361">
    <p class='ocr_par' dir='ltr' id='par_1_6' title="bbox 111 832 1733 1361">
     <span class='ocr_line' id='line_1_11' title="bbox 256 832 1730 887; baseline 0.005 -16"><span class='ocrx_word' id='word_1_90' title='bbox 256 835 352 872; x_wconf 88' lang='lat'>433.</span> <span class='ocrx_word' id='word_1_91' title='bbox 414 832 456 874; x_wconf 88' lang='lat' dir='ltr'>C.</span> <span class='ocrx_word' id='word_1_92' title='bbox 488 832 655 887; x_wconf 80' lang='lat' dir='ltr'>Alypius</span> <span class='ocrx_word' id='word_1_93' title='bbox 688 832 906 874; x_wconf 85' lang='lat' dir='ltr'>Daduchus</span> <span class='ocrx_word' id='word_1_94' title='bbox 938 834 1080 875; x_wconf 87' lang='lat' dir='ltr'>Paetus</span> <span class='ocrx_word' id='word_1_95' title='bbox 1113 835 1205 876; x_wconf 84' lang='lat' dir='ltr'>fecit</span> <span class='ocrx_word' id='word_1_96' title='bbox 1237 836 1310 876; x_wconf 90' lang='lat' dir='ltr'>sibi</span> <span class='ocrx_word' id='word_1_97' title='bbox 1342 840 1383 876; x_wconf 87' lang='lat' dir='ltr'>et</span> <span class='ocrx_word' id='word_1_98' title='bbox 1409 835 1626 878; x_wconf 80' lang='lat' dir='ltr'>libertabus</span> <span class='ocrx_word' id='word_1_99' title='bbox 1647 835 1730 878; x_wconf 91' lang='lat' dir='ltr'>suis</span> 
     </span>
     <span class='ocr_line' id='line_1_12' title="bbox 114 890 1728 948; baseline 0.002 -15"><span class='ocrx_word' id='word_1_100' title='bbox 114 892 370 946; x_wconf 85' lang='lat' dir='ltr'>posterisque</span> <span class='ocrx_word' id='word_1_101' title='bbox 404 904 542 933; x_wconf 88' lang='lat' dir='ltr'>eorum</span> <span class='ocrx_word' id='word_1_102' title='bbox 576 897 615 932; x_wconf 88' lang='lat' dir='ltr'>et</span> <span class='ocrx_word' id='word_1_103' title='bbox 646 892 723 946; x_wconf 88' lang='lat' dir='ltr'>leg.</span> <span class='ocrx_word' id='word_1_104' title='bbox 745 890 779 946; x_wconf 81' lang='lat'>¹)</span> <span class='ocrx_word' id='word_1_105' title='bbox 812 893 1028 935; x_wconf 82' lang='lat' dir='ltr'>Philemoni</span> <span class='ocrx_word' id='word_1_106' title='bbox 1070 899 1108 934; x_wconf 90' lang='lat' dir='ltr'>et</span> <span class='ocrx_word' id='word_1_107' title='bbox 1149 894 1300 935; x_wconf 81' lang='lat' dir='ltr'>Helladi</span> <span class='ocrx_word' id='word_1_108' title='bbox 1341 895 1476 936; x_wconf 85' lang='lat' dir='ltr'>amicis</span> <span class='ocrx_word' id='word_1_109' title='bbox 1518 895 1580 937; x_wconf 91' lang='lat' dir='ltr'>ius</span> <span class='ocrx_word' id='word_1_110' title='bbox 1621 895 1728 948; x_wconf 86' lang='lat' dir='ltr'>uniq.</span> 
     </span>
     <span class='ocr_line' id='line_1_13' title="bbox 114 948 1732 1009; baseline 0.002 -17"><span class='ocrx_word' id='word_1_111' title='bbox 114 948 339 1005; x_wconf 77' lang='lat' dir='ltr'>aedicul.²)</span> <span class='ocrx_word' id='word_1_112' title='bbox 373 956 414 992; x_wconf 88' lang='lat' dir='ltr'>et</span> <span class='ocrx_word' id='word_1_113' title='bbox 446 951 488 992; x_wconf 91' lang='lat' dir='ltr'>C.</span> <span class='ocrx_word' id='word_1_114' title='bbox 521 950 625 992; x_wconf 78' lang='lat' dir='ltr'>Ruso</span> <span class='ocrx_word' id='word_1_115' title='bbox 658 956 697 991; x_wconf 87' lang='lat' dir='ltr'>et</span> <span class='ocrx_word' id='word_1_116' title='bbox 729 950 942 1004; x_wconf 91' lang='lat' dir='ltr'>Apollonio</span> <span class='ocrx_word' id='word_1_117' title='bbox 974 952 1130 1006; x_wconf 83' lang='lat' dir='ltr'>Hellopi</span> <span class='ocrx_word' id='word_1_118' title='bbox 1163 950 1306 1003; x_wconf 72' lang='lat' dir='ltr'>Coll.3)</span> <span class='ocrx_word' id='word_1_119' title='bbox 1341 954 1439 994; x_wconf 89' lang='lat' dir='ltr'>meis</span> <span class='ocrx_word' id='word_1_120' title='bbox 1471 954 1573 1009; x_wconf 83' lang='lat' dir='ltr'>sing.</span> <span class='ocrx_word' id='word_1_121' title='bbox 1605 954 1732 995; x_wconf 87' lang='lat' dir='ltr'>aedic.</span> 
     </span>
     <span class='ocr_line' id='line_1_14' title="bbox 113 1010 1731 1068; baseline 0.002 -18"><span class='ocrx_word' id='word_1_122' title='bbox 113 1015 153 1051; x_wconf 91' lang='lat' dir='ltr'>et</span> <span class='ocrx_word' id='word_1_123' title='bbox 185 1010 347 1064; x_wconf 90' lang='lat' dir='ltr'>Tropidi</span> <span class='ocrx_word' id='word_1_124' title='bbox 380 1015 420 1051; x_wconf 89' lang='lat' dir='ltr'>et</span> <span class='ocrx_word' id='word_1_125' title='bbox 451 1010 667 1064; x_wconf 79' lang='lat' dir='ltr'>Syntropio</span> <span class='ocrx_word' id='word_1_126' title='bbox 698 1010 902 1051; x_wconf 88' lang='lat' dir='ltr'>Crescenti</span> <span class='ocrx_word' id='word_1_127' title='bbox 927 1012 987 1052; x_wconf 94' lang='lat' dir='ltr'>ius</span> <span class='ocrx_word' id='word_1_128' title='bbox 1010 1012 1197 1065; x_wconf 78' lang='lat' dir='ltr'>singular.</span> <span class='ocrx_word' id='word_1_129' title='bbox 1221 1013 1389 1054; x_wconf 81' lang='lat' dir='ltr'>aedicul.</span> <span class='ocrx_word' id='word_1_130' title='bbox 1414 1013 1457 1054; x_wconf 88' lang='lat' dir='ltr'>T.</span> <span class='ocrx_word' id='word_1_131' title='bbox 1474 1011 1515 1068; x_wconf 80' lang='lat'>4]</span> <span class='ocrx_word' id='word_1_132' title='bbox 1549 1013 1593 1054; x_wconf 91' lang='lat' dir='ltr'>T.</span> <span class='ocrx_word' id='word_1_133' title='bbox 1617 1013 1731 1054; x_wconf 87' lang='lat' dir='ltr'>Mar-</span> 
     </span>
     <span class='ocr_line' id='line_1_15' title="bbox 113 1069 1730 1123; baseline 0.002 -13"><span class='ocrx_word' id='word_1_134' title='bbox 113 1070 176 1112; x_wconf 89' lang='lat' dir='ltr'>cio</span> <span class='ocrx_word' id='word_1_135' title='bbox 207 1075 247 1111; x_wconf 87' lang='lat' dir='ltr'>et</span> <span class='ocrx_word' id='word_1_136' title='bbox 277 1069 452 1110; x_wconf 88' lang='lat' dir='ltr'>Philemo</span> <span class='ocrx_word' id='word_1_137' title='bbox 483 1071 568 1110; x_wconf 90' lang='lat' dir='ltr'>iura</span> <span class='ocrx_word' id='word_1_138' title='bbox 605 1070 646 1110; x_wconf 88' lang='lat' dir='ltr'>C.</span> <span class='ocrx_word' id='word_1_139' title='bbox 681 1069 916 1123; x_wconf 83' lang='lat' dir='ltr'>Sempronii.</span> <span class='ocrx_word' id='word_1_140' title='bbox 958 1070 1085 1111; x_wconf 81' lang='lat' dir='ltr'>Amici</span> <span class='ocrx_word' id='word_1_141' title='bbox 1117 1076 1157 1111; x_wconf 90' lang='lat' dir='ltr'>et</span> <span class='ocrx_word' id='word_1_142' title='bbox 1199 1072 1407 1113; x_wconf 87' lang='lat' dir='ltr'>conliberti</span> <span class='ocrx_word' id='word_1_143' title='bbox 1437 1071 1530 1112; x_wconf 89' lang='lat' dir='ltr'>fidei</span> <span class='ocrx_word' id='word_1_144' title='bbox 1570 1077 1730 1114; x_wconf 85' lang='lat' dir='ltr'>vestrae</span> 
     </span>
     <span class='ocr_line' id='line_1_16' title="bbox 113 1127 1733 1185; baseline 0.001 -15"><span class='ocrx_word' id='word_1_145' title='bbox 113 1129 337 1179; x_wconf 85' lang='lat' dir='ltr'>committo,</span> <span class='ocrx_word' id='word_1_146' title='bbox 369 1141 420 1168; x_wconf 88' lang='lat' dir='ltr'>ne</span> <span class='ocrx_word' id='word_1_147' title='bbox 453 1130 540 1181; x_wconf 90' lang='lat' dir='ltr'>quis</span> <span class='ocrx_word' id='word_1_148' title='bbox 573 1127 719 1170; x_wconf 87' lang='lat' dir='ltr'>vendat</span> <span class='ocrx_word' id='word_1_149' title='bbox 754 1134 820 1169; x_wconf 87' lang='lat' dir='ltr'>aut</span> <span class='ocrx_word' id='word_1_150' title='bbox 852 1129 1064 1182; x_wconf 80' lang='lat' dir='ltr'>abalienet,</span> <span class='ocrx_word' id='word_1_151' title='bbox 1095 1129 1168 1171; x_wconf 90' lang='lat' dir='ltr'>sed</span> <span class='ocrx_word' id='word_1_152' title='bbox 1201 1131 1255 1171; x_wconf 87' lang='lat' dir='ltr'>uti</span> <span class='ocrx_word' id='word_1_153' title='bbox 1286 1131 1346 1172; x_wconf 90' lang='lat' dir='ltr'>his</span> <span class='ocrx_word' id='word_1_154' title='bbox 1367 1131 1433 1184; x_wconf 89' lang='lat' dir='ltr'>qui</span> <span class='ocrx_word' id='word_1_155' title='bbox 1455 1143 1574 1184; x_wconf 85' lang='lat' dir='ltr'>supra</span> <span class='ocrx_word' id='word_1_156' title='bbox 1595 1131 1733 1185; x_wconf 91' lang='lat' dir='ltr'>scripti</span> 
     </span>
     <span class='ocr_line' id='line_1_17' title="bbox 113 1189 1733 1244; baseline 0.002 -16"><span class='ocrx_word' id='word_1_157' title='bbox 113 1189 344 1242; x_wconf 87' lang='lat' dir='ltr'>scriptaeve</span> <span class='ocrx_word' id='word_1_158' title='bbox 377 1192 469 1229; x_wconf 91' lang='lat' dir='ltr'>sunt</span> <span class='ocrx_word' id='word_1_159' title='bbox 501 1201 574 1241; x_wconf 90' lang='lat' dir='ltr'>per</span> <span class='ocrx_word' id='word_1_160' title='bbox 604 1201 667 1228; x_wconf 84' lang='lat' dir='ltr'>nie</span> <span class='ocrx_word' id='word_1_161' title='bbox 700 1193 739 1228; x_wconf 86' lang='lat' dir='ltr'>et</span> <span class='ocrx_word' id='word_1_162' title='bbox 780 1200 892 1228; x_wconf 88' lang='lat' dir='ltr'>meos</span> <span class='ocrx_word' id='word_1_163' title='bbox 935 1194 1161 1241; x_wconf 85' lang='lat' dir='ltr'>posterosq.</span> <span class='ocrx_word' id='word_1_164' title='bbox 1203 1189 1359 1244; x_wconf 84' lang='lat' dir='ltr'>singula</span> <span class='ocrx_word' id='word_1_165' title='bbox 1400 1189 1498 1230; x_wconf 82' lang='lat' dir='ltr'>haec</span> <span class='ocrx_word' id='word_1_166' title='bbox 1536 1190 1733 1232; x_wconf 82' lang='lat' dir='ltr'>beneficia</span> 
     </span>
     <span class='ocr_line' id='line_1_18' title="bbox 111 1246 1728 1300; baseline 0.002 -13"><span class='ocrx_word' id='word_1_167' title='bbox 111 1246 293 1288; x_wconf 82' lang='lat' dir='ltr'>facienda</span> <span class='ocrx_word' id='word_1_168' title='bbox 325 1247 643 1300; x_wconf 81' lang='lat' dir='ltr'>praestabuntur.</span> <span class='ocrx_word' id='word_1_169' title='bbox 703 1247 748 1287; x_wconf 91' lang='lat' dir='ltr'>H.</span> <span class='ocrx_word' id='word_1_170' title='bbox 781 1247 831 1288; x_wconf 85' lang='lat' dir='ltr'>M.</span> <span class='ocrx_word' id='word_1_171' title='bbox 866 1246 910 1286; x_wconf 87' lang='lat' dir='ltr'>H.</span> <span class='ocrx_word' id='word_1_172' title='bbox 941 1247 988 1287; x_wconf 93' lang='lat' dir='ltr'>N.</span> <span class='ocrx_word' id='word_1_173' title='bbox 1022 1248 1060 1289; x_wconf 92' lang='lat' dir='ltr'>S.</span> <span class='ocrx_word' id='word_1_174' title='bbox 1104 1270 1160 1275; x_wconf 88' lang='lat'>——</span> <span class='ocrx_word' id='word_1_175' title='bbox 1201 1251 1346 1288; x_wconf 81' lang='lat' dir='ltr'>Romae.</span> <span class='ocrx_word' id='word_1_176' title='bbox 1379 1250 1519 1288; x_wconf 84' lang='lat' dir='ltr'>Gruter.</span> <span class='ocrx_word' id='word_1_177' title='bbox 1559 1252 1657 1300; x_wconf 80' lang='lat'>856,</span> <span class='ocrx_word' id='word_1_178' title='bbox 1692 1252 1728 1290; x_wconf 89' lang='grc'>6.</span> 
     </span>
     <span class='ocr_line' id='line_1_19' title="bbox 114 1303 1320 1361; baseline 0.001 -15"><span class='ocrx_word' id='word_1_179' title='bbox 114 1309 210 1347; x_wconf 89' lang='lat' dir='ltr'>Orel.</span> <span class='ocrx_word' id='word_1_180' title='bbox 242 1308 368 1346; x_wconf 80' lang='grc'><strong>4357.</strong></span> <span class='ocrx_word' id='word_1_181' title='bbox 402 1303 497 1360; x_wconf 78' lang='lat' dir='ltr'>(hoc</span> <span class='ocrx_word' id='word_1_182' title='bbox 528 1312 793 1345; x_wconf 88' lang='lat' dir='ltr'>monumentum</span> <span class='ocrx_word' id='word_1_183' title='bbox 828 1308 981 1344; x_wconf 87' lang='lat' dir='ltr'>heredes</span> <span class='ocrx_word' id='word_1_184' title='bbox 1014 1320 1084 1345; x_wconf 90' lang='lat' dir='ltr'>non</span> <span class='ocrx_word' id='word_1_185' title='bbox 1118 1304 1320 1361; x_wconf 77' lang='lat' dir='ltr'>sequitur.)</span> 
     </span>
    </p>
   </div>
   <div class='ocr_carea' id='block_1_7' title="bbox 110 1380 1736 1610">
    <p class='ocr_par' dir='ltr' id='par_1_7' title="bbox 110 1380 1736 1610">
     <span class='ocr_line' id='line_1_20' title="bbox 259 1380 1736 1433; baseline 0.003 -12"><span class='ocrx_word' id='word_1_186' title='bbox 259 1385 356 1422; x_wconf 86' lang='lat'>434.</span> <span class='ocrx_word' id='word_1_187' title='bbox 417 1381 460 1422; x_wconf 93' lang='lat' dir='ltr'>L.</span> <span class='ocrx_word' id='word_1_188' title='bbox 494 1380 618 1423; x_wconf 80' lang='lat' dir='ltr'>Alfius</span> <span class='ocrx_word' id='word_1_189' title='bbox 650 1382 694 1422; x_wconf 89' lang='lat' dir='ltr'>L.</span> <span class='ocrx_word' id='word_1_190' title='bbox 728 1386 768 1422; x_wconf 86' lang='lat' dir='ltr'>et</span> <span class='ocrx_word' id='word_1_191' title='bbox 799 1383 828 1424; x_wconf 76' lang='lat' dir='ltr'>O</span> <span class='ocrx_word' id='word_1_192' title='bbox 863 1381 905 1422; x_wconf 92' lang='lat' dir='ltr'>L.</span> <span class='ocrx_word' id='word_1_193' title='bbox 938 1382 1049 1423; x_wconf 87' lang='lat' dir='ltr'>Felix</span> <span class='ocrx_word' id='word_1_194' title='bbox 1087 1381 1186 1433; x_wconf 71' lang='lat' dir='ltr'>Allia</span> <span class='ocrx_word' id='word_1_195' title='bbox 1227 1383 1270 1424; x_wconf 94' lang='lat' dir='ltr'>L.</span> <span class='ocrx_word' id='word_1_196' title='bbox 1312 1382 1354 1424; x_wconf 91' lang='lat' dir='ltr'>L.</span> <span class='ocrx_word' id='word_1_197' title='bbox 1394 1382 1584 1426; x_wconf 83' lang='lat' dir='ltr'>Athenais</span> <span class='ocrx_word' id='word_1_198' title='bbox 1623 1385 1736 1426; x_wconf 87' lang='lat' dir='ltr'>vivos</span> 
     </span>
     <span class='ocr_line' id='line_1_21' title="bbox 112 1441 1733 1496; baseline 0.001 -13"><span class='ocrx_word' id='word_1_199' title='bbox 112 1441 209 1483; x_wconf 84' lang='lat' dir='ltr'>fecit</span> <span class='ocrx_word' id='word_1_200' title='bbox 240 1442 315 1483; x_wconf 90' lang='lat' dir='ltr'>sibi</span> <span class='ocrx_word' id='word_1_201' title='bbox 346 1445 386 1482; x_wconf 91' lang='lat' dir='ltr'>et</span> <span class='ocrx_word' id='word_1_202' title='bbox 427 1441 512 1482; x_wconf 89' lang='lat' dir='ltr'>suis</span> <span class='ocrx_word' id='word_1_203' title='bbox 555 1446 594 1481; x_wconf 88' lang='lat' dir='ltr'>et</span> <span class='ocrx_word' id='word_1_204' title='bbox 636 1441 811 1493; x_wconf 84' lang='lat' dir='ltr'>libertis,</span> <span class='ocrx_word' id='word_1_205' title='bbox 853 1441 1096 1493; x_wconf 82' lang='lat' dir='ltr'>libertabus,</span> <span class='ocrx_word' id='word_1_206' title='bbox 1137 1443 1393 1496; x_wconf 86' lang='lat' dir='ltr'>posterisque</span> <span class='ocrx_word' id='word_1_207' title='bbox 1435 1456 1587 1485; x_wconf 90' lang='lat' dir='ltr'>eorum.</span> <span class='ocrx_word' id='word_1_208' title='bbox 1647 1444 1733 1485; x_wconf 91' lang='lat' dir='ltr'>Hoc</span> 
     </span>
     <span class='ocr_line' id='line_1_22' title="bbox 110 1499 1731 1556; baseline 0.002 -15"><span class='ocrx_word' id='word_1_209' title='bbox 110 1505 408 1542; x_wconf 88' lang='lat' dir='ltr'>monumentum</span> <span class='ocrx_word' id='word_1_210' title='bbox 449 1499 640 1540; x_wconf 86' lang='lat' dir='ltr'>heredem</span> <span class='ocrx_word' id='word_1_211' title='bbox 683 1501 877 1553; x_wconf 83' lang='lat' dir='ltr'>sequitur.</span> <span class='ocrx_word' id='word_1_212' title='bbox 939 1502 980 1541; x_wconf 92' lang='lat' dir='ltr'>In</span> <span class='ocrx_word' id='word_1_213' title='bbox 1012 1501 1052 1541; x_wconf 89' lang='lat' dir='ltr'>F.</span> <span class='ocrx_word' id='word_1_214' title='bbox 1087 1502 1127 1542; x_wconf 88' lang='lat' dir='ltr'>P.</span> <span class='ocrx_word' id='word_1_215' title='bbox 1160 1502 1260 1543; x_wconf 77' lang='lat' dir='ltr'>XIV.</span> <span class='ocrx_word' id='word_1_216' title='bbox 1311 1502 1353 1543; x_wconf 89' lang='lat' dir='ltr'>In</span> <span class='ocrx_word' id='word_1_217' title='bbox 1384 1515 1448 1556; x_wconf 85' lang='lat' dir='ltr'>ag.</span> <span class='ocrx_word' id='word_1_218' title='bbox 1480 1503 1520 1544; x_wconf 92' lang='lat' dir='ltr'>P.</span> <span class='ocrx_word' id='word_1_219' title='bbox 1553 1501 1635 1544; x_wconf 91' lang='lat' dir='ltr'>XII.</span> <span class='ocrx_word' id='word_1_220' title='bbox 1675 1526 1731 1532; x_wconf 88' lang='lat'>-—</span> 
     </span>
     <span class='ocr_line' id='line_1_23' title="bbox 111 1562 662 1610; baseline -0.004 -10"><span class='ocrx_word' id='word_1_221' title='bbox 111 1563 255 1601; x_wconf 81' lang='lat' dir='ltr'>Romae.</span> <span class='ocrx_word' id='word_1_222' title='bbox 287 1563 429 1600; x_wconf 84' lang='lat' dir='ltr'>Fabret.</span> <span class='ocrx_word' id='word_1_223' title='bbox 463 1562 532 1610; x_wconf 87' lang='lat'>91,</span> <span class='ocrx_word' id='word_1_224' title='bbox 569 1562 662 1599; x_wconf 79' lang='lat'>180.</span> 
     </span>
    </p>
   </div>
   <div class='ocr_carea' id='block_1_8' title="bbox 110 1636 1738 1807">
    <p class='ocr_par' dir='ltr' id='par_1_8' title="bbox 110 1636 1738 1807">
     <span class='ocr_line' id='line_1_24' title="bbox 249 1636 1731 1693; baseline 0.003 -16"><span class='ocrx_word' id='word_1_225' title='bbox 249 1640 345 1678; x_wconf 85' lang='lat'>435.</span> <span class='ocrx_word' id='word_1_226' title='bbox 406 1637 449 1678; x_wconf 92' lang='lat' dir='ltr'>L.</span> <span class='ocrx_word' id='word_1_227' title='bbox 482 1636 650 1690; x_wconf 90' lang='lat' dir='ltr'>Ampius</span> <span class='ocrx_word' id='word_1_228' title='bbox 682 1637 724 1677; x_wconf 92' lang='lat' dir='ltr'>L.</span> <span class='ocrx_word' id='word_1_229' title='bbox 757 1637 798 1678; x_wconf 91' lang='lat' dir='ltr'>F.</span> <span class='ocrx_word' id='word_1_230' title='bbox 831 1637 1006 1678; x_wconf 83' lang='lat' dir='ltr'>Severus</span> <span class='ocrx_word' id='word_1_231' title='bbox 1039 1638 1115 1678; x_wconf 87' lang='lat' dir='ltr'>sihi</span> <span class='ocrx_word' id='word_1_232' title='bbox 1147 1642 1185 1679; x_wconf 93' lang='lat' dir='ltr'>et</span> <span class='ocrx_word' id='word_1_233' title='bbox 1216 1638 1259 1678; x_wconf 94' lang='lat' dir='ltr'>L.</span> <span class='ocrx_word' id='word_1_234' title='bbox 1292 1637 1434 1692; x_wconf 87' lang='lat' dir='ltr'>Ampio</span> <span class='ocrx_word' id='word_1_235' title='bbox 1467 1637 1508 1680; x_wconf 93' lang='lat' dir='ltr'>L.</span> <span class='ocrx_word' id='word_1_236' title='bbox 1542 1640 1582 1680; x_wconf 93' lang='lat' dir='ltr'>F.</span> <span class='ocrx_word' id='word_1_237' title='bbox 1615 1640 1731 1693; x_wconf 84' lang='lat' dir='ltr'>patri,</span> 
     </span>
     <span class='ocr_line' id='line_1_25' title="bbox 113 1696 1738 1741; baseline 0.001 -2"><span class='ocrx_word' id='word_1_238' title='bbox 113 1697 314 1739; x_wconf 87' lang='lat' dir='ltr'>Publiciae</span> <span class='ocrx_word' id='word_1_239' title='bbox 348 1696 441 1740; x_wconf 83' lang='lat' dir='ltr'>Sex,</span> <span class='ocrx_word' id='word_1_240' title='bbox 503 1696 544 1737; x_wconf 92' lang='lat' dir='ltr'>F.</span> <span class='ocrx_word' id='word_1_241' title='bbox 577 1696 735 1737; x_wconf 86' lang='lat' dir='ltr'>l&#39;aullae</span> <span class='ocrx_word' id='word_1_242' title='bbox 777 1697 891 1737; x_wconf 85' lang='lat' dir='ltr'>matri</span> <span class='ocrx_word' id='word_1_243' title='bbox 932 1701 1170 1738; x_wconf 82' lang='lat' dir='ltr'>testamento</span> <span class='ocrx_word' id='word_1_244' title='bbox 1212 1697 1300 1738; x_wconf 85' lang='lat' dir='ltr'>fieri</span> <span class='ocrx_word' id='word_1_245' title='bbox 1342 1699 1469 1740; x_wconf 85' lang='lat' dir='ltr'>iussit.</span> <span class='ocrx_word' id='word_1_246' title='bbox 1532 1698 1738 1741; x_wconf 89' lang='lat' dir='ltr'>Arbitratu</span> 
     </span>
     <span class='ocr_line' id='line_1_26' title="bbox 110 1756 1280 1807; baseline -0.002 -9"><span class='ocrx_word' id='word_1_247' title='bbox 110 1756 247 1798; x_wconf 85' lang='lat' dir='ltr'>Erotis</span> <span class='ocrx_word' id='word_1_248' title='bbox 280 1756 322 1797; x_wconf 93' lang='lat' dir='ltr'>L.</span> <span class='ocrx_word' id='word_1_249' title='bbox 358 1779 414 1786; x_wconf 92' lang='lat'>——</span> <span class='ocrx_word' id='word_1_250' title='bbox 446 1759 549 1795; x_wconf 85' lang='lat' dir='ltr'>Fabr.</span> <span class='ocrx_word' id='word_1_251' title='bbox 581 1771 616 1807; x_wconf 90' lang='lat' dir='ltr'>p.</span> <span class='ocrx_word' id='word_1_252' title='bbox 651 1758 745 1795; x_wconf 79' lang='lat'>750.</span> <span class='ocrx_word' id='word_1_253' title='bbox 808 1759 918 1795; x_wconf 82' lang='lat' dir='ltr'>More.</span> <span class='ocrx_word' id='word_1_254' title='bbox 952 1758 1017 1807; x_wconf 90' lang='lat' dir='ltr'>Op.</span> <span class='ocrx_word' id='word_1_255' title='bbox 1050 1771 1105 1807; x_wconf 88' lang='lat' dir='ltr'>ep.</span> <span class='ocrx_word' id='word_1_256' title='bbox 1138 1759 1182 1796; x_wconf 93' lang='lat'>11.</span> <span class='ocrx_word' id='word_1_257' title='bbox 1215 1759 1280 1797; x_wconf 84' lang='grc'>93.</span> 
     </span>
    </p>
   </div>
   <div class='ocr_carea' id='block_1_9' title="bbox 265 1830 1737 1888">
    <p class='ocr_par' dir='ltr' id='par_1_9' title="bbox 265 1830 1737 1888">
     <span class='ocr_line' id='line_1_27' title="bbox 265 1830 1737 1888; baseline 0.003 -16"><span class='ocrx_word' id='word_1_258' title='bbox 265 1835 362 1872; x_wconf 87' lang='grc'><strong>436.</strong></span> <span class='ocrx_word' id='word_1_259' title='bbox 423 1833 466 1874; x_wconf 94' lang='lat' dir='ltr'>L.</span> <span class='ocrx_word' id='word_1_260' title='bbox 499 1831 653 1874; x_wconf 86' lang='lat' dir='ltr'>Annius</span> <span class='ocrx_word' id='word_1_261' title='bbox 694 1832 733 1873; x_wconf 88' lang='lat' dir='ltr'>C.</span> <span class='ocrx_word' id='word_1_262' title='bbox 766 1832 807 1873; x_wconf 89' lang='lat' dir='ltr'>F.</span> <span class='ocrx_word' id='word_1_263' title='bbox 842 1830 992 1888; x_wconf 81' lang='lat' dir='ltr'>Pob.⁵)</span> <span class='ocrx_word' id='word_1_264' title='bbox 1036 1833 1109 1874; x_wconf 90' lang='lat' dir='ltr'>sibi</span> <span class='ocrx_word' id='word_1_265' title='bbox 1141 1838 1180 1873; x_wconf 91' lang='lat' dir='ltr'>et</span> <span class='ocrx_word' id='word_1_266' title='bbox 1209 1833 1261 1874; x_wconf 90' lang='lat' dir='ltr'>M.</span> <span class='ocrx_word' id='word_1_267' title='bbox 1303 1832 1435 1876; x_wconf 89' lang='lat' dir='ltr'>Annio</span> <span class='ocrx_word' id='word_1_268' title='bbox 1469 1834 1511 1876; x_wconf 91' lang='lat' dir='ltr'>C.</span> <span class='ocrx_word' id='word_1_269' title='bbox 1542 1834 1584 1876; x_wconf 91' lang='lat' dir='ltr'>F.</span> <span class='ocrx_word' id='word_1_270' title='bbox 1626 1834 1737 1877; x_wconf 81' lang='lat' dir='ltr'>fratri</span> 
     </span>
    </p>
   </div>
   <div class='ocr_carea' id='block_1_10' title="bbox 110 1891 1731 2004">
    <p class='ocr_par' dir='ltr' id='par_1_10' title="bbox 110 1891 1731 2004">
     <span class='ocr_line' id='line_1_28' title="bbox 114 1891 1731 1935; baseline 0.002 -3"><span class='ocrx_word' id='word_1_271' title='bbox 114 1891 202 1934; x_wconf 89' lang='lat' dir='ltr'>fieri</span> <span class='ocrx_word' id='word_1_272' title='bbox 244 1896 484 1934; x_wconf 84' lang='lat' dir='ltr'>testamento</span> <span class='ocrx_word' id='word_1_273' title='bbox 526 1893 650 1934; x_wconf 88' lang='lat' dir='ltr'>iussit.</span> <span class='ocrx_word' id='word_1_274' title='bbox 713 1891 941 1934; x_wconf 84' lang='lat' dir='ltr'>Probavere</span> <span class='ocrx_word' id='word_1_275' title='bbox 984 1892 1199 1934; x_wconf 90' lang='lat' dir='ltr'>Diomedes</span> <span class='ocrx_word' id='word_1_276' title='bbox 1231 1897 1271 1933; x_wconf 89' lang='lat' dir='ltr'>et</span> <span class='ocrx_word' id='word_1_277' title='bbox 1312 1892 1458 1935; x_wconf 86' lang='lat' dir='ltr'>Arthus</span> <span class='ocrx_word' id='word_1_278' title='bbox 1499 1894 1640 1935; x_wconf 84' lang='lat' dir='ltr'>liberti.</span> <span class='ocrx_word' id='word_1_279' title='bbox 1675 1916 1731 1923; x_wconf 82' lang='lat'>—-</span> 
     </span>
     <span class='ocr_line' id='line_1_29' title="bbox 110 1953 1027 2004; baseline 0.002 -14"><span class='ocrx_word' id='word_1_280' title='bbox 110 1953 229 1992; x_wconf 80' lang='lat' dir='ltr'>Maffei</span> <span class='ocrx_word' id='word_1_281' title='bbox 260 1955 303 1991; x_wconf 87' lang='lat' dir='ltr'>M.</span> <span class='ocrx_word' id='word_1_282' title='bbox 336 1955 379 1992; x_wconf 91' lang='lat' dir='ltr'>V.</span> <span class='ocrx_word' id='word_1_283' title='bbox 413 1967 446 2004; x_wconf 94' lang='lat' dir='ltr'>p.</span> <span class='ocrx_word' id='word_1_284' title='bbox 483 1954 575 1991; x_wconf 85' lang='lat'>149.</span> <span class='ocrx_word' id='word_1_285' title='bbox 642 1954 752 1990; x_wconf 84' lang='lat' dir='ltr'>More.</span> <span class='ocrx_word' id='word_1_286' title='bbox 786 1953 852 2002; x_wconf 90' lang='lat' dir='ltr'>Op.</span> <span class='ocrx_word' id='word_1_287' title='bbox 885 1954 927 1991; x_wconf 93' lang='lat' dir='ltr'>II.</span> <span class='ocrx_word' id='word_1_288' title='bbox 961 1953 1027 1992; x_wconf 88' lang='lat'>93.</span> 
     </span>
    </p>
   </div>
   <div class='ocr_carea' id='block_1_11' title="bbox 110 2027 1729 2141">
    <p class='ocr_par' dir='ltr' id='par_1_11' title="bbox 110 2027 1729 2141">
     <span class='ocr_line' id='line_1_30' title="bbox 253 2027 1729 2085; baseline 0.001 -17"><span class='ocrx_word' id='word_1_289' title='bbox 253 2031 349 2069; x_wconf 88' lang='grc'><strong>437.</strong></span> <span class='ocrx_word' id='word_1_290' title='bbox 411 2029 663 2070; x_wconf 86' lang='lat' dir='ltr'>Libertorum</span> <span class='ocrx_word' id='word_1_291' title='bbox 695 2028 928 2069; x_wconf 86' lang='lat' dir='ltr'>libertarum</span> <span class='ocrx_word' id='word_1_292' title='bbox 961 2033 1001 2068; x_wconf 90' lang='lat' dir='ltr'>et</span> <span class='ocrx_word' id='word_1_293' title='bbox 1033 2028 1201 2069; x_wconf 84' lang='lat' dir='ltr'>familiae</span> <span class='ocrx_word' id='word_1_294' title='bbox 1234 2028 1274 2069; x_wconf 93' lang='lat' dir='ltr'>C.</span> <span class='ocrx_word' id='word_1_295' title='bbox 1306 2028 1411 2070; x_wconf 87' lang='lat' dir='ltr'>Anni</span> <span class='ocrx_word' id='word_1_296' title='bbox 1443 2028 1482 2070; x_wconf 89' lang='lat' dir='ltr'>C.</span> <span class='ocrx_word' id='word_1_297' title='bbox 1513 2030 1555 2071; x_wconf 92' lang='lat' dir='ltr'>F.</span> <span class='ocrx_word' id='word_1_298' title='bbox 1585 2027 1729 2085; x_wconf 56' lang='lat' dir='ltr'>Corss)</span> 
     </span>
     <span class='ocr_line' id='line_1_31' title="bbox 110 2087 1729 2141; baseline 0 -12"><span class='ocrx_word' id='word_1_299' title='bbox 110 2087 312 2130; x_wconf 86' lang='lat' dir='ltr'>Pollionis.</span> <span class='ocrx_word' id='word_1_300' title='bbox 345 2112 400 2117; x_wconf 91' lang='lat'>—-</span> <span class='ocrx_word' id='word_1_301' title='bbox 432 2092 470 2128; x_wconf 94' lang='lat' dir='ltr'>In</span> <span class='ocrx_word' id='word_1_302' title='bbox 503 2091 559 2128; x_wconf 87' lang='lat' dir='ltr'>via</span> <span class='ocrx_word' id='word_1_303' title='bbox 591 2091 719 2140; x_wconf 87' lang='lat' dir='ltr'>Appia.</span> <span class='ocrx_word' id='word_1_304' title='bbox 749 2091 927 2138; x_wconf 87' lang='lat' dir='ltr'>Borghesi</span> <span class='ocrx_word' id='word_1_305' title='bbox 949 2091 982 2127; x_wconf 88' lang='lat' dir='ltr'>iu</span> <span class='ocrx_word' id='word_1_306' title='bbox 1006 2091 1166 2127; x_wconf 87' lang='lat' dir='ltr'>Bulletiu.</span> <span class='ocrx_word' id='word_1_307' title='bbox 1190 2091 1401 2139; x_wconf 82' lang='lat' dir='ltr'>archeolog.</span> <span class='ocrx_word' id='word_1_308' title='bbox 1430 2091 1551 2129; x_wconf 76' lang='lat'>1845.</span> <span class='ocrx_word' id='word_1_309' title='bbox 1573 2104 1609 2141; x_wconf 89' lang='lat' dir='ltr'>p.</span> <span class='ocrx_word' id='word_1_310' title='bbox 1637 2091 1729 2129; x_wconf 84' lang='grc'><strong>149.</strong></span> 
     </span>
    </p>
   </div>
   <div class='ocr_carea' id='block_1_12' title="bbox 110 2164 1730 2334">
    <p class='ocr_par' dir='ltr' id='par_1_12' title="bbox 110 2164 1730 2334">
     <span class='ocr_line' id='line_1_32' title="bbox 251 2164 1730 2219; baseline 0.001 -14"><span class='ocrx_word' id='word_1_311' title='bbox 251 2168 348 2205; x_wconf 79' lang='grc'><strong>438.</strong></span> <span class='ocrx_word' id='word_1_312' title='bbox 409 2166 494 2207; x_wconf 82' lang='grc' dir='ltr'>Ηοο</span> <span class='ocrx_word' id='word_1_313' title='bbox 539 2165 830 2219; x_wconf 82' lang='lat' dir='ltr'>adparatorium</span> <span class='ocrx_word' id='word_1_314' title='bbox 877 2166 1047 2218; x_wconf 87' lang='lat' dir='ltr'>pertinet</span> <span class='ocrx_word' id='word_1_315' title='bbox 1093 2164 1142 2205; x_wconf 87' lang='lat' dir='ltr'>ad</span> <span class='ocrx_word' id='word_1_316' title='bbox 1183 2165 1466 2207; x_wconf 85' lang='lat' dir='ltr'>monimentum</span> <span class='ocrx_word' id='word_1_317' title='bbox 1509 2166 1554 2215; x_wconf 82' lang='lat' dir='ltr'>Q.</span> <span class='ocrx_word' id='word_1_318' title='bbox 1596 2165 1730 2219; x_wconf 88' lang='lat' dir='ltr'>Aquili</span> 
     </span>
     <span class='ocr_line' id='line_1_33' title="bbox 110 2223 1729 2281; baseline 0.001 -16"><span class='ocrx_word' id='word_1_319' title='bbox 110 2224 275 2278; x_wconf 83' lang='lat' dir='ltr'>Dionysi</span> <span class='ocrx_word' id='word_1_320' title='bbox 307 2230 347 2266; x_wconf 88' lang='lat' dir='ltr'>et</span> <span class='ocrx_word' id='word_1_321' title='bbox 377 2225 530 2266; x_wconf 81' lang='lat' dir='ltr'>Noniae</span> <span class='ocrx_word' id='word_1_322' title='bbox 563 2225 615 2266; x_wconf 89' lang='lat' dir='ltr'>M.</span> <span class='ocrx_word' id='word_1_323' title='bbox 652 2225 693 2265; x_wconf 91' lang='lat' dir='ltr'>F.</span> <span class='ocrx_word' id='word_1_324' title='bbox 726 2225 948 2265; x_wconf 82' lang='lat' dir='ltr'>Faustinae.</span> <span class='ocrx_word' id='word_1_325' title='bbox 995 2223 1036 2264; x_wconf 90' lang='lat' dir='ltr'>ln</span> <span class='ocrx_word' id='word_1_326' title='bbox 1068 2224 1114 2264; x_wconf 82' lang='lat' dir='ltr'>fr.</span> <span class='ocrx_word' id='word_1_327' title='bbox 1147 2223 1237 2277; x_wconf 87' lang='lat' dir='ltr'>ped.</span> <span class='ocrx_word' id='word_1_328' title='bbox 1270 2224 1318 2265; x_wconf 91' lang='lat' dir='ltr'>X.</span> <span class='ocrx_word' id='word_1_329' title='bbox 1351 2227 1390 2266; x_wconf 90' lang='lat' dir='ltr'>in</span> <span class='ocrx_word' id='word_1_330' title='bbox 1422 2238 1522 2281; x_wconf 86' lang='lat' dir='ltr'>agro</span> <span class='ocrx_word' id='word_1_331' title='bbox 1554 2226 1594 2267; x_wconf 94' lang='lat' dir='ltr'>P.</span> <span class='ocrx_word' id='word_1_332' title='bbox 1626 2224 1729 2267; x_wconf 93' lang='lat' dir='ltr'>XVI.</span> 
     </span>
     <span class='ocr_line' id='line_1_34' title="bbox 112 2286 1007 2334; baseline -0.003 -10"><span class='ocrx_word' id='word_1_333' title='bbox 112 2307 168 2314; x_wconf 90' lang='lat'>--</span> <span class='ocrx_word' id='word_1_334' title='bbox 198 2287 327 2324; x_wconf 87' lang='lat' dir='ltr'>Reines</span> <span class='ocrx_word' id='word_1_335' title='bbox 358 2287 471 2334; x_wconf 83' lang='lat' dir='ltr'>XVII,</span> <span class='ocrx_word' id='word_1_336' title='bbox 507 2287 570 2324; x_wconf 83' lang='lat'>14.</span> <span class='ocrx_word' id='word_1_337' title='bbox 602 2287 746 2323; x_wconf 83' lang='lat' dir='ltr'>Fabret.</span> <span class='ocrx_word' id='word_1_338' title='bbox 780 2286 878 2333; x_wconf 79' lang='lat'>232,</span> <span class='ocrx_word' id='word_1_339' title='bbox 913 2286 1007 2322; x_wconf 82' lang='lat'>609.</span> 
     </span>
    </p>
   </div>
   <div class='ocr_carea' id='block_1_13' title="bbox 113 2359 1726 2520">
    <p class='ocr_par' dir='ltr' id='par_1_13' title="bbox 113 2359 1726 2520">
     <span class='ocr_line' id='line_1_35' title="bbox 253 2359 1721 2403; baseline 0.001 -3"><span class='ocrx_word' id='word_1_340' title='bbox 253 2363 348 2400; x_wconf 87' lang='grc'><strong>439.</strong></span> <span class='ocrx_word' id='word_1_341' title='bbox 412 2359 452 2401; x_wconf 78' lang='grc' dir='ltr'><strong>Ο.</strong></span> <span class='ocrx_word' id='word_1_342' title='bbox 486 2360 627 2402; x_wconf 87' lang='lat' dir='ltr'>Arrius</span> <span class='ocrx_word' id='word_1_343' title='bbox 660 2361 701 2402; x_wconf 88' lang='lat' dir='ltr'>C.</span> <span class='ocrx_word' id='word_1_344' title='bbox 735 2360 776 2401; x_wconf 91' lang='lat' dir='ltr'>F.</span> <span class='ocrx_word' id='word_1_345' title='bbox 809 2365 1048 2401; x_wconf 87' lang='lat' dir='ltr'>monument.</span> <span class='ocrx_word' id='word_1_346' title='bbox 1081 2359 1154 2401; x_wconf 88' lang='lat' dir='ltr'>sibi</span> <span class='ocrx_word' id='word_1_347' title='bbox 1186 2359 1272 2400; x_wconf 86' lang='lat' dir='ltr'>fieri</span> <span class='ocrx_word' id='word_1_348' title='bbox 1303 2361 1426 2402; x_wconf 92' lang='lat' dir='ltr'>iussit.</span> <span class='ocrx_word' id='word_1_349' title='bbox 1455 2361 1548 2403; x_wconf 88' lang='lat' dir='ltr'>Sex.</span> <span class='ocrx_word' id='word_1_350' title='bbox 1569 2359 1721 2402; x_wconf 87' lang='lat' dir='ltr'>Acilius</span> 
     </span>
     <span class='ocr_line' id='line_1_36' title="bbox 115 2419 1726 2470; baseline 0 -10"><span class='ocrx_word' id='word_1_351' title='bbox 115 2419 155 2460; x_wconf 90' lang='lat' dir='ltr'>C.</span> <span class='ocrx_word' id='word_1_352' title='bbox 198 2420 239 2461; x_wconf 87' lang='lat' dir='ltr'>F.</span> <span class='ocrx_word' id='word_1_353' title='bbox 282 2420 401 2461; x_wconf 89' lang='lat' dir='ltr'>heres</span> <span class='ocrx_word' id='word_1_354' title='bbox 443 2419 550 2461; x_wconf 79' lang='lat' dir='ltr'>fecit.</span> <span class='ocrx_word' id='word_1_355' title='bbox 593 2442 650 2451; x_wconf 76' lang='lat'>—-</span> <span class='ocrx_word' id='word_1_356' title='bbox 691 2423 825 2460; x_wconf 86' lang='lat' dir='ltr'>Bertol.</span> <span class='ocrx_word' id='word_1_357' title='bbox 868 2423 951 2460; x_wconf 87' lang='lat' dir='ltr'>Ant.</span> <span class='ocrx_word' id='word_1_358' title='bbox 992 2422 1112 2469; x_wconf 88' lang='lat' dir='ltr'>Aquil.</span> <span class='ocrx_word' id='word_1_359' title='bbox 1154 2434 1190 2470; x_wconf 91' lang='lat' dir='ltr'>p.</span> <span class='ocrx_word' id='word_1_360' title='bbox 1226 2421 1318 2460; x_wconf 88' lang='grc'><strong>193.</strong></span> <span class='ocrx_word' id='word_1_361' title='bbox 1361 2435 1396 2460; x_wconf 94' lang='lat' dir='ltr'>n.</span> <span class='ocrx_word' id='word_1_362' title='bbox 1427 2422 1524 2460; x_wconf 84' lang='lat'>216.</span> <span class='ocrx_word' id='word_1_363' title='bbox 1565 2423 1726 2461; x_wconf 85' lang='lat' dir='ltr'>Moreell.</span> 
     </span>
     <span class='ocr_line' id='line_1_37' title="bbox 113 2478 393 2520; baseline 0 -1"><span class='ocrx_word' id='word_1_364' title='bbox 113 2482 188 2520; x_wconf 87' lang='lat' dir='ltr'>Stil.</span> <span class='ocrx_word' id='word_1_365' title='bbox 220 2478 393 2520; x_wconf 86' lang='lat' dir='ltr'>CXXVII.</span> 
     </span>
    </p>
   </div>
   <div class='ocr_carea' id='block_1_14' title="bbox 111 2552 1729 2788">
    <p class='ocr_par' dir='ltr' id='par_1_14' title="bbox 111 2552 1729 2788">
     <span class='ocr_line' id='line_1_38' title="bbox 251 2552 1725 2611; baseline 0.002 -16"><span class='ocrx_word' id='word_1_366' title='bbox 251 2559 350 2597; x_wconf 89' lang='grc'><strong>440.</strong></span> <span class='ocrx_word' id='word_1_367' title='bbox 411 2555 621 2599; x_wconf 89' lang='lat' dir='ltr'>Arriorum</span> <span class='ocrx_word' id='word_1_368' title='bbox 653 2569 813 2597; x_wconf 91' lang='lat' dir='ltr'>monum</span> <span class='ocrx_word' id='word_1_369' title='bbox 829 2552 883 2610; x_wconf 71' lang='lat'>⁷).</span> <span class='ocrx_word' id='word_1_370' title='bbox 944 2554 984 2595; x_wconf 91' lang='lat' dir='ltr'>In</span> <span class='ocrx_word' id='word_1_371' title='bbox 1017 2553 1066 2595; x_wconf 86' lang='lat' dir='ltr'>fr.</span> <span class='ocrx_word' id='word_1_372' title='bbox 1099 2554 1188 2608; x_wconf 85' lang='lat' dir='ltr'>ped.</span> <span class='ocrx_word' id='word_1_373' title='bbox 1220 2555 1309 2596; x_wconf 87' lang='lat' dir='ltr'>XX.</span> <span class='ocrx_word' id='word_1_374' title='bbox 1341 2556 1380 2597; x_wconf 91' lang='lat' dir='ltr'>in</span> <span class='ocrx_word' id='word_1_375' title='bbox 1411 2569 1495 2611; x_wconf 86' lang='lat' dir='ltr'>agr.</span> <span class='ocrx_word' id='word_1_376' title='bbox 1527 2556 1567 2597; x_wconf 95' lang='lat' dir='ltr'>P.</span> <span class='ocrx_word' id='word_1_377' title='bbox 1599 2555 1725 2598; x_wconf 87' lang='lat' dir='ltr'>XXX.</span> 
     </span>
     <span class='ocr_line' id='line_1_39' title="bbox 113 2612 1729 2670; baseline 0 -14"><span class='ocrx_word' id='word_1_378' title='bbox 113 2614 163 2656; x_wconf 91' lang='lat' dir='ltr'>A.</span> <span class='ocrx_word' id='word_1_379' title='bbox 195 2613 334 2656; x_wconf 88' lang='lat' dir='ltr'>Arrius</span> <span class='ocrx_word' id='word_1_380' title='bbox 369 2614 416 2656; x_wconf 92' lang='lat' dir='ltr'>A.</span> <span class='ocrx_word' id='word_1_381' title='bbox 450 2615 491 2656; x_wconf 92' lang='lat' dir='ltr'>F.</span> <span class='ocrx_word' id='word_1_382' title='bbox 531 2613 694 2670; x_wconf 69' lang='lat' dir='ltr'>Lem.8)</span> <span class='ocrx_word' id='word_1_383' title='bbox 737 2615 871 2657; x_wconf 85' lang='lat' dir='ltr'>Ferox</span> <span class='ocrx_word' id='word_1_384' title='bbox 912 2615 952 2655; x_wconf 91' lang='lat' dir='ltr'>P.</span> <span class='ocrx_word' id='word_1_385' title='bbox 985 2612 1127 2655; x_wconf 87' lang='lat' dir='ltr'>Arrius</span> <span class='ocrx_word' id='word_1_386' title='bbox 1168 2614 1237 2656; x_wconf 91' lang='lat' dir='ltr'>Cn.</span> <span class='ocrx_word' id='word_1_387' title='bbox 1271 2615 1311 2655; x_wconf 91' lang='lat' dir='ltr'>F.</span> <span class='ocrx_word' id='word_1_388' title='bbox 1343 2615 1450 2656; x_wconf 91' lang='lat' dir='ltr'>Lem.</span> <span class='ocrx_word' id='word_1_389' title='bbox 1483 2615 1729 2669; x_wconf 89' lang='lat' dir='ltr'>Valentinus,</span> 
     </span>
     <span class='ocr_line' id='line_1_40' title="bbox 111 2672 1726 2730; baseline 0.002 -16"><span class='ocrx_word' id='word_1_390' title='bbox 111 2673 156 2714; x_wconf 92' lang='lat' dir='ltr'>L.</span> <span class='ocrx_word' id='word_1_391' title='bbox 188 2674 330 2716; x_wconf 92' lang='lat' dir='ltr'>Arrius</span> <span class='ocrx_word' id='word_1_392' title='bbox 360 2675 402 2715; x_wconf 93' lang='lat' dir='ltr'>P.</span> <span class='ocrx_word' id='word_1_393' title='bbox 434 2674 475 2715; x_wconf 92' lang='lat' dir='ltr'>F.</span> <span class='ocrx_word' id='word_1_394' title='bbox 509 2674 618 2715; x_wconf 91' lang='lat' dir='ltr'>Lem.</span> <span class='ocrx_word' id='word_1_395' title='bbox 652 2674 838 2726; x_wconf 85' lang='lat' dir='ltr'>Scurrus,</span> <span class='ocrx_word' id='word_1_396' title='bbox 870 2673 977 2714; x_wconf 88' lang='lat' dir='ltr'>Trib.</span> <span class='ocrx_word' id='word_1_397' title='bbox 1010 2672 1087 2713; x_wconf 89' lang='lat' dir='ltr'>mil.</span> <span class='ocrx_word' id='word_1_398' title='bbox 1120 2673 1200 2728; x_wconf 87' lang='lat' dir='ltr'>leg.</span> <span class='ocrx_word' id='word_1_399' title='bbox 1232 2673 1270 2715; x_wconf 91' lang='lat' dir='ltr'>X</span> <span class='ocrx_word' id='word_1_400' title='bbox 1300 2673 1406 2730; x_wconf 87' lang='lat' dir='ltr'>Aug.</span> <span class='ocrx_word' id='word_1_401' title='bbox 1442 2687 1581 2716; x_wconf 90' lang='lat' dir='ltr'>comm.</span> <span class='ocrx_word' id='word_1_402' title='bbox 1614 2686 1726 2718; x_wconf 85' lang='lat' dir='ltr'>cons.</span> 
     </span>
     <span class='ocr_line' id='line_1_41' title="bbox 113 2730 1237 2788; baseline 0.001 -15"><span class='ocrx_word' id='word_1_403' title='bbox 113 2731 237 2775; x_wconf 82' lang='lat' dir='ltr'>fecer.</span> <span class='ocrx_word' id='word_1_404' title='bbox 251 2730 305 2788; x_wconf 75' lang='lat'>9).</span> <span class='ocrx_word' id='word_1_405' title='bbox 337 2757 394 2763; x_wconf 84' lang='lat'>——-</span> <span class='ocrx_word' id='word_1_406' title='bbox 425 2736 556 2773; x_wconf 83' lang='lat' dir='ltr'>Pratill.</span> <span class='ocrx_word' id='word_1_407' title='bbox 587 2737 682 2785; x_wconf 91' lang='lat' dir='ltr'>App.</span> <span class='ocrx_word' id='word_1_408' title='bbox 713 2736 733 2772; x_wconf 94' lang='lat' dir='ltr'>l.</span> <span class='ocrx_word' id='word_1_409' title='bbox 765 2736 791 2772; x_wconf 95' lang='grc' dir='ltr'><strong>Ι.</strong></span> <span class='ocrx_word' id='word_1_410' title='bbox 825 2748 854 2773; x_wconf 92' lang='lat' dir='ltr'>c.</span> <span class='ocrx_word' id='word_1_411' title='bbox 888 2736 925 2772; x_wconf 81' lang='lat'>8.</span> <span class='ocrx_word' id='word_1_412' title='bbox 956 2735 1066 2772; x_wconf 77' lang='lat' dir='ltr'>More.</span> <span class='ocrx_word' id='word_1_413' title='bbox 1099 2734 1151 2773; x_wconf 87' lang='lat' dir='ltr'>St.</span> <span class='ocrx_word' id='word_1_414' title='bbox 1183 2747 1237 2774; x_wconf 86' lang='lat' dir='ltr'>cc.</span> 
     </span>
    </p>
   </div>
   <div class='ocr_carea' id='block_1_15' title="bbox 117 2848 1727 2988">
    <p class='ocr_par' dir='ltr' id='par_1_15' title="bbox 117 2848 1727 2988">
     <span class='ocr_line' id='line_1_42' title="bbox 254 2848 1723 2896; baseline 0.001 -12"><span class='ocrx_word' id='word_1_415' title='bbox 254 2850 290 2894; x_wconf 83' lang='lat'>1)</span> <span class='ocrx_word' id='word_1_416' title='bbox 316 2852 454 2896; x_wconf 77' lang='lat' dir='ltr'>legavit.</span> <span class='ocrx_word' id='word_1_417' title='bbox 481 2870 522 2875; x_wconf 90' lang='lat'>—</span> <span class='ocrx_word' id='word_1_418' title='bbox 548 2850 587 2893; x_wconf 84' lang='lat'>2)</span> <span class='ocrx_word' id='word_1_419' title='bbox 612 2852 734 2886; x_wconf 86' lang='lat' dir='ltr'>unicae</span> <span class='ocrx_word' id='word_1_420' title='bbox 768 2851 952 2886; x_wconf 81' lang='lat' dir='ltr'>aediculae.</span> <span class='ocrx_word' id='word_1_421' title='bbox 980 2869 1021 2873; x_wconf 90' lang='lat'>—</span> <span class='ocrx_word' id='word_1_422' title='bbox 1049 2849 1087 2893; x_wconf 85' lang='lat'>3)</span> <span class='ocrx_word' id='word_1_423' title='bbox 1113 2851 1311 2886; x_wconf 83' lang='lat' dir='ltr'>collibertis.</span> <span class='ocrx_word' id='word_1_424' title='bbox 1347 2868 1387 2874; x_wconf 91' lang='lat'><em>-</em></span> <span class='ocrx_word' id='word_1_425' title='bbox 1422 2848 1462 2894; x_wconf 86' lang='grc'>4)</span> <span class='ocrx_word' id='word_1_426' title='bbox 1490 2851 1633 2886; x_wconf 80' lang='lat' dir='ltr'>fortasse</span> <span class='ocrx_word' id='word_1_427' title='bbox 1656 2851 1723 2886; x_wconf 85' lang='lat' dir='ltr'>ET.</span> 
     </span>
     <span class='ocr_line' id='line_1_43' title="bbox 117 2896 1727 2942; baseline 0.001 -11"><span class='ocrx_word' id='word_1_428' title='bbox 117 2915 158 2921; x_wconf 94' lang='lat'>—-</span> <span class='ocrx_word' id='word_1_429' title='bbox 185 2896 224 2940; x_wconf 84' lang='lat'>5)</span> <span class='ocrx_word' id='word_1_430' title='bbox 248 2898 390 2932; x_wconf 86' lang='lat' dir='ltr'>Poblilia</span> <span class='ocrx_word' id='word_1_431' title='bbox 415 2898 516 2932; x_wconf 84' lang='lat' dir='ltr'>tribu.</span> <span class='ocrx_word' id='word_1_432' title='bbox 544 2917 586 2922; x_wconf 97' lang='lat'><strong>—</strong></span> <span class='ocrx_word' id='word_1_433' title='bbox 613 2896 651 2942; x_wconf 86' lang='lat'>6)</span> <span class='ocrx_word' id='word_1_434' title='bbox 683 2898 841 2934; x_wconf 84' lang='lat' dir='ltr'>Cornelia</span> <span class='ocrx_word' id='word_1_435' title='bbox 865 2898 966 2933; x_wconf 86' lang='lat' dir='ltr'>tribu.</span> <span class='ocrx_word' id='word_1_436' title='bbox 993 2915 1036 2923; x_wconf 91' lang='lat'>—</span> <span class='ocrx_word' id='word_1_437' title='bbox 1063 2897 1100 2942; x_wconf 79' lang='lat'>7)</span> <span class='ocrx_word' id='word_1_438' title='bbox 1125 2904 1394 2934; x_wconf 84' lang='lat' dir='ltr'>monumentum.</span> <span class='ocrx_word' id='word_1_439' title='bbox 1419 2916 1463 2923; x_wconf 92' lang='lat'>—</span> <span class='ocrx_word' id='word_1_440' title='bbox 1487 2896 1527 2942; x_wconf 85' lang='lat'>8)</span> <span class='ocrx_word' id='word_1_441' title='bbox 1553 2898 1727 2934; x_wconf 86' lang='lat' dir='ltr'>Lemonia.</span> 
     </span>
     <span class='ocr_line' id='line_1_44' title="bbox 117 2944 801 2988; baseline 0.001 -8"><span class='ocrx_word' id='word_1_442' title='bbox 117 2962 159 2969; x_wconf 89' lang='lat'>-—</span> <span class='ocrx_word' id='word_1_443' title='bbox 185 2944 224 2988; x_wconf 88' lang='grc'>9)</span> <span class='ocrx_word' id='word_1_444' title='bbox 250 2947 420 2980; x_wconf 89' lang='lat' dir='ltr'>communi</span> <span class='ocrx_word' id='word_1_445' title='bbox 445 2956 612 2981; x_wconf 89' lang='lat' dir='ltr'>consensu</span> <span class='ocrx_word' id='word_1_446' title='bbox 637 2946 801 2981; x_wconf 82' lang='lat' dir='ltr'>fecerunt.</span> 
     </span>
    </p>
   </div>
  </div>
 </body>
</html>
