1877 3313
172 167 257 210 236
624 166 729 202 Inscr.
753 167 927 212 profanae.
976 166 1058 213 Cap.
1086 167 1125 203 11.
1173 168 1332 204 Tabulae.

826 275 878 317 Ca
911 281 953 317 ut
983 275 1116 316 XLVI.

310 331 437 380 Quem
470 332 559 385 quis
590 332 628 373 in
661 330 794 374 Africa
826 289 964 389 agipum
997 334 1296 387 possessionem
1330 335 1523 387 quoiusve
1557 335 1642 390 agri
1673 347 1775 390 pos-

171 390 416 432 sessionisve
446 391 702 444 superficium
733 390 933 448 posside]t
965 393 1181 442 fruiturve,
1224 406 1342 446 quem
1374 406 1512 447 agrum
1543 395 1776 446 possessio-

171 461 314 490 nemve
346 449 539 502 quoiusve
573 451 657 503 agri
683 453 1003 504 possessionisve
1025 451 1276 505 superficium
1301 464 1336 504 q.
1361 464 1419 504 pr.
1443 465 1504 492 ve.
1525 449 1561 505 ¹)
1593 448 1775 506 pu[blice

168 505 457 563 vendidit]‚...
491 508 542 549 ob
576 521 663 549 eum
697 522 833 562 agrum
866 510 995 552 locum
1029 511 1329 563 possessionem
1366 506 1642 563 [superficium
1675 523 1774 551 vec-

169 566 262 619 tigal
304 565 492 607 decumas
534 564 791 623 stipendiJum
807 566 846 622 2)
891 566 1019 623 scrip[
1024 566 1169 623 t]u1·am
1219 569 1376 621 pecoris
1419 569 1484 609 nei
1526 568 1617 611 dato
1657 570 1773 610 neive

173 622 350 680 [solvito.

813 685 934 740 Caput
965 686 1114 727 XLVII.

314 742 415 791 Quei
447 743 560 797 agrei
591 743 692 784 locei
730 744 1198 801 possessionesqueJ....
1232 746 1264 786 is
1295 758 1394 800 ager
1425 757 1478 785 ex
1509 746 1547 787 S.
1581 744 1620 786 C.
1663 744 1776 787 datus

168 799 395 856 adsignatus
427 806 501 852 est,
534 802 570 842 ei
602 803 712 856 agrei
745 805 835 856 quei
867 804 970 845 locei
1001 805 1362 858 possessionesque
1380 802 1421 858 ³)
1457 817 1504 845 ea
1537 804 1667 846 omnia
1699 817 1776 846 eo-

168 873 255 901 rum
287 857 505 913 h[ominum
546 866 662 902 sunto
704 861 903 916 facitoque
936 864 968 904 is
999 876 1056 914 pr.
1099 876 1224 916 prove
1256 876 1314 917 pr.
1348 876 1428 917 quo
1461 861 1527 918 de]
1562 876 1610 904 ea
1650 875 1696 904 re
1736 864 1776 904 in

166 919 256 960 ious
287 918 434 960 aditum
465 919 632 960 erit....
668 917 801 973 [neivc
832 921 946 962 aliter
977 920 1114 976 atque]
1149 923 1228 963 utei
1269 922 1319 963 de
1350 935 1397 963 ea
1429 933 1472 962 re
1504 923 1542 963 in
1575 922 1598 962 l.
1631 934 1663 963 S.
1696 927 1771 973 est,

167 989 375 1019 neive....

812 1038 936 1093 Caput
967 1038 1129 1079 XLVIII.

305 1093 358 1151 [11
376 1097 447 1148 vir,
479 1096 572 1150 quei
604 1109 655 1137 ex
687 1096 721 1136 h.
756 1096 779 1137 l.
811 1096 938 1139 factus
971 1102 1184 1138 creatusve
1215 1098 1302 1148 erit,
1336 1099 1368 1138 is
1401 1098 1439 1138 in
1473 1096 1613 1139 diebus
1645 1109 1775 1151 prox-

167 1155 340 1206 sumeis,
381 1155 523 1208 quibus
556 1154 681 1196 sactus
716 1161 924 1197 creatusve
957 1157 1054 1207 erit,
1087 1156 1205 1197 facito
1238 1157 1318 1197 utei
1350 1157 1494 1198 horrea
1526 1157 1646 1198 certis
1678 1156 1775 1199 locis

164 1214 202 1254 in
234 1213 369 1255 Africa
400 1214 704 1263 constituantur,
738 1226 814 1268 quo
847 1215 1001 1257 fructus
1034 1212 1152 1269 s]uos
1187 1220 1450 1269 comportent,
1483 1215 1625 1268 quibus
1653 1227 1706 1256 ex
1737 1216 1773 1257 h.

162 1273 186 1313 I.
219 1285 317 1327 ager
347 1272 459 1314 locus
491 1272 604 1313 datus
638 1272 814 1314 redditus
847 1279 1108 1315 commutatus
1152 1273 1383 1328 adsignatus
1418 1271 1655 1329 [relictusve
1687 1275 1775 1328 erit,

162 1331 358 1384 quibusve
391 1344 531 1386 agrum
563 1330 696 1372 locum
729 1345 780 1372 ex
811 1333 846 1373 l't.
880 1330 929 1387 1.]
964 1334 1047 1373 dari
1080 1331 1280 1387 adsignari
1316 1330 1550 1387 [oportebit.

825 1391 948 1445 Caput
979 1392 1112 1432 XLIX.

305 1448 406 1496 Quei
437 1461 535 1503 ager
568 1450 771 1491 locus....
807 1448 922 1504 elum
954 1464 1090 1505 agrum
1125 1450 1255 1491 locum
1289 1448 1435 1505 ceivi[s
1466 1447 1772 1506 romanus...]

836 1595 950 1642 Caput
982 1595 1100 1631 XLVI.

304 1651 415 1696 Quem
447 1651 524 1699 quis
556 1652 588 1688 in
621 1651 741 1688 Africa
775 1663 899 1698 agrum
927 1654 1191 1702 possessionem
1216 1653 1362 1690 cuiusve
1388 1653 1465 1701 agri
1486 1652 1771 1703 possessionisve

162 1709 386 1758 superficium
418 1710 579 1759 possidet
611 1711 806 1757 srfflturve,
850 1724 952 1759 quem
997 1724 1120 1759 agrum
1163 1712 1475 1764 possessionemve
1517 1712 1662 1749 cuiusve
1693 1712 1772 1759 agri

163 1769 446 1817 possessionisve
468 1770 691 1817 superlicium
719 1775 889 1818 quaestor
920 1776 1114 1819 praetorve
1146 1771 1287 1819 publice
1324 1772 1480 1808 vendidit
1493 1800 1587 1809 .....
1621 1772 1667 1808 ob
1692 1782 1771 1808 eum

163 1839 288 1874 agrum
320 1828 437 1864 locum
468 1829 731 1876 possessionem
763 1830 987 1877 superficium
1020 1831 1178 1877 vectigal
1211 1831 1376 1866 decumas
1409 1830 1623 1879 stipendium
1652 1830 1771 1878 scrip-

162 1890 275 1923 turam
307 1886 450 1935 pecoris
486 1899 527 1923 nc
562 1888 645 1923 dato
679 1899 770 1924 neve
801 1889 943 1925 solvito.

831 1949 942 1995 Caput
975 1948 1110 1984 XLVII.

303 2004 369 2048 Qui
410 2004 487 2050 agri
530 2005 597 2041 loci
640 2005 957 2054 possessionesque
1136 2006 1163 2042 is
1196 2019 1285 2055 ager
1329 2018 1372 2044 ex
1417 2011 1559 2044 senatus
1604 2007 1769 2044 consulto

163 2062 267 2100 datus
299 2062 504 2110 adsignatus
538 2068 612 2109 est,
646 2065 666 2100 ii
700 2065 776 2112 agri
810 2065 878 2101 loci
910 2066 1236 2114 possesionesque,
1270 2078 1310 2103 ea
1345 2067 1459 2103 omnia
1493 2077 1618 2103 eorum
1650 2067 1768 2103 homi-

163 2133 244 2159 num
275 2126 380 2158 sunto
414 2122 593 2169 facitoque
625 2124 651 2159 is
684 2128 833 2171 praetor
864 2136 978 2172 prove
1011 2129 1193 2173 praetore,
1226 2137 1296 2173 quo
1332 2126 1375 2161 de
1410 2137 1451 2162 ea
1483 2136 1523 2162 re
1554 2125 1663 2162 iuius
1689 2125 1769 2162 adi-

164 2185 236 2218 tum
269 2180 336 2218 erit
367 2209 477 2218 ......
513 2193 602 2218 neve
636 2182 737 2219 aliter
768 2187 878 2230 atque
912 2184 959 2219 uti
992 2184 1037 2219 de
1070 2195 1110 2219 ea
1143 2195 1180 2219 re
1214 2184 1245 2220 in
1280 2185 1345 2220 hac
1386 2185 1470 2231 lege
1501 2184 1669 2232 scriptum
1703 2188 1769 2231 est⁷

161 2251 254 2278 neve
268 2268 384 2277 ......

817 2300 929 2349 Caput
963 2301 1112 2337 XLVIII.

304 2357 495 2402 Duumvir‚
527 2357 587 2405 qui
621 2369 666 2394 ex
698 2359 767 2396 bac
797 2359 881 2407 lege
914 2360 1027 2396 factus
1060 2364 1247 2396 creatusve
1280 2359 1359 2406 erit,
1393 2360 1419 2396 is
1454 2360 1486 2396 in
1520 2359 1643 2396 diebus
1676 2372 1769 2409 pro-

163 2415 292 2463 xlmis,
325 2417 449 2464 quibus
483 2417 595 2453 factus
628 2422 816 2455 creatusve
849 2418 929 2465 erit,
961 2419 1071 2455 facito
1104 2418 1154 2455 uti
1187 2419 1317 2455 horrea
1350 2419 1456 2455 certis
1480 2419 1568 2456 locis
1590 2419 1624 2455 in
1647 2419 1769 2456 Africa

159 2476 432 2522 constituantur,
464 2486 534 2523 quo
567 2475 705 2513 fructus
737 2489 821 2514 suos
854 2482 1103 2526 comportent,
1135 2478 1260 2525 quibus
1293 2489 1338 2513 ex
1373 2479 1439 2515 hac
1472 2478 1555 2525 lege
1587 2489 1678 2524 ager
1708 2479 1768 2515 lo-

161 2547 222 2572 cus
254 2536 354 2572 datus
385 2534 544 2571 redditus
577 2540 811 2572 commutatus
856 2537 1060 2584 adsignatus
1095 2536 1287 2572 relictusve
1329 2537 1397 2573 erit
1439 2537 1611 2584 quibusve
1644 2548 1769 2584 agrum

162 2594 280 2631 locum
313 2605 358 2630 ex
388 2593 455 2630 bac
487 2593 569 2639 lege
604 2594 678 2630 dari
711 2595 812 2632 reddi
846 2595 1026 2641 adsignari
1059 2595 1251 2643 oportebit.

834 2655 947 2703 Caput
979 2654 1096 2690 XLIX.

304 2711 369 2755 Qui
402 2721 490 2759 ager
521 2711 619 2748 locus
652 2740 766 2749 ......
800 2725 878 2750 eum
912 2724 1037 2760 agrum
1067 2713 1183 2750 locum
1216 2713 1300 2750 civis
1323 2724 1463 2751 romans
1496 2741 1613 2751 ......
1646 2712 1766 2761 quod-

301 2832 340 2875 1)
366 2839 526 2880 quaestor
550 2839 743 2878 praetorve.
773 2853 810 2858 —
843 2832 880 2877 2)
906 2834 972 2868 Pro
997 2835 1193 2879 stipendium
1219 2835 1409 2869 Husclikius
1435 2832 1657 2878 supplendum
1684 2844 1767 2868 cen-

161 2885 212 2913 set
235 2880 400 2915 solarium.
442 2881 536 2915 Ide-m
561 2892 625 2926 que
652 2893 682 2925 p.
710 2882 776 2915 617
803 2882 957 2916 lacunam
984 2888 1059 2926 post
1085 2881 1189 2916 verba
1214 2882 1344 2926 publice
1368 2881 1513 2914 vendidit
1538 2882 1581 2914 ita
1612 2880 1766 2925 supplet:

161 2927 196 2959 in
222 2937 306 2969 agro
331 2939 432 2962 manu
458 2933 557 2974 capto
582 2929 659 2961 inve
686 2928 780 2962 bonis
804 2930 1001 2963 sectioneve
1024 2930 1144 2972 quoius
1169 2930 1331 2963 vendidit.
1360 2946 1400 2951 —
1428 2928 1466 2970 3)
1493 2927 1529 2961 In
1547 2926 1665 2962 tabula
1684 2927 1766 2961 ἰοί-α’

166 2973 254 3009 male
278 2976 438 3012 omittitur
463 2982 497 3011 et
521 2975 662 3022 legitur:
687 2977 951 3021 possesionisque.
