1877 3313
519 133 550 175 §.
576 134 608 168 9.
655 131 743 168 Acta
766 132 902 177 publica
926 132 1197 177 municipiorum,
1573 134 1658 177 365

55 293 92 332 Β.
123 288 159 326 9.
219 287 317 326 Acta
344 288 496 337 publica
526 290 834 337 municipiorum:
863 289 1027 326 Decreta
1057 288 1212 335 (ordine
1244 290 1475 339 alphabetico
1495 291 1661 329 locorum

109 349 326 397 disposita).
370 347 535 386 Tabulae
565 349 716 397 hospitii
747 355 783 386 et
807 354 1047 396 patronatus.
1092 349 1286 388 Nominum
1318 350 1405 388 alba
1436 356 1470 388 et
1500 351 1606 388 Fasti

728 408 986 456 municipales.

200 525 321 563 1741.
383 523 427 564 Κ.
459 522 652 564 Novemb.

193 582 236 623 L.
269 582 424 623 Nonius
454 581 621 623 Rufinus
652 582 959 636 Pomponianus‚
991 583 1036 631 Q.
1062 582 1256 625 Veronius
1276 583 1427 626 Fuscus
1449 584 1488 625 P.
1512 584 1538 625 l.
1561 584 1607 626 D.
1625 582 1661 640 ¹)

195 641 319 682 Serib.
351 638 484 695 adf.2)
518 640 559 681 C.
592 640 799 682 Lucretius
831 640 1063 691 Helvianus,
1095 641 1144 683 M.
1178 642 1345 685 Trebius
1376 643 1584 696 Proculus,
1618 643 1660 686 L.

56 698 252 742 Cammius
284 699 491 741 Maximus.

197 818 295 860 Cum
326 830 451 872 prona
483 817 699 869 voluntate,
731 818 1012 860 honestissimo
1046 820 1175 861 animo
1208 820 1311 861 ultro
1345 821 1386 862 C.
1408 820 1545 862 Alvius
1568 820 1662 862 Pol-

55 877 108 919 lio
140 876 273 918 llIlvir
304 877 330 917 l.
362 877 409 917 D.
424 875 466 931 4)
498 878 535 917 in
568 878 790 931 proximum
824 890 968 919 annum
998 878 1207 931 professus
1238 880 1300 931 sit,
1333 893 1412 933 quo
1434 879 1539 921 facto
1563 879 1664 920 liae-

55 936 227 978 sitationi
258 936 438 990 publicae
470 937 506 976 in
539 941 690 989 partem
730 950 880 978 moram
912 937 1123 989 ademerit,
1156 938 1327 992 placere,
1360 940 1396 979 ei
1428 951 1506 992 quo
1538 939 1663 991 magis

57 997 172 1036 etiam
215 996 339 1036 ceteri
381 994 429 1035 ad
472 994 799 1036 benefaciendum
841 997 879 1036 in
913 1009 957 1036 re
999 997 1150 1049 publica
1189 1001 1458 1050 provocentur
1497 1002 1663 1040 statuam

57 1059 285 1108 equestrem
305 1066 464 1095 auream
488 1054 525 1094 in
548 1054 636 1095 foro
659 1052 761 1108 N.⁵)
797 1055 902 1108 poni.
936 1054 1124 1096 Censuer.
1165 1056 1282 1096 Prim.
1316 1053 1471 1110 ccnsfl)
1505 1056 1545 1096 C.
1577 1056 1663 1097 Lu-

57 1114 203 1154 cretius
234 1113 460 1154 Helx'iatlus.
493 1137 548 1142 -—
580 1116 771 1152 Decretum
816 1116 1054 1153 Decurionum
1096 1117 1373 1165 Aquileiensium
1412 1118 1487 1154 sive
1519 1122 1663 1155 senatus

56 1175 279 1222 consultum,
312 1187 383 1222 quo
416 1175 520 1211 Alvio
554 1175 726 1221 Pollioni7
769 1175 826 1223 qui
869 1176 962 1212 ultro
1004 1187 1043 1211 se
1085 1177 1305 1224 praefectum
1347 1176 1411 1212 iuri
1443 1176 1597 1213 dicundo
1630 1177 1664 1213 in

56 1234 259 1283 proximum
292 1245 420 1271 almum
452 1234 636 1282 professus
675 1239 791 1279 esset,
833 1239 946 1271 statua
989 1235 1162 1281 equestris
1204 1235 1420 1272 decernitur.
1452 1235 1494 1271 V.
1525 1235 1666 1272 Fabret.

56 1305 90 1342 p.
125 1292 219 1330 612.
252 1305 297 1330 ex
329 1292 469 1329 schedis
503 1292 693 1329 Vaticanis.
740 1293 841 1329 Donii
880 1294 987 1329 Inscr.
1021 1293 1072 1330 Cl.
1115 1294 1156 1330 Π.
1189 1306 1223 1331 ιι.
1255 1294 1319 1330 66.
1351 1293 1445 1330 unde
1476 1294 1666 1332 Morcellus

57 1353 165 1389 habet
197 1352 274 1388 Stil.
308 1364 340 1388 n.
372 1352 408 1388 T.
441 1352 483 1388 ll.
516 1364 548 1399 p.
585 1351 664 1387 169
700 1352 789 1399 Opp.
824 1351 1011 1399 epigrapli.

201 1427 324 1465 1742.
386 1425 427 1466 C.
450 1424 643 1465 Ummidio
675 1424 837 1466 Durmio
871 1425 1071 1473 Quadrato
1102 1422 1254 1481 Legff)
1288 1425 1327 1467 C.
1358 1425 1540 1469 Caesaris
1563 1426 1668 1469 Ger—

58 1484 199 1527 manici
229 1483 321 1538 Imp.
352 1484 414 1525 Pr.
446 1480 634 1538 Pincus]

545 1542 817 1584 Iusiurandum
848 1543 1115 1585 Ariliensium.
1136 1541 1177 1599 ⁴³)

198 1602 260 1644 Ex
290 1602 368 1643 mei
402 1601 519 1644 animi
551 1603 747 1643 sententia
779 1607 821 1643 ut
852 1616 931 1656 ego
963 1603 1010 1643 iis
1041 1603 1224 1645 inimicus
1256 1616 1342 1654 ero,
1374 1617 1475 1658 quos
1501 1604 1541 1646 C.
1566 1605 1672 1646 Cae-

60 1663 141 1704 sari
172 1661 406 1704 Germanico
439 1661 618 1702 inimicos
650 1674 742 1703 esse
774 1675 1006 1716 cognovero
1041 1666 1079 1702 ct
1109 1663 1142 1703 si
1175 1663 1263 1715 quis
1294 1663 1517 1717 periculum
1540 1665 1577 1705 ei
1597 1676 1670 1705 sa·-

59 1722 166 1774 lutiq.
202 1722 286 1762 eius
317 1720 463 1761 inseret
494 1720 750 1774 intuleritque
781 1722 911 1772 armis,
943 1721 1048 1762 bello
1078 1720 1324 1764 interneciuo
1356 1728 1461 1763 terra
1492 1723 1669 1776 marique

59 1781 251 1834 persequi
282 1792 362 1821 non
394 1779 595 1830 desinam,
639 1779 769 1832 quoad
810 1792 959 1833 poenas
992 1781 1028 1820 ei
1058 1781 1319 1833 persolverit3
1359 1794 1491 1834 neque
1522 1794 1585 1822 me
1616 1781 1671 1822 li-

61 1841 183 1880 beros
216 1851 328 1880 meos
362 1839 447 1880 eius
479 1839 605 1879 salute
638 1839 814 1879 cariores
847 1839 1025 1890 habebo,
1066 1851 1219 1892 cosque
1252 1841 1319 1893 qui
1350 1840 1388 1881 in
1422 1853 1511 1881 eum
1542 1841 1674 1881 hostili

61 1899 191 1940 animo
233 1897 383 1939 fuerint
422 1898 515 1938 milii
554 1897 691 1939 hostes
734 1910 825 1938 esse
858 1897 1010 1938 ducam.
1062 1898 1102 1939 Si
1133 1900 1266 1939 sciens
1297 1898 1389 1939 fallo
1420 1898 1670 1949 fefellerove‚

61 1962 142 1998 tum
175 1970 238 1997 me
270 1957 499 2010 liberosque
530 1969 641 1997 meos
673 1956 820 2009 Iupiter
852 1957 1031 2009 Optimus
1062 1957 1257 1998 Maximus
1289 1970 1334 1998 ac
1365 1958 1488 1999 Divus
1519 1957 1670 2011 Augu-

61 2021 146 2058 stus
178 2017 405 2069 caeterique
449 2027 588 2057 omnes
619 2015 667 2056 Di
697 2015 939 2056 immortales
980 2020 1186 2068 expertem
1204 2013 1260 2070 ¹⁰)
1291 2017 1428 2069 patria,
1459 2016 1672 2057 incolumi·-

61 2079 154 2126 tate,
191 2075 445 2127 fortunisque
477 2075 660 2116 omnihus
691 2075 904 2116 faxint....
928 2072 982 2128 Η)
1015 2074 1077 2114 die
1110 2075 1142 2114 V
1173 2074 1263 2116 Idus
1294 2075 1371 2116 Mai
1401 2075 1440 2115 in
1471 2074 1672 2117 Ariliense

62 2133 208 2188 oppido
240 2134 364 2174 Vitii-i.

203 2193 272 2234 Cn.
305 2192 508 2234 Aceronio
540 2192 728 2244 Proculo,
760 2192 799 2233 C.
832 2192 1017 2234 Petronio
1049 2192 1187 2233 Pontio
1219 2192 1385 2247 Nigrino
1418 2192 1508 2234 Cos.
1528 2190 1584 2247 12)

200 2253 356 2306 Vegeto
390 2252 523 2292 Tallici
553 2251 659 2307 Mag.
692 2251 1019 2293 Ibionarioni....
1056 2274 1105 2279 —-
1139 2253 1381 2291 Iusiurandum
1414 2258 1467 2291 cst
1489 2266 1510 2291 a
1534 2254 1670 2292 civibus

63 2313 162 2352 Arilii
193 2313 317 2363 oppidi
348 2313 381 2350 in
413 2313 612 2359 Lusitania,
653 2314 876 2361 Imperatore
920 2312 1064 2349 Tiberio
1107 2312 1302 2359 defuncto,
1332 2313 1544 2362 Imperatori
1585 2313 1673 2351 Caio

63 2373 262 2411 successori
301 2372 532 2422 praestitum,
586 2373 729 2410 tabulae
771 2383 906 2410 aeneae
946 2371 1159 2420 insculptum
1199 2371 1235 2409 in
1275 2371 1450 2410 Lusitania
1490 2377 1673 2422 repertae.

206 2534 243 2579 1)
268 2536 429 2580 praefecti
456 2536 518 2569 iuri
546 2535 702 2569 dicundo.
731 2553 771 2558 —-
799 2533 837 2577 2)
864 2533 1045 2568 scribendo
1070 2534 1260 2568 adfuerunt.
1289 2552 1329 2558 -—-
1356 2534 1395 2578 3)
1421 2540 1557 2569 senatus
1583 2545 1670 2569 con-

66 2583 199 2618 sultum.
234 2602 276 2606 —
309 2582 348 2626 4)
374 2589 533 2627 quattuor
559 2584 611 2616 vir
645 2584 707 2616 iuri
732 2581 890 2615 dicundo.
922 2600 966 2605 —-
1000 2581 1037 2622 5)
1065 2588 1190 2615 nostro.
1225 2598 1269 2604 —
1303 2580 1342 2624 6)
1368 2583 1494 2626 primus
1528 2584 1672 2617 censuit.

68 2646 109 2654 -—
135 2630 174 2673 7)
198 2631 323 2674 legato.
359 2648 401 2652 —
435 2628 474 2672 8)
501 2636 735 2674 propraetore.
772 2647 804 2651 -
849 2629 888 2670 9)
914 2628 1093 2662 Fabrettus
1120 2629 1369 2662 emendandum
1395 2630 1547 2662 coniicit:
1581 2628 1670 2662 Ari-

66 2678 215 2711 niensium
240 2689 303 2721 pro
328 2677 562 2719 Ariltensimn,
588 2688 689 2722 quum
715 2676 861 2708 Aritium
887 2676 1050 2719 oppidum
1075 2676 1165 2720 apud
1190 2676 1420 2710 Ptolemaeum
1447 2675 1489 2717 ΙΙ,
1520 2677 1552 2709 5.
1570 2687 1671 2710 com-

67 2730 290 2767 memoretur,
324 2726 411 2758 inter
434 2725 581 2757 Vacuam
607 2730 640 2757 et
663 2723 803 2756 Durium
828 2722 966 2765 fluvios,
1000 2734 1064 2756 non
1097 2723 1199 2764 longe
1233 2722 1274 2756 ab
1301 2722 1426 2758 Oceani
1451 2723 1673 2757 occidentalis

67 2781 127 2804 ora
152 2773 262 2806 situm.
303 2772 370 2805 Sed
397 2771 594 2805 Morcellus:
631 2770 788 2814 „quidnh
821 2771 947 2815 inquit,
981 2771 1012 2802 in
1038 2770 1234 2803 Ptolemaeo
1267 2770 1427 2803 mendum
1459 2781 1534 2803 esse
1559 2771 1672 2814 potius

69 2818 203 2851 credam
228 2825 262 2852 et
286 2829 304 2851 a
328 2818 472 2852 librariis
494 2818 584 2863 quod
611 2822 683 2850 erat
708 2808 848 2850 Arilium
874 2816 997 2850 factum
1028 2827 1104 2850 esse
1128 2815 1329 2850 Aritium?“
1367 2834 1408 2840 -
1443 2814 1483 2859 4)
1508 2816 1559 2851 De
1584 2827 1673 2851 voce

70 2871 242 2907 emperiam,
268 2876 367 2909 quam
395 2865 574 2899 Fabrettus
600 2863 782 2908 supplevit,
808 2865 842 2896 in
868 2874 949 2897 aere
974 2869 1101 2897 tantum
1121 2864 1256 2898 ultimae
1275 2863 1392 2897 literae
1419 2875 1526 2898 ...em
1550 2875 1674 2906 super-

70 2916 156 2944 sunt.
194 2912 390 2946 Vincentius
415 2923 434 2946 a
459 2911 602 2944 Vidania
628 2912 736 2945 minus
763 2911 940 2944 commode
974 2910 1192 2956 suppleverat
1216 2910 1352 2946 exulem.
1387 2928 1428 2935 —
1462 2908 1520 2954 11)
1545 2910 1583 2946 In
1608 2912 1673 2946 hac

1 2955 3 2962 ⁴
69 2956 191 2993 lacuna
213 2959 378 2994 excidisse
402 2959 558 2994 videtur:
583 2957 713 2993 Actum.
740 2975 782 2982 —-
811 2955 870 3001 12)
896 2968 949 2993 an.
975 2969 1006 2993 u.
1033 2969 1061 2992 c.
1089 2958 1167 2993 790.
