<?xml version="1.0" encoding="UTF-8"?>
<!DOCTYPE html PUBLIC "-//W3C//DTD XHTML 1.0 Transitional//EN"
    "http://www.w3.org/TR/xhtml1/DTD/xhtml1-transitional.dtd">
<html xmlns="http://www.w3.org/1999/xhtml" xml:lang="en" lang="en">
 <head>
  <title>
</title>
<meta http-equiv="Content-Type" content="text/html;charset=utf-8" />
  <meta name='ocr-system' content='tesseract 3.04.00' />
  <meta name='ocr-capabilities' content='ocr_page ocr_carea ocr_par ocr_line ocrx_word'/>
</head>
<body>
  <div class='ocr_page' id='page_1' title='image "./handbuchderrmi0103zelluoft_0205.png"; bbox 0 0 1877 3313; ppageno 0'>
   <div class='ocr_carea' id='block_1_1' title="bbox 0 0 45 2878">
    <p class='ocr_par' dir='ltr' id='par_1_1' title="bbox 0 0 45 2878">
     <span class='ocr_line' id='line_1_1' title="bbox 0 0 45 2878; baseline 0 0"><span class='ocrx_word' id='word_1_1' title='bbox 0 0 45 2878; x_wconf 95' lang='lat' dir='ltr'> </span> 
     </span>
    </p>
   </div>
   <div class='ocr_carea' id='block_1_2' title="bbox 316 135 1745 184">
    <p class='ocr_par' dir='ltr' id='par_1_2' title="bbox 316 135 1745 184">
     <span class='ocr_line' id='line_1_2' title="bbox 316 135 1745 184; baseline -0.002 -9"><span class='ocrx_word' id='word_1_2' title='bbox 316 141 347 183; x_wconf 84' lang='lat'>§.</span> <span class='ocrx_word' id='word_1_3' title='bbox 372 141 404 175; x_wconf 87' lang='lat'>6.</span> <span class='ocrx_word' id='word_1_4' title='bbox 453 138 552 175; x_wconf 82' lang='lat' dir='ltr'>Tituli</span> <span class='ocrx_word' id='word_1_5' title='bbox 575 138 744 174; x_wconf 84' lang='lat' dir='ltr'>honorarii</span> <span class='ocrx_word' id='word_1_6' title='bbox 767 139 802 174; x_wconf 88' lang='lat' dir='ltr'>in</span> <span class='ocrx_word' id='word_1_7' title='bbox 824 139 940 174; x_wconf 75' lang='lat' dir='ltr'>statuis</span> <span class='ocrx_word' id='word_1_8' title='bbox 965 137 1106 184; x_wconf 81' lang='lat' dir='ltr'>aliisque</span> <span class='ocrx_word' id='word_1_9' title='bbox 1130 139 1356 173; x_wconf 86' lang='lat' dir='ltr'>monumentis</span> <span class='ocrx_word' id='word_1_10' title='bbox 1380 137 1578 172; x_wconf 88' lang='lat' dir='ltr'>honorariis.</span> <span class='ocrx_word' id='word_1_11' title='bbox 1664 135 1745 180; x_wconf 83' lang='lat'>185</span> 
     </span>
    </p>
   </div>
   <div class='ocr_carea' id='block_1_3' title="bbox 143 242 1749 534">
    <p class='ocr_par' dir='ltr' id='par_1_3' title="bbox 143 242 1749 533">
     <span class='ocr_line' id='line_1_3' title="bbox 285 242 1744 288; baseline -0.002 -2"><span class='ocrx_word' id='word_1_12' title='bbox 285 249 407 287; x_wconf 80' lang='lat'><strong>1576.</strong></span> <span class='ocrx_word' id='word_1_13' title='bbox 467 246 596 288; x_wconf 89' lang='lat' dir='ltr'>Anicii</span> <span class='ocrx_word' id='word_1_14' title='bbox 625 246 705 288; x_wconf 86' lang='lat' dir='ltr'><strong>Iun.</strong></span> <span class='ocrx_word' id='word_1_15' title='bbox 737 245 877 287; x_wconf 92' lang='lat' dir='ltr'>Anicio</span> <span class='ocrx_word' id='word_1_16' title='bbox 907 245 1068 286; x_wconf 83' lang='lat' dir='ltr'>Paulino</span> <span class='ocrx_word' id='word_1_17' title='bbox 1097 243 1178 286; x_wconf 91' lang='lat' dir='ltr'><strong>Iun.</strong></span> <span class='ocrx_word' id='word_1_18' title='bbox 1210 246 1254 285; x_wconf 82' lang='lat' dir='ltr'>V.</span> <span class='ocrx_word' id='word_1_19' title='bbox 1289 245 1330 286; x_wconf 84' lang='lat' dir='ltr'>C.</span> <span class='ocrx_word' id='word_1_20' title='bbox 1362 245 1522 286; x_wconf 89' lang='lat' dir='ltr'>Procos.</span> <span class='ocrx_word' id='word_1_21' title='bbox 1555 242 1674 284; x_wconf 89' lang='lat' dir='ltr'>Asiae</span> <span class='ocrx_word' id='word_1_22' title='bbox 1703 247 1744 283; x_wconf 88' lang='lat' dir='ltr'>et</span> 
     </span>
     <span class='ocr_line' id='line_1_4' title="bbox 143 302 1748 360; baseline -0.003 -14"><span class='ocrx_word' id='word_1_23' title='bbox 143 305 388 360; x_wconf 84' lang='lat' dir='ltr'>Hellesponti</span> <span class='ocrx_word' id='word_1_24' title='bbox 440 305 601 346; x_wconf 89' lang='lat' dir='ltr'>Consuli</span> <span class='ocrx_word' id='word_1_25' title='bbox 643 305 842 347; x_wconf 89' lang='lat' dir='ltr'>ordinario</span> <span class='ocrx_word' id='word_1_26' title='bbox 883 304 1010 344; x_wconf 77' lang='lat' dir='ltr'>Praei.</span> <span class='ocrx_word' id='word_1_27' title='bbox 1054 304 1141 344; x_wconf 91' lang='lat' dir='ltr'>urbi</span> <span class='ocrx_word' id='word_1_28' title='bbox 1184 305 1270 344; x_wconf 81' lang='lat' dir='ltr'>vice</span> <span class='ocrx_word' id='word_1_29' title='bbox 1310 316 1423 345; x_wconf 88' lang='lat' dir='ltr'>sacra</span> <span class='ocrx_word' id='word_1_30' title='bbox 1462 302 1649 344; x_wconf 89' lang='lat' dir='ltr'>iudicanti</span> <span class='ocrx_word' id='word_1_31' title='bbox 1697 302 1748 342; x_wconf 92' lang='lat' dir='ltr'>ob</span> 
     </span>
     <span class='ocr_line' id='line_1_5' title="bbox 143 361 1746 416; baseline -0.003 -11"><span class='ocrx_word' id='word_1_32' title='bbox 143 366 324 405; x_wconf 86' lang='lat' dir='ltr'>meritum</span> <span class='ocrx_word' id='word_1_33' title='bbox 357 364 568 406; x_wconf 78' lang='lat' dir='ltr'>nobilitatis</span> <span class='ocrx_word' id='word_1_34' title='bbox 600 364 743 416; x_wconf 89' lang='lat' dir='ltr'>eloquii</span> <span class='ocrx_word' id='word_1_35' title='bbox 783 363 951 403; x_wconf 87' lang='lat' dir='ltr'>iustitiae</span> <span class='ocrx_word' id='word_1_36' title='bbox 984 367 1101 415; x_wconf 88' lang='lat' dir='ltr'>atque</span> <span class='ocrx_word' id='word_1_37' title='bbox 1134 375 1341 413; x_wconf 77' lang='lat' dir='ltr'><strong>censurae,</strong></span> <span class='ocrx_word' id='word_1_38' title='bbox 1384 362 1527 415; x_wconf 90' lang='lat' dir='ltr'>quibus</span> <span class='ocrx_word' id='word_1_39' title='bbox 1568 361 1746 413; x_wconf 88' lang='lat' dir='ltr'>privatim</span> 
     </span>
     <span class='ocr_line' id='line_1_6' title="bbox 144 419 1747 477; baseline -0.003 -13"><span class='ocrx_word' id='word_1_40' title='bbox 144 436 190 464; x_wconf 90' lang='lat' dir='ltr'>ac</span> <span class='ocrx_word' id='word_1_41' title='bbox 221 424 376 477; x_wconf 89' lang='lat' dir='ltr'>publice</span> <span class='ocrx_word' id='word_1_42' title='bbox 409 423 540 463; x_wconf 87' lang='lat' dir='ltr'>clarus</span> <span class='ocrx_word' id='word_1_43' title='bbox 560 428 633 473; x_wconf 86' lang='lat' dir='ltr'>est,</span> <span class='ocrx_word' id='word_1_44' title='bbox 665 422 787 476; x_wconf 87' lang='lat' dir='ltr'>petitu</span> <span class='ocrx_word' id='word_1_45' title='bbox 818 421 952 474; x_wconf 90' lang='lat' dir='ltr'>populi</span> <span class='ocrx_word' id='word_1_46' title='bbox 982 421 1026 461; x_wconf 90' lang='lat' dir='ltr'>R.</span> <span class='ocrx_word' id='word_1_47' title='bbox 1060 421 1283 461; x_wconf 88' lang='lat' dir='ltr'>testimonio</span> <span class='ocrx_word' id='word_1_48' title='bbox 1316 426 1477 461; x_wconf 87' lang='lat' dir='ltr'>senatus</span> <span class='ocrx_word' id='word_1_49' title='bbox 1498 419 1641 460; x_wconf 90' lang='lat' dir='ltr'>iudicio</span> <span class='ocrx_word' id='word_1_50' title='bbox 1663 419 1747 459; x_wconf 94' lang='lat' dir='ltr'>DD.</span> 
     </span>
     <span class='ocr_line' id='line_1_7' title="bbox 144 476 1749 534; baseline -0.004 -12"><span class='ocrx_word' id='word_1_51' title='bbox 144 481 225 522; x_wconf 69' lang='lat' dir='ltr'>NJ.</span> <span class='ocrx_word' id='word_1_52' title='bbox 269 481 576 533; x_wconf 86' lang='lat' dir='ltr'>Triumphatoris</span> <span class='ocrx_word' id='word_1_53' title='bbox 618 481 721 534; x_wconf 89' lang='lat' dir='ltr'><strong>Aug.</strong></span> <span class='ocrx_word' id='word_1_54' title='bbox 766 480 863 520; x_wconf 81' lang='lat' dir='ltr'>Caes</span> <span class='ocrx_word' id='word_1_55' title='bbox 848 492 1018 532; x_wconf 86' lang='lat' dir='ltr'>arumq.</span> <span class='ocrx_word' id='word_1_56' title='bbox 1061 478 1283 519; x_wconf 86' lang='lat' dir='ltr'>florentium</span> <span class='ocrx_word' id='word_1_57' title='bbox 1324 484 1491 520; x_wconf 90' lang='lat' dir='ltr'>statuam</span> <span class='ocrx_word' id='word_1_58' title='bbox 1533 476 1749 518; x_wconf 90' lang='lat' dir='ltr'>secundam</span> 
     </span>
    </p>
   </div>
   <div class='ocr_carea' id='block_1_4' title="bbox 144 518 1746 637">
    <p class='ocr_par' dir='ltr' id='par_1_4' title="bbox 144 518 1746 637">
     <span class='ocr_line' id='line_1_8' title="bbox 144 518 1746 592; baseline -0.003 -12"><span class='ocrx_word' id='word_1_59' title='bbox 144 553 240 581; x_wconf 91' lang='lat' dir='ltr'>auro</span> <span class='ocrx_word' id='word_1_60' title='bbox 272 539 521 592; x_wconf 81' lang='lat' dir='ltr'>superfusam</span> <span class='ocrx_word' id='word_1_61' title='bbox 555 539 675 579; x_wconf 89' lang='lat' dir='ltr'>locari</span> <span class='ocrx_word' id='word_1_62' title='bbox 683 518 863 591; x_wconf 62' lang='lat' dir='ltr'>t’sumptu</span> <span class='ocrx_word' id='word_1_63' title='bbox 894 538 1051 591; x_wconf 89' lang='lat' dir='ltr'>publico</span> <span class='ocrx_word' id='word_1_64' title='bbox 1083 537 1242 591; x_wconf 79' lang='lat' dir='ltr'>placuit</span> <span class='ocrx_word' id='word_1_65' title='bbox 1268 562 1321 566; x_wconf 97' lang='lat'><strong>—</strong></span> <span class='ocrx_word' id='word_1_66' title='bbox 1343 541 1485 577; x_wconf 84' lang='lat' dir='ltr'><strong>Romae.</strong></span> <span class='ocrx_word' id='word_1_67' title='bbox 1518 539 1616 575; x_wconf 85' lang='lat' dir='ltr'>Grut.</span> <span class='ocrx_word' id='word_1_68' title='bbox 1652 538 1746 575; x_wconf 86' lang='lat'><strong>355.</strong></span> 
     </span>
     <span class='ocr_line' id='line_1_9' title="bbox 146 600 396 637; baseline 0 0"><span class='ocrx_word' id='word_1_69' title='bbox 146 601 239 637; x_wconf 90' lang='lat' dir='ltr'>Orel.</span> <span class='ocrx_word' id='word_1_70' title='bbox 276 600 396 637; x_wconf 78' lang='lat'><strong>1082.</strong></span> 
     </span>
    </p>
   </div>
   <div class='ocr_carea' id='block_1_5' title="bbox 90 671 1759 1310">
    <p class='ocr_par' dir='ltr' id='par_1_5' title="bbox 90 671 1759 1310">
     <span class='ocr_line' id='line_1_10' title="bbox 288 671 1749 714; baseline 0 -2"><span class='ocrx_word' id='word_1_71' title='bbox 288 676 409 713; x_wconf 81' lang='lat'><strong>1577.</strong></span> <span class='ocrx_word' id='word_1_72' title='bbox 469 673 631 713; x_wconf 84' lang='lat' dir='ltr'><strong>Honori.</strong></span> <span class='ocrx_word' id='word_1_73' title='bbox 664 672 819 713; x_wconf 86' lang='lat' dir='ltr'>Ammio</span> <span class='ocrx_word' id='word_1_74' title='bbox 853 672 981 714; x_wconf 83' lang='lat' dir='ltr'>Manio</span> <span class='ocrx_word' id='word_1_75' title='bbox 1003 672 1195 713; x_wconf 88' lang='lat' dir='ltr'>Caesonio</span> <span class='ocrx_word' id='word_1_76' title='bbox 1218 672 1458 714; x_wconf 75' lang='lat' dir='ltr'>Nicomacho</span> <span class='ocrx_word' id='word_1_77' title='bbox 1480 671 1619 713; x_wconf 89' lang='lat' dir='ltr'>Anicio</span> <span class='ocrx_word' id='word_1_78' title='bbox 1642 672 1749 712; x_wconf 88' lang='lat' dir='ltr'>Pau-</span> 
     </span>
     <span class='ocr_line' id='line_1_11' title="bbox 90 730 1750 785; baseline -0.001 -12"><span class='ocrx_word' id='word_1_79' title='bbox 90 733 93 735; x_wconf 73' lang='grc'><strong>’</strong></span> <span class='ocrx_word' id='word_1_80' title='bbox 144 732 222 773; x_wconf 90' lang='lat' dir='ltr'>lino</span> <span class='ocrx_word' id='word_1_81' title='bbox 255 733 300 772; x_wconf 92' lang='lat' dir='ltr'>V.</span> <span class='ocrx_word' id='word_1_82' title='bbox 335 731 374 771; x_wconf 91' lang='lat' dir='ltr'>C.</span> <span class='ocrx_word' id='word_1_83' title='bbox 411 731 528 772; x_wconf 90' lang='lat' dir='ltr'><strong>Cons.</strong></span> <span class='ocrx_word' id='word_1_84' title='bbox 562 731 774 783; x_wconf 87' lang='lat' dir='ltr'>ordinario,</span> <span class='ocrx_word' id='word_1_85' title='bbox 806 731 934 772; x_wconf 82' lang='lat' dir='ltr'>Praef.</span> <span class='ocrx_word' id='word_1_86' title='bbox 968 732 1067 781; x_wconf 83' lang='lat' dir='ltr'>urbi,</span> <span class='ocrx_word' id='word_1_87' title='bbox 1099 731 1181 772; x_wconf 86' lang='lat' dir='ltr'><strong>Iud.</strong></span> <span class='ocrx_word' id='word_1_88' title='bbox 1214 744 1359 772; x_wconf 88' lang='lat' dir='ltr'>sacrar.</span> <span class='ocrx_word' id='word_1_89' title='bbox 1392 732 1604 785; x_wconf 74' lang='lat' dir='ltr'>cognition.</span> <span class='ocrx_word' id='word_1_90' title='bbox 1639 730 1750 771; x_wconf 91' lang='lat' dir='ltr'>Con-</span> 
     </span>
     <span class='ocr_line' id='line_1_12' title="bbox 145 788 1750 844; baseline -0.001 -13"><span class='ocrx_word' id='word_1_91' title='bbox 145 791 216 832; x_wconf 88' lang='lat' dir='ltr'><strong>sul.</strong></span> <span class='ocrx_word' id='word_1_92' title='bbox 248 802 362 843; x_wconf 88' lang='lat' dir='ltr'><strong>prov.</strong></span> <span class='ocrx_word' id='word_1_93' title='bbox 396 790 516 830; x_wconf 88' lang='lat' dir='ltr'>Asiae</span> <span class='ocrx_word' id='word_1_94' title='bbox 549 795 588 830; x_wconf 89' lang='lat' dir='ltr'>et</span> <span class='ocrx_word' id='word_1_95' title='bbox 619 790 864 843; x_wconf 79' lang='lat' dir='ltr'>Hellesponti</span> <span class='ocrx_word' id='word_1_96' title='bbox 897 790 984 830; x_wconf 85' lang='lat' dir='ltr'>vice</span> <span class='ocrx_word' id='word_1_97' title='bbox 1017 803 1130 830; x_wconf 85' lang='lat' dir='ltr'>sacra</span> <span class='ocrx_word' id='word_1_98' title='bbox 1161 790 1372 841; x_wconf 88' lang='lat' dir='ltr'>iudicanti,</span> <span class='ocrx_word' id='word_1_99' title='bbox 1413 790 1563 844; x_wconf 84' lang='lat' dir='ltr'>Legato</span> <span class='ocrx_word' id='word_1_100' title='bbox 1604 788 1750 829; x_wconf 86' lang='lat' dir='ltr'>Karia-</span> 
     </span>
     <span class='ocr_line' id='line_1_13' title="bbox 145 846 1752 902; baseline -0.001 -13"><span class='ocrx_word' id='word_1_101' title='bbox 145 850 234 889; x_wconf 84' lang='lat' dir='ltr'>ccni</span> <span class='ocrx_word' id='word_1_102' title='bbox 266 862 351 902; x_wconf 88' lang='lat' dir='ltr'><strong>sup.</strong></span> <span class='ocrx_word' id='word_1_103' title='bbox 385 849 573 889; x_wconf 89' lang='lat' dir='ltr'>Procons.</span> <span class='ocrx_word' id='word_1_104' title='bbox 606 848 741 889; x_wconf 86' lang='lat' dir='ltr'>Africe</span> <span class='ocrx_word' id='word_1_105' title='bbox 772 848 914 889; x_wconf 91' lang='lat' dir='ltr'>Anicio</span> <span class='ocrx_word' id='word_1_106' title='bbox 947 848 1093 890; x_wconf 89' lang='lat' dir='ltr'>Iuliano</span> <span class='ocrx_word' id='word_1_107' title='bbox 1126 854 1237 901; x_wconf 87' lang='lat' dir='ltr'>patre</span> <span class='ocrx_word' id='word_1_108' title='bbox 1269 861 1356 899; x_wconf 86' lang='lat' dir='ltr'>suo,</span> <span class='ocrx_word' id='word_1_109' title='bbox 1389 849 1499 889; x_wconf 88' lang='lat' dir='ltr'>cuius</span> <span class='ocrx_word' id='word_1_110' title='bbox 1531 846 1752 901; x_wconf 89' lang='lat' dir='ltr'>providen-</span> 
     </span>
     <span class='ocr_line' id='line_1_14' title="bbox 145 905 1751 961; baseline -0.001 -13"><span class='ocrx_word' id='word_1_111' title='bbox 145 909 197 948; x_wconf 89' lang='lat' dir='ltr'>tia</span> <span class='ocrx_word' id='word_1_112' title='bbox 240 907 369 960; x_wconf 87' lang='lat' dir='ltr'>adque</span> <span class='ocrx_word' id='word_1_113' title='bbox 404 919 516 947; x_wconf 88' lang='lat' dir='ltr'><strong>..e..</strong></span> <span class='ocrx_word' id='word_1_114' title='bbox 549 907 689 948; x_wconf 87' lang='lat' dir='ltr'>utilitas</span> <span class='ocrx_word' id='word_1_115' title='bbox 710 905 745 961; x_wconf 81' lang='lat'>¹)</span> <span class='ocrx_word' id='word_1_116' title='bbox 788 911 825 946; x_wconf 88' lang='lat' dir='ltr'>et</span> <span class='ocrx_word' id='word_1_117' title='bbox 866 908 1073 960; x_wconf 79' lang='lat' dir='ltr'>integritas</span> <span class='ocrx_word' id='word_1_118' title='bbox 1105 908 1164 947; x_wconf 82' lang='lat' dir='ltr'>rei</span> <span class='ocrx_word' id='word_1_119' title='bbox 1204 907 1383 960; x_wconf 88' lang='lat' dir='ltr'>publicae</span> <span class='ocrx_word' id='word_1_120' title='bbox 1416 907 1597 960; x_wconf 91' lang='lat' dir='ltr'>Corpori.</span> <span class='ocrx_word' id='word_1_121' title='bbox 1630 919 1751 947; x_wconf 89' lang='lat' dir='ltr'>cora-</span> 
     </span>
     <span class='ocr_line' id='line_1_15' title="bbox 144 965 1748 1018; baseline -0.001 -11"><span class='ocrx_word' id='word_1_122' title='bbox 144 967 294 1007; x_wconf 89' lang='lat' dir='ltr'>riorum</span> <span class='ocrx_word' id='word_1_123' title='bbox 325 965 472 1006; x_wconf 89' lang='lat' dir='ltr'>insulas</span> <span class='ocrx_word' id='word_1_124' title='bbox 505 966 553 1006; x_wconf 89' lang='lat' dir='ltr'>ad</span> <span class='ocrx_word' id='word_1_125' title='bbox 586 966 792 1018; x_wconf 83' lang='lat' dir='ltr'>pristinum</span> <span class='ocrx_word' id='word_1_126' title='bbox 825 970 965 1006; x_wconf 84' lang='lat' dir='ltr'>statum</span> <span class='ocrx_word' id='word_1_127' title='bbox 997 978 1110 1006; x_wconf 90' lang='lat' dir='ltr'>suum</span> <span class='ocrx_word' id='word_1_128' title='bbox 1143 965 1359 1006; x_wconf 87' lang='lat' dir='ltr'>secundum</span> <span class='ocrx_word' id='word_1_129' title='bbox 1390 965 1500 1018; x_wconf 84' lang='lat' dir='ltr'>leges</span> <span class='ocrx_word' id='word_1_130' title='bbox 1523 965 1748 1018; x_wconf 87' lang='lat' dir='ltr'>Principum</span> 
     </span>
     <span class='ocr_line' id='line_1_16' title="bbox 105 1023 1759 1078; baseline -0.001 -13"><span class='ocrx_word' id='word_1_131' title='bbox 105 1030 108 1031; x_wconf 72' lang='grc'>’</span> <span class='ocrx_word' id='word_1_132' title='bbox 144 1025 321 1078; x_wconf 84' lang='lat' dir='ltr'>priorum</span> <span class='ocrx_word' id='word_1_133' title='bbox 353 1023 472 1078; x_wconf 90' lang='lat' dir='ltr'><strong>Impp.</strong></span> <span class='ocrx_word' id='word_1_134' title='bbox 506 1025 586 1064; x_wconf 82' lang='lat' dir='ltr'><strong>Val.</strong></span> <span class='ocrx_word' id='word_1_135' title='bbox 631 1025 792 1077; x_wconf 78' lang='lat' dir='ltr'>Septimi</span> <span class='ocrx_word' id='word_1_136' title='bbox 835 1024 976 1065; x_wconf 78' lang='lat' dir='ltr'>Severi</span> <span class='ocrx_word' id='word_1_137' title='bbox 1009 1029 1047 1064; x_wconf 92' lang='lat' dir='ltr'>et</span> <span class='ocrx_word' id='word_1_138' title='bbox 1076 1025 1127 1065; x_wconf 80' lang='lat' dir='ltr'>M.</span> <span class='ocrx_word' id='word_1_139' title='bbox 1170 1024 1265 1064; x_wconf 88' lang='lat' dir='ltr'><strong>Aur.</strong></span> <span class='ocrx_word' id='word_1_140' title='bbox 1310 1024 1495 1065; x_wconf 84' lang='lat' dir='ltr'>Antonini</span> <span class='ocrx_word' id='word_1_141' title='bbox 1537 1024 1759 1064; x_wconf 87' lang='lat' dir='ltr'>restaurari</span> 
     </span>
     <span class='ocr_line' id='line_1_17' title="bbox 145 1080 1749 1137; baseline -0.001 -14"><span class='ocrx_word' id='word_1_142' title='bbox 145 1083 276 1136; x_wconf 88' lang='lat' dir='ltr'>adque</span> <span class='ocrx_word' id='word_1_143' title='bbox 308 1082 491 1123; x_wconf 89' lang='lat' dir='ltr'>adornari</span> <span class='ocrx_word' id='word_1_144' title='bbox 522 1096 595 1136; x_wconf 87' lang='lat' dir='ltr'>per</span> <span class='ocrx_word' id='word_1_145' title='bbox 626 1084 797 1122; x_wconf 70' lang='lat' dir='ltr'>vicinum</span> <span class='ocrx_word' id='word_1_146' title='bbox 830 1095 875 1122; x_wconf 92' lang='lat' dir='ltr'>ea</span> <span class='ocrx_word' id='word_1_147' title='bbox 908 1080 1033 1137; x_wconf 67' lang='lat' dir='ltr'>sua‘2)</span> <span class='ocrx_word' id='word_1_148' title='bbox 1066 1082 1234 1135; x_wconf 83' lang='lat' dir='ltr'>providit</span> <span class='ocrx_word' id='word_1_149' title='bbox 1265 1084 1302 1122; x_wconf 89' lang='lat' dir='ltr'>in</span> <span class='ocrx_word' id='word_1_150' title='bbox 1335 1095 1441 1122; x_wconf 89' lang='lat' dir='ltr'>mera</span> <span class='ocrx_word' id='word_1_151' title='bbox 1465 1083 1653 1123; x_wconf 87' lang='lat' dir='ltr'>memoria</span> <span class='ocrx_word' id='word_1_152' title='bbox 1674 1081 1749 1122; x_wconf 91' lang='lat' dir='ltr'>ad-</span> 
     </span>
     <span class='ocr_line' id='line_1_18' title="bbox 147 1138 1755 1195; baseline 0 -14"><span class='ocrx_word' id='word_1_153' title='bbox 147 1155 225 1195; x_wconf 90' lang='lat' dir='ltr'>que</span> <span class='ocrx_word' id='word_1_154' title='bbox 257 1143 294 1181; x_wconf 91' lang='lat' dir='ltr'>in</span> <span class='ocrx_word' id='word_1_155' title='bbox 328 1142 455 1182; x_wconf 88' lang='lat' dir='ltr'>omnia</span> <span class='ocrx_word' id='word_1_156' title='bbox 472 1138 512 1195; x_wconf 77' lang='lat'>3]</span> <span class='ocrx_word' id='word_1_157' title='bbox 546 1142 690 1182; x_wconf 90' lang='lat' dir='ltr'>iustitia</span> <span class='ocrx_word' id='word_1_158' title='bbox 722 1154 792 1181; x_wconf 91' lang='lat' dir='ltr'>sua</span> <span class='ocrx_word' id='word_1_159' title='bbox 837 1141 989 1193; x_wconf 89' lang='lat' dir='ltr'>Corpus</span> <span class='ocrx_word' id='word_1_160' title='bbox 1024 1142 1267 1182; x_wconf 87' lang='lat' dir='ltr'>corariorum</span> <span class='ocrx_word' id='word_1_161' title='bbox 1298 1141 1469 1181; x_wconf 90' lang='lat' dir='ltr'>Patrono</span> <span class='ocrx_word' id='word_1_162' title='bbox 1513 1140 1635 1194; x_wconf 83' lang='lat' dir='ltr'>digno</span> <span class='ocrx_word' id='word_1_163' title='bbox 1667 1146 1755 1181; x_wconf 89' lang='lat' dir='ltr'>sta-</span> 
     </span>
     <span class='ocr_line' id='line_1_19' title="bbox 145 1201 1754 1250; baseline -0.001 -9"><span class='ocrx_word' id='word_1_164' title='bbox 145 1204 316 1241; x_wconf 71' lang='lat' dir='ltr'>ruerunt.</span> <span class='ocrx_word' id='word_1_165' title='bbox 352 1222 402 1227; x_wconf 87' lang='lat'>—</span> <span class='ocrx_word' id='word_1_166' title='bbox 437 1203 579 1239; x_wconf 82' lang='lat' dir='ltr'>Romae.</span> <span class='ocrx_word' id='word_1_167' title='bbox 626 1203 654 1238; x_wconf 86' lang='lat' dir='ltr'>E</span> <span class='ocrx_word' id='word_1_168' title='bbox 686 1202 863 1249; x_wconf 78' lang='lat' dir='ltr'>Pighianis</span> <span class='ocrx_word' id='word_1_169' title='bbox 907 1203 1045 1238; x_wconf 88' lang='lat' dir='ltr'>Gruter.</span> <span class='ocrx_word' id='word_1_170' title='bbox 1076 1214 1109 1250; x_wconf 89' lang='lat' dir='ltr'>p.</span> <span class='ocrx_word' id='word_1_171' title='bbox 1146 1201 1266 1238; x_wconf 87' lang='lat'><strong>1090.</strong></span> <span class='ocrx_word' id='word_1_172' title='bbox 1308 1203 1442 1238; x_wconf 83' lang='lat' dir='ltr'>Preller</span> <span class='ocrx_word' id='word_1_173' title='bbox 1472 1202 1538 1238; x_wconf 87' lang='lat' dir='ltr'>Die</span> <span class='ocrx_word' id='word_1_174' title='bbox 1567 1202 1754 1249; x_wconf 86' lang='lat' dir='ltr'>Regionen</span> 
     </span>
     <span class='ocr_line' id='line_1_20' title="bbox 147 1261 278 1310; baseline -0.008 -12"><span class='ocrx_word' id='word_1_175' title='bbox 147 1274 180 1310; x_wconf 88' lang='lat' dir='ltr'>p.</span> <span class='ocrx_word' id='word_1_176' title='bbox 213 1261 278 1297; x_wconf 87' lang='lat'><strong>90.</strong></span> 
     </span>
    </p>
   </div>
   <div class='ocr_carea' id='block_1_6' title="bbox 145 1333 1756 1608">
    <p class='ocr_par' dir='ltr' id='par_1_6' title="bbox 145 1333 1756 1608">
     <span class='ocr_line' id='line_1_21' title="bbox 291 1333 1756 1386; baseline 0.001 -13"><span class='ocrx_word' id='word_1_177' title='bbox 291 1337 412 1373; x_wconf 77' lang='lat'><strong>1578.</strong></span> <span class='ocrx_word' id='word_1_178' title='bbox 473 1335 515 1374; x_wconf 95' lang='lat' dir='ltr'>L.</span> <span class='ocrx_word' id='word_1_179' title='bbox 549 1334 744 1386; x_wconf 84' lang='lat' dir='ltr'>Apenteio</span> <span class='ocrx_word' id='word_1_180' title='bbox 776 1334 819 1374; x_wconf 93' lang='lat' dir='ltr'>L.</span> <span class='ocrx_word' id='word_1_181' title='bbox 853 1334 892 1374; x_wconf 92' lang='lat' dir='ltr'>F.</span> <span class='ocrx_word' id='word_1_182' title='bbox 926 1333 1147 1386; x_wconf 88' lang='lat' dir='ltr'>Zmaragdo</span> <span class='ocrx_word' id='word_1_183' title='bbox 1181 1338 1343 1374; x_wconf 89' lang='lat' dir='ltr'>aromat.</span> <span class='ocrx_word' id='word_1_184' title='bbox 1384 1334 1447 1386; x_wconf 87' lang='lat' dir='ltr'>qui</span> <span class='ocrx_word' id='word_1_185' title='bbox 1481 1333 1628 1374; x_wconf 86' lang='lat' dir='ltr'>vascul.</span> <span class='ocrx_word' id='word_1_186' title='bbox 1662 1333 1756 1374; x_wconf 92' lang='lat' dir='ltr'>dul—</span> 
     </span>
     <span class='ocr_line' id='line_1_22' title="bbox 148 1392 1754 1446; baseline 0 -12"><span class='ocrx_word' id='word_1_187' title='bbox 148 1394 241 1434; x_wconf 86' lang='lat' dir='ltr'>ciar.</span> <span class='ocrx_word' id='word_1_188' title='bbox 275 1393 368 1434; x_wconf 90' lang='lat' dir='ltr'>CCC</span> <span class='ocrx_word' id='word_1_189' title='bbox 399 1395 436 1433; x_wconf 92' lang='lat' dir='ltr'>it.</span> <span class='ocrx_word' id='word_1_190' title='bbox 470 1392 541 1433; x_wconf 91' lang='lat' dir='ltr'>HS.</span> <span class='ocrx_word' id='word_1_191' title='bbox 575 1393 644 1432; x_wconf 80' lang='lat' dir='ltr'><strong>LX</strong></span> <span class='ocrx_word' id='word_1_192' title='bbox 685 1397 832 1432; x_wconf 89' lang='lat' dir='ltr'>testam.</span> <span class='ocrx_word' id='word_1_193' title='bbox 865 1392 937 1432; x_wconf 90' lang='lat' dir='ltr'>rel.</span> <span class='ocrx_word' id='word_1_194' title='bbox 972 1392 1011 1432; x_wconf 89' lang='lat' dir='ltr'>C.</span> <span class='ocrx_word' id='word_1_195' title='bbox 1044 1392 1192 1432; x_wconf 82' lang='lat' dir='ltr'>Statilio</span> <span class='ocrx_word' id='word_1_196' title='bbox 1225 1392 1354 1445; x_wconf 85' lang='lat' dir='ltr'>Prago</span> <span class='ocrx_word' id='word_1_197' title='bbox 1396 1398 1557 1433; x_wconf 90' lang='lat' dir='ltr'>aromat.</span> <span class='ocrx_word' id='word_1_198' title='bbox 1600 1404 1754 1446; x_wconf 83' lang='lat' dir='ltr'>genero</span> 
     </span>
     <span class='ocr_line' id='line_1_23' title="bbox 146 1449 1754 1505; baseline -0.002 -12"><span class='ocrx_word' id='word_1_199' title='bbox 146 1464 245 1503; x_wconf 85' lang='lat' dir='ltr'>suo,</span> <span class='ocrx_word' id='word_1_200' title='bbox 278 1456 317 1492; x_wconf 88' lang='lat' dir='ltr'>ut</span> <span class='ocrx_word' id='word_1_201' title='bbox 350 1464 458 1505; x_wconf 86' lang='lat' dir='ltr'>aegr.</span> <span class='ocrx_word' id='word_1_202' title='bbox 492 1452 595 1504; x_wconf 89' lang='lat' dir='ltr'>inop.</span> <span class='ocrx_word' id='word_1_203' title='bbox 629 1450 708 1491; x_wconf 90' lang='lat' dir='ltr'><strong>Col.</strong></span> <span class='ocrx_word' id='word_1_204' title='bbox 753 1451 831 1491; x_wconf 87' lang='lat' dir='ltr'><strong>Fel.</strong></span> <span class='ocrx_word' id='word_1_205' title='bbox 864 1450 954 1491; x_wconf 88' lang='lat' dir='ltr'><strong>Lor.</strong></span> <span class='ocrx_word' id='word_1_206' title='bbox 998 1451 1145 1503; x_wconf 87' lang='lat' dir='ltr'>pharm.</span> <span class='ocrx_word' id='word_1_207' title='bbox 1190 1456 1228 1490; x_wconf 90' lang='lat' dir='ltr'>et</span> <span class='ocrx_word' id='word_1_208' title='bbox 1259 1452 1371 1491; x_wconf 90' lang='lat' dir='ltr'><strong>muls.</strong></span> <span class='ocrx_word' id='word_1_209' title='bbox 1414 1451 1450 1491; x_wconf 89' lang='lat' dir='ltr'>S.</span> <span class='ocrx_word' id='word_1_210' title='bbox 1486 1464 1542 1504; x_wconf 88' lang='lat' dir='ltr'>pr.</span> <span class='ocrx_word' id='word_1_211' title='bbox 1585 1463 1696 1504; x_wconf 89' lang='lat' dir='ltr'>erog.</span> <span class='ocrx_word' id='word_1_212' title='bbox 1713 1449 1754 1505; x_wconf 82' lang='lat'>⁴)</span> 
     </span>
     <span class='ocr_line' id='line_1_24' title="bbox 146 1506 1751 1563; baseline -0.001 -12"><span class='ocrx_word' id='word_1_213' title='bbox 146 1511 261 1551; x_wconf 89' lang='lat' dir='ltr'>Plebs</span> <span class='ocrx_word' id='word_1_214' title='bbox 294 1510 440 1551; x_wconf 87' lang='lat' dir='ltr'>urbana</span> <span class='ocrx_word' id='word_1_215' title='bbox 470 1506 619 1562; x_wconf 75' lang='lat' dir='ltr'><strong>Lor.⁵]</strong></span> <span class='ocrx_word' id='word_1_216' title='bbox 650 1510 694 1549; x_wconf 87' lang='lat' dir='ltr'>V.</span> <span class='ocrx_word' id='word_1_217' title='bbox 728 1510 1014 1563; x_wconf 84' lang='lat' dir='ltr'>benignissimo</span> <span class='ocrx_word' id='word_1_218' title='bbox 1048 1509 1087 1549; x_wconf 87' lang='grc' dir='ltr'>Β.</span> <span class='ocrx_word' id='word_1_219' title='bbox 1121 1509 1172 1550; x_wconf 90' lang='grc' dir='ltr'>Μ.</span> <span class='ocrx_word' id='word_1_220' title='bbox 1207 1510 1246 1550; x_wconf 90' lang='lat' dir='ltr'>F.</span> <span class='ocrx_word' id='word_1_221' title='bbox 1280 1510 1322 1550; x_wconf 91' lang='lat' dir='ltr'>E.</span> <span class='ocrx_word' id='word_1_222' title='bbox 1356 1509 1401 1549; x_wconf 92' lang='lat' dir='ltr'>D.</span> <span class='ocrx_word' id='word_1_223' title='bbox 1434 1509 1478 1550; x_wconf 93' lang='lat' dir='ltr'>D.</span> <span class='ocrx_word' id='word_1_224' title='bbox 1496 1507 1536 1563; x_wconf 67' lang='grc' dir='ltr'>ὃ)</span> <span class='ocrx_word' id='word_1_225' title='bbox 1572 1533 1627 1540; x_wconf 89' lang='lat'>—-</span> <span class='ocrx_word' id='word_1_226' title='bbox 1659 1512 1751 1549; x_wconf 84' lang='lat' dir='ltr'>Ceri.</span> 
     </span>
     <span class='ocr_line' id='line_1_25' title="bbox 145 1569 1254 1608; baseline -0.001 0"><span class='ocrx_word' id='word_1_227' title='bbox 145 1572 291 1608; x_wconf 82' lang='lat' dir='ltr'>Gazetta</span> <span class='ocrx_word' id='word_1_228' title='bbox 324 1571 359 1607; x_wconf 91' lang='lat' dir='ltr'>di</span> <span class='ocrx_word' id='word_1_229' title='bbox 391 1572 518 1608; x_wconf 77' lang='lat' dir='ltr'>lllilano</span> <span class='ocrx_word' id='word_1_230' title='bbox 556 1570 677 1607; x_wconf 81' lang='lat'><strong>1826.</strong></span> <span class='ocrx_word' id='word_1_231' title='bbox 717 1569 756 1607; x_wconf 77' lang='lat' dir='ltr'>N.</span> <span class='ocrx_word' id='word_1_232' title='bbox 791 1572 812 1606; x_wconf 85' lang='lat'>5</span> <span class='ocrx_word' id='word_1_233' title='bbox 847 1576 881 1607; x_wconf 87' lang='lat' dir='ltr'>et</span> <span class='ocrx_word' id='word_1_234' title='bbox 918 1570 980 1607; x_wconf 86' lang='lat'>16.</span> <span class='ocrx_word' id='word_1_235' title='bbox 1030 1570 1125 1608; x_wconf 90' lang='lat' dir='ltr'>Orel.</span> <span class='ocrx_word' id='word_1_236' title='bbox 1162 1570 1254 1607; x_wconf 75' lang='lat'><strong>114.</strong></span> 
     </span>
    </p>
   </div>
   <div class='ocr_carea' id='block_1_7' title="bbox 122 1643 1757 1874">
    <p class='ocr_par' dir='ltr' id='par_1_7' title="bbox 122 1643 1755 1874">
     <span class='ocr_line' id='line_1_26' title="bbox 288 1643 1732 1698; baseline 0.001 -15"><span class='ocrx_word' id='word_1_237' title='bbox 288 1647 408 1683; x_wconf 75' lang='lat'><strong>1579.</strong></span> <span class='ocrx_word' id='word_1_238' title='bbox 470 1644 512 1685; x_wconf 94' lang='lat' dir='ltr'>L.</span> <span class='ocrx_word' id='word_1_239' title='bbox 545 1643 716 1697; x_wconf 86' lang='lat' dir='ltr'>Apuleio</span> <span class='ocrx_word' id='word_1_240' title='bbox 750 1644 911 1684; x_wconf 87' lang='lat' dir='ltr'>Braside</span> <span class='ocrx_word' id='word_1_241' title='bbox 945 1644 1100 1685; x_wconf 85' lang='lat' dir='ltr'>habenti</span> <span class='ocrx_word' id='word_1_242' title='bbox 1133 1643 1195 1685; x_wconf 88' lang='lat' dir='ltr'>llll</span> <span class='ocrx_word' id='word_1_243' title='bbox 1225 1644 1290 1684; x_wconf 86' lang='lat' dir='ltr'>lib.</span> <span class='ocrx_word' id='word_1_244' title='bbox 1324 1645 1384 1685; x_wconf 91' lang='lat' dir='ltr'>ius</span> <span class='ocrx_word' id='word_1_245' title='bbox 1417 1643 1492 1685; x_wconf 88' lang='lat' dir='ltr'><strong>dat.</strong></span> <span class='ocrx_word' id='word_1_246' title='bbox 1526 1645 1574 1685; x_wconf 87' lang='lat' dir='ltr'>ab</span> <span class='ocrx_word' id='word_1_247' title='bbox 1595 1644 1732 1698; x_wconf 84' lang='lat' dir='ltr'><strong>Imp...</strong></span> 
     </span>
     <span class='ocr_line' id='line_1_27' title="bbox 122 1677 1757 1759; baseline 0 -14"><span class='ocrx_word' id='word_1_248' title='bbox 122 1703 246 1759; x_wconf 76' lang='lat' dir='ltr'><strong>Aug.</strong></span> <span class='ocrx_word' id='word_1_249' title='bbox 278 1704 327 1744; x_wconf 93' lang='lat' dir='ltr'>Vl</span> <span class='ocrx_word' id='word_1_250' title='bbox 358 1704 430 1743; x_wconf 86' lang='lat' dir='ltr'>vir</span> <span class='ocrx_word' id='word_1_251' title='bbox 464 1703 565 1757; x_wconf 88' lang='lat' dir='ltr'>Aug</span> <span class='ocrx_word' id='word_1_252' title='bbox 600 1708 819 1744; x_wconf 78' lang='lat' dir='ltr'>ornament.</span> <span class='ocrx_word' id='word_1_253' title='bbox 862 1703 1102 1744; x_wconf 89' lang='lat' dir='ltr'>decurional.</span> <span class='ocrx_word' id='word_1_254' title='bbox 1138 1703 1276 1743; x_wconf 83' lang='lat' dir='ltr'>honor.</span> <span class='ocrx_word' id='word_1_255' title='bbox 1311 1708 1348 1743; x_wconf 88' lang='lat' dir='ltr'>et</span> <span class='ocrx_word' id='word_1_256' title='bbox 1383 1704 1485 1758; x_wconf 89' lang='lat' dir='ltr'><strong>Aug.</strong></span> <span class='ocrx_word' id='word_1_257' title='bbox 1529 1717 1633 1744; x_wconf 88' lang='lat' dir='ltr'><strong>mun.</strong></span> <span class='ocrx_word' id='word_1_258' title='bbox 1667 1677 1757 1745; x_wconf 61' lang='lat' dir='ltr'>Ae&#39;l&#39;</span> 
     </span>
     <span class='ocr_line' id='line_1_28' title="bbox 142 1758 1755 1817; baseline 0 -14"><span class='ocrx_word' id='word_1_259' title='bbox 142 1763 247 1803; x_wconf 80' lang='lat' dir='ltr'>Karn</span> <span class='ocrx_word' id='word_1_260' title='bbox 263 1760 302 1816; x_wconf 79' lang='grc'>7)</span> <span class='ocrx_word' id='word_1_261' title='bbox 338 1762 479 1817; x_wconf 83' lang='lat' dir='ltr'>colleg.</span> <span class='ocrx_word' id='word_1_262' title='bbox 513 1762 611 1802; x_wconf 84' lang='lat' dir='ltr'><strong>fabr.</strong></span> <span class='ocrx_word' id='word_1_263' title='bbox 628 1758 670 1815; x_wconf 71' lang='lat'>8)</span> <span class='ocrx_word' id='word_1_264' title='bbox 706 1762 875 1802; x_wconf 88' lang='lat' dir='ltr'>Patrono</span> <span class='ocrx_word' id='word_1_265' title='bbox 909 1768 946 1802; x_wconf 90' lang='lat' dir='ltr'>et</span> <span class='ocrx_word' id='word_1_266' title='bbox 979 1762 1119 1814; x_wconf 85' lang='lat' dir='ltr'>Quinq.</span> <span class='ocrx_word' id='word_1_267' title='bbox 1156 1763 1206 1803; x_wconf 90' lang='lat' dir='ltr'>ob</span> <span class='ocrx_word' id='word_1_268' title='bbox 1239 1763 1418 1802; x_wconf 76' lang='lat' dir='ltr'>eximiam</span> <span class='ocrx_word' id='word_1_269' title='bbox 1452 1764 1537 1803; x_wconf 90' lang='lat' dir='ltr'>eius</span> <span class='ocrx_word' id='word_1_270' title='bbox 1581 1775 1678 1815; x_wconf 83' lang='lat' dir='ltr'>erga</span> <span class='ocrx_word' id='word_1_271' title='bbox 1710 1775 1755 1803; x_wconf 89' lang='lat' dir='ltr'>se</span> 
     </span>
     <span class='ocr_line' id='line_1_29' title="bbox 142 1819 1753 1874; baseline 0 -12"><span class='ocrx_word' id='word_1_272' title='bbox 142 1821 415 1862; x_wconf 85' lang='lat' dir='ltr'>liberalitatem</span> <span class='ocrx_word' id='word_1_273' title='bbox 447 1822 556 1861; x_wconf 89' lang='lat' dir='ltr'>cuius</span> <span class='ocrx_word' id='word_1_274' title='bbox 589 1819 836 1860; x_wconf 87' lang='lat' dir='ltr'>dedicatione</span> <span class='ocrx_word' id='word_1_275' title='bbox 868 1833 949 1860; x_wconf 90' lang='lat' dir='ltr'>cum</span> <span class='ocrx_word' id='word_1_276' title='bbox 983 1821 1138 1874; x_wconf 86' lang='lat' dir='ltr'>collega</span> <span class='ocrx_word' id='word_1_277' title='bbox 1171 1821 1336 1873; x_wconf 91' lang='lat' dir='ltr'>singulis</span> <span class='ocrx_word' id='word_1_278' title='bbox 1368 1821 1439 1861; x_wconf 91' lang='lat' dir='ltr'>HS.</span> <span class='ocrx_word' id='word_1_279' title='bbox 1463 1821 1510 1861; x_wconf 80' lang='lat' dir='ltr'>N.</span> <span class='ocrx_word' id='word_1_280' title='bbox 1532 1821 1574 1861; x_wconf 92' lang='lat' dir='ltr'>L.</span> <span class='ocrx_word' id='word_1_281' title='bbox 1598 1821 1753 1862; x_wconf 82' lang='lat' dir='ltr'>adiecto</span> 
     </span>
    </p>
   </div>
   <div class='ocr_carea' id='block_1_8' title="bbox 142 1879 1753 1990">
    <p class='ocr_par' dir='ltr' id='par_1_8' title="bbox 142 1879 1753 1990">
     <span class='ocr_line' id='line_1_30' title="bbox 142 1879 1753 1933; baseline -0.001 -13"><span class='ocrx_word' id='word_1_282' title='bbox 142 1892 244 1933; x_wconf 78' lang='lat' dir='ltr'>pane</span> <span class='ocrx_word' id='word_1_283' title='bbox 277 1884 317 1920; x_wconf 78' lang='lat' dir='ltr'>et</span> <span class='ocrx_word' id='word_1_284' title='bbox 348 1880 425 1920; x_wconf 81' lang='lat' dir='ltr'><strong>vin.</strong></span> <span class='ocrx_word' id='word_1_285' title='bbox 459 1879 549 1919; x_wconf 84' lang='lat' dir='ltr'><strong>ded.</strong></span> <span class='ocrx_word' id='word_1_286' title='bbox 582 1879 625 1920; x_wconf 92' lang='lat' dir='ltr'>L.</span> <span class='ocrx_word' id='word_1_287' title='bbox 658 1879 703 1920; x_wconf 92' lang='lat' dir='ltr'>D.</span> <span class='ocrx_word' id='word_1_288' title='bbox 736 1879 781 1919; x_wconf 89' lang='lat' dir='ltr'>D.</span> <span class='ocrx_word' id='word_1_289' title='bbox 814 1879 860 1919; x_wconf 91' lang='lat' dir='ltr'>D.</span> <span class='ocrx_word' id='word_1_290' title='bbox 888 1902 938 1907; x_wconf 88' lang='lat'>—</span> <span class='ocrx_word' id='word_1_291' title='bbox 964 1883 1107 1919; x_wconf 88' lang='lat' dir='ltr'>Pisauri.</span> <span class='ocrx_word' id='word_1_292' title='bbox 1140 1882 1309 1919; x_wconf 86' lang='lat' dir='ltr'>Polcastri</span> <span class='ocrx_word' id='word_1_293' title='bbox 1341 1894 1374 1930; x_wconf 91' lang='lat' dir='ltr'>p.</span> <span class='ocrx_word' id='word_1_294' title='bbox 1409 1882 1474 1919; x_wconf 79' lang='lat'>37.</span> <span class='ocrx_word' id='word_1_295' title='bbox 1506 1882 1599 1919; x_wconf 90' lang='lat' dir='ltr'>Orel.</span> <span class='ocrx_word' id='word_1_296' title='bbox 1629 1882 1753 1919; x_wconf 82' lang='lat'><strong>2675.</strong></span> 
     </span>
     <span class='ocr_line' id='line_1_31' title="bbox 144 1940 787 1990; baseline -0.002 -13"><span class='ocrx_word' id='word_1_297' title='bbox 144 1941 278 1990; x_wconf 82' lang='lat' dir='ltr'><strong>Zumpt.</strong></span> <span class='ocrx_word' id='word_1_298' title='bbox 314 1942 364 1977; x_wconf 89' lang='lat' dir='ltr'>De</span> <span class='ocrx_word' id='word_1_299' title='bbox 397 1941 622 1987; x_wconf 85' lang='lat' dir='ltr'>Augustalib.</span> <span class='ocrx_word' id='word_1_300' title='bbox 654 1953 687 1988; x_wconf 92' lang='lat' dir='ltr'>p.</span> <span class='ocrx_word' id='word_1_301' title='bbox 723 1940 787 1976; x_wconf 76' lang='lat'>67.</span> 
     </span>
    </p>
   </div>
   <div class='ocr_carea' id='block_1_9' title="bbox 143 2012 1757 2479">
    <p class='ocr_par' dir='ltr' id='par_1_9' title="bbox 143 2012 1757 2479">
     <span class='ocr_line' id='line_1_32' title="bbox 288 2012 1753 2067; baseline 0.001 -14"><span class='ocrx_word' id='word_1_302' title='bbox 288 2016 409 2054; x_wconf 81' lang='lat'><strong>1580.</strong></span> <span class='ocrx_word' id='word_1_303' title='bbox 471 2013 688 2067; x_wconf 90' lang='lat' dir='ltr'>Populonii.</span> <span class='ocrx_word' id='word_1_304' title='bbox 722 2013 764 2054; x_wconf 91' lang='lat' dir='ltr'>L.</span> <span class='ocrx_word' id='word_1_305' title='bbox 797 2012 945 2054; x_wconf 81' lang='lat' dir='ltr'>Aradio</span> <span class='ocrx_word' id='word_1_306' title='bbox 977 2014 1059 2067; x_wconf 71' lang='lat' dir='ltr'>⁴Val.</span> <span class='ocrx_word' id='word_1_307' title='bbox 1093 2013 1260 2055; x_wconf 89' lang='lat' dir='ltr'>Proculo</span> <span class='ocrx_word' id='word_1_308' title='bbox 1292 2013 1335 2052; x_wconf 88' lang='lat' dir='ltr'>V.</span> <span class='ocrx_word' id='word_1_309' title='bbox 1371 2013 1411 2054; x_wconf 90' lang='lat' dir='ltr'>C.</span> <span class='ocrx_word' id='word_1_310' title='bbox 1444 2013 1612 2066; x_wconf 77' lang='lat' dir='ltr'>Augur-i,</span> <span class='ocrx_word' id='word_1_311' title='bbox 1644 2013 1753 2054; x_wconf 92' lang='lat' dir='ltr'>Pon-</span> 
     </span>
     <span class='ocr_line' id='line_1_33' title="bbox 144 2071 1755 2124; baseline -0.002 -10"><span class='ocrx_word' id='word_1_312' title='bbox 144 2073 236 2114; x_wconf 85' lang='lat' dir='ltr'>tifici</span> <span class='ocrx_word' id='word_1_313' title='bbox 268 2074 426 2124; x_wconf 84' lang='lat' dir='ltr'>maiori,</span> <span class='ocrx_word' id='word_1_314' title='bbox 461 2073 779 2121; x_wconf 80' lang='lat' dir='ltr'>Quindecimviro</span> <span class='ocrx_word' id='word_1_315' title='bbox 813 2074 936 2113; x_wconf 80' lang='lat' dir='ltr'>sacris</span> <span class='ocrx_word' id='word_1_316' title='bbox 968 2072 1180 2123; x_wconf 84' lang='lat' dir='ltr'>faciundis,</span> <span class='ocrx_word' id='word_1_317' title='bbox 1212 2071 1386 2112; x_wconf 84' lang='lat' dir='ltr'>Pontifici</span> <span class='ocrx_word' id='word_1_318' title='bbox 1419 2071 1598 2122; x_wconf 80' lang='lat' dir='ltr'>Flaviali,</span> <span class='ocrx_word' id='word_1_319' title='bbox 1630 2072 1755 2112; x_wconf 84' lang='lat' dir='ltr'>Prae-</span> 
     </span>
     <span class='ocr_line' id='line_1_34' title="bbox 143 2130 1753 2184; baseline -0.001 -12"><span class='ocrx_word' id='word_1_320' title='bbox 143 2133 221 2174; x_wconf 82' lang='lat' dir='ltr'>tori</span> <span class='ocrx_word' id='word_1_321' title='bbox 252 2132 422 2182; x_wconf 85' lang='lat' dir='ltr'>tutelari,</span> <span class='ocrx_word' id='word_1_322' title='bbox 454 2132 627 2184; x_wconf 82' lang='lat' dir='ltr'>Legato,</span> <span class='ocrx_word' id='word_1_323' title='bbox 659 2132 925 2184; x_wconf 83' lang='lat' dir='ltr'>Propraetore</span> <span class='ocrx_word' id='word_1_324' title='bbox 958 2133 1185 2184; x_wconf 80' lang='lat' dir='ltr'>provinciae</span> <span class='ocrx_word' id='word_1_325' title='bbox 1216 2130 1436 2179; x_wconf 78' lang='lat' dir='ltr'>Numidiae,</span> <span class='ocrx_word' id='word_1_326' title='bbox 1467 2131 1753 2183; x_wconf 83' lang='lat' dir='ltr'>Peraequatori</span> 
     </span>
     <span class='ocr_line' id='line_1_35' title="bbox 146 2189 1756 2243; baseline -0.001 -12"><span class='ocrx_word' id='word_1_327' title='bbox 146 2202 292 2231; x_wconf 88' lang='lat' dir='ltr'>census</span> <span class='ocrx_word' id='word_1_328' title='bbox 326 2191 554 2243; x_wconf 85' lang='lat' dir='ltr'>provinciae</span> <span class='ocrx_word' id='word_1_329' title='bbox 586 2190 808 2240; x_wconf 83' lang='lat' dir='ltr'>Galleciae,</span> <span class='ocrx_word' id='word_1_330' title='bbox 842 2190 1016 2230; x_wconf 88' lang='lat' dir='ltr'>Praesidi</span> <span class='ocrx_word' id='word_1_331' title='bbox 1048 2190 1274 2243; x_wconf 82' lang='lat' dir='ltr'>provinciae</span> <span class='ocrx_word' id='word_1_332' title='bbox 1307 2189 1559 2242; x_wconf 70' lang='lat' dir='ltr'>Byzacenae,</span> <span class='ocrx_word' id='word_1_333' title='bbox 1594 2189 1756 2230; x_wconf 90' lang='lat' dir='ltr'>Consu-</span> 
     </span>
     <span class='ocr_line' id='line_1_36' title="bbox 145 2248 1756 2302; baseline -0.001 -13"><span class='ocrx_word' id='word_1_334' title='bbox 145 2250 215 2290; x_wconf 90' lang='lat' dir='ltr'>lari</span> <span class='ocrx_word' id='word_1_335' title='bbox 247 2250 473 2302; x_wconf 82' lang='lat' dir='ltr'>provinciae</span> <span class='ocrx_word' id='word_1_336' title='bbox 505 2249 689 2301; x_wconf 88' lang='lat' dir='ltr'>Europae</span> <span class='ocrx_word' id='word_1_337' title='bbox 735 2253 774 2288; x_wconf 87' lang='lat' dir='ltr'>et</span> <span class='ocrx_word' id='word_1_338' title='bbox 816 2249 1030 2299; x_wconf 78' lang='lat' dir='ltr'>Thraciae,</span> <span class='ocrx_word' id='word_1_339' title='bbox 1073 2248 1275 2289; x_wconf 83' lang='lat' dir='ltr'>Consulari</span> <span class='ocrx_word' id='word_1_340' title='bbox 1317 2248 1544 2301; x_wconf 85' lang='lat' dir='ltr'>provinciae</span> <span class='ocrx_word' id='word_1_341' title='bbox 1587 2248 1756 2299; x_wconf 86' lang='lat' dir='ltr'>Siciliae,</span> 
     </span>
     <span class='ocr_line' id='line_1_37' title="bbox 147 2306 1757 2359; baseline -0.001 -11"><span class='ocrx_word' id='word_1_342' title='bbox 147 2307 285 2348; x_wconf 85' lang='lat' dir='ltr'>Comiti</span> <span class='ocrx_word' id='word_1_343' title='bbox 316 2306 463 2349; x_wconf 88' lang='lat' dir='ltr'>ordinis</span> <span class='ocrx_word' id='word_1_344' title='bbox 496 2307 686 2356; x_wconf 86' lang='lat' dir='ltr'>secundi,</span> <span class='ocrx_word' id='word_1_345' title='bbox 730 2306 866 2348; x_wconf 88' lang='lat' dir='ltr'>Comiti</span> <span class='ocrx_word' id='word_1_346' title='bbox 900 2307 1048 2347; x_wconf 82' lang='lat' dir='ltr'>ordinis</span> <span class='ocrx_word' id='word_1_347' title='bbox 1082 2307 1215 2359; x_wconf 86' lang='lat' dir='ltr'>primi,</span> <span class='ocrx_word' id='word_1_348' title='bbox 1257 2306 1488 2347; x_wconf 89' lang='lat' dir='ltr'>Proconsuli</span> <span class='ocrx_word' id='word_1_349' title='bbox 1529 2307 1757 2359; x_wconf 85' lang='lat' dir='ltr'>provinciae</span> 
     </span>
     <span class='ocr_line' id='line_1_38' title="bbox 146 2364 1755 2418; baseline 0 -12"><span class='ocrx_word' id='word_1_350' title='bbox 146 2366 304 2407; x_wconf 86' lang='lat' dir='ltr'>Africae</span> <span class='ocrx_word' id='word_1_351' title='bbox 338 2366 423 2406; x_wconf 91' lang='lat' dir='ltr'>vice</span> <span class='ocrx_word' id='word_1_352' title='bbox 455 2379 569 2406; x_wconf 86' lang='lat' dir='ltr'>sacra</span> <span class='ocrx_word' id='word_1_353' title='bbox 611 2366 819 2417; x_wconf 83' lang='lat' dir='ltr'>iudicanti,</span> <span class='ocrx_word' id='word_1_354' title='bbox 861 2365 1029 2418; x_wconf 82' lang='lat' dir='ltr'>eidemq.</span> <span class='ocrx_word' id='word_1_355' title='bbox 1073 2364 1218 2405; x_wconf 86' lang='lat' dir='ltr'>iudicio</span> <span class='ocrx_word' id='word_1_356' title='bbox 1261 2377 1376 2405; x_wconf 90' lang='lat' dir='ltr'>sacro</span> <span class='ocrx_word' id='word_1_357' title='bbox 1418 2377 1488 2417; x_wconf 87' lang='lat' dir='ltr'>per</span> <span class='ocrx_word' id='word_1_358' title='bbox 1529 2366 1755 2417; x_wconf 86' lang='lat' dir='ltr'>provincias</span> 
     </span>
     <span class='ocr_line' id='line_1_39' title="bbox 146 2423 1757 2479; baseline -0.001 -14"><span class='ocrx_word' id='word_1_359' title='bbox 146 2424 472 2479; x_wconf 87' lang='lat' dir='ltr'>proconsularem</span> <span class='ocrx_word' id='word_1_360' title='bbox 505 2429 545 2464; x_wconf 85' lang='lat' dir='ltr'>et</span> <span class='ocrx_word' id='word_1_361' title='bbox 575 2424 795 2465; x_wconf 74' lang='lat' dir='ltr'>Numidiam</span> <span class='ocrx_word' id='word_1_362' title='bbox 826 2424 1040 2479; x_wconf 84' lang='lat' dir='ltr'>Byzacium</span> <span class='ocrx_word' id='word_1_363' title='bbox 1072 2436 1118 2464; x_wconf 90' lang='lat' dir='ltr'>ac</span> <span class='ocrx_word' id='word_1_364' title='bbox 1149 2423 1336 2476; x_wconf 89' lang='lat' dir='ltr'>Tripolim</span> <span class='ocrx_word' id='word_1_365' title='bbox 1378 2424 1550 2476; x_wconf 84' lang='lat' dir='ltr'>itemque</span> <span class='ocrx_word' id='word_1_366' title='bbox 1590 2423 1757 2464; x_wconf 79' lang='lat' dir='ltr'>Maure-</span> 
     </span>
    </p>
   </div>
   <div class='ocr_carea' id='block_1_10' title="bbox 146 2561 1759 2984">
    <p class='ocr_par' dir='ltr' id='par_1_10' title="bbox 146 2561 1759 2984">
     <span class='ocr_line' id='line_1_40' title="bbox 290 2561 1757 2609; baseline -0.001 -9"><span class='ocrx_word' id='word_1_367' title='bbox 290 2565 326 2609; x_wconf 81' lang='lat'>1)</span> <span class='ocrx_word' id='word_1_368' title='bbox 352 2565 530 2600; x_wconf 78' lang='lat' dir='ltr'>Gruterus,</span> <span class='ocrx_word' id='word_1_369' title='bbox 564 2566 670 2609; x_wconf 82' lang='lat' dir='ltr'>adque</span> <span class='ocrx_word' id='word_1_370' title='bbox 696 2565 848 2598; x_wconf 67' lang='lat' dir='ltr'>militas.</span> <span class='ocrx_word' id='word_1_371' title='bbox 873 2564 980 2598; x_wconf 80' lang='lat' dir='ltr'>Locus</span> <span class='ocrx_word' id='word_1_372' title='bbox 1015 2566 1150 2597; x_wconf 91' lang='lat' dir='ltr'>omnino</span> <span class='ocrx_word' id='word_1_373' title='bbox 1177 2564 1339 2599; x_wconf 84' lang='lat' dir='ltr'>turbatus.</span> <span class='ocrx_word' id='word_1_374' title='bbox 1378 2582 1418 2586; x_wconf 93' lang='lat'>—-</span> <span class='ocrx_word' id='word_1_375' title='bbox 1453 2561 1490 2606; x_wconf 85' lang='lat'>2)</span> <span class='ocrx_word' id='word_1_376' title='bbox 1516 2575 1577 2607; x_wconf 84' lang='lat' dir='ltr'>per</span> <span class='ocrx_word' id='word_1_377' title='bbox 1601 2565 1757 2599; x_wconf 82' lang='lat' dir='ltr'>viciniam</span> 
     </span>
     <span class='ocr_line' id='line_1_41' title="bbox 148 2608 1758 2655; baseline -0.001 -9"><span class='ocrx_word' id='word_1_378' title='bbox 148 2623 242 2646; x_wconf 85' lang='lat' dir='ltr'>suam</span> <span class='ocrx_word' id='word_1_379' title='bbox 268 2612 305 2653; x_wconf 82' lang='lat' dir='ltr'>(i.</span> <span class='ocrx_word' id='word_1_380' title='bbox 331 2624 360 2646; x_wconf 86' lang='lat' dir='ltr'>e.</span> <span class='ocrx_word' id='word_1_381' title='bbox 388 2614 623 2653; x_wconf 77' lang='lat' dir='ltr'>coriariorum)</span> <span class='ocrx_word' id='word_1_382' title='bbox 651 2614 786 2645; x_wconf 84' lang='lat' dir='ltr'>coniicit</span> <span class='ocrx_word' id='word_1_383' title='bbox 813 2612 950 2645; x_wconf 83' lang='lat' dir='ltr'>P.reller</span> <span class='ocrx_word' id='word_1_384' title='bbox 987 2628 1027 2633; x_wconf 89' lang='lat'>—</span> <span class='ocrx_word' id='word_1_385' title='bbox 1063 2611 1101 2652; x_wconf 72' lang='lat'>3)</span> <span class='ocrx_word' id='word_1_386' title='bbox 1128 2611 1328 2655; x_wconf 82' lang='lat' dir='ltr'>legendum:</span> <span class='ocrx_word' id='word_1_387' title='bbox 1356 2612 1454 2644; x_wconf 90' lang='lat' dir='ltr'>omni.</span> <span class='ocrx_word' id='word_1_388' title='bbox 1489 2627 1532 2633; x_wconf 85' lang='lat'>—-</span> <span class='ocrx_word' id='word_1_389' title='bbox 1557 2608 1595 2652; x_wconf 81' lang='lat'>4)</span> <span class='ocrx_word' id='word_1_390' title='bbox 1622 2622 1758 2645; x_wconf 86' lang='lat' dir='ltr'>aroma-</span> 
     </span>
     <span class='ocr_line' id='line_1_42' title="bbox 148 2658 1758 2704; baseline 0.001 -12"><span class='ocrx_word' id='word_1_391' title='bbox 148 2662 248 2698; x_wconf 85' lang='lat' dir='ltr'>tario,</span> <span class='ocrx_word' id='word_1_392' title='bbox 276 2662 330 2704; x_wconf 90' lang='lat' dir='ltr'>qui</span> <span class='ocrx_word' id='word_1_393' title='bbox 357 2660 495 2693; x_wconf 82' lang='lat' dir='ltr'>vascula</span> <span class='ocrx_word' id='word_1_394' title='bbox 524 2660 761 2692; x_wconf 82' lang='lat' dir='ltr'>dulciariorum</span> <span class='ocrx_word' id='word_1_395' title='bbox 790 2665 941 2692; x_wconf 85' lang='lat' dir='ltr'>trecenta</span> <span class='ocrx_word' id='word_1_396' title='bbox 975 2661 1055 2691; x_wconf 87' lang='lat' dir='ltr'>item</span> <span class='ocrx_word' id='word_1_397' title='bbox 1089 2660 1279 2691; x_wconf 77' lang='lat' dir='ltr'>sestertium</span> <span class='ocrx_word' id='word_1_398' title='bbox 1316 2658 1370 2691; x_wconf 82' lang='lat' dir='ltr'>IX</span> <span class='ocrx_word' id='word_1_399' title='bbox 1397 2664 1598 2691; x_wconf 84' lang='lat' dir='ltr'>testamento</span> <span class='ocrx_word' id='word_1_400' title='bbox 1625 2659 1758 2704; x_wconf 83' lang='lat' dir='ltr'>reliquit</span> 
     </span>
     <span class='ocr_line' id='line_1_43' title="bbox 150 2704 1759 2749; baseline 0.001 -10"><span class='ocrx_word' id='word_1_401' title='bbox 150 2705 186 2739; x_wconf 90' lang='lat' dir='ltr'>C.</span> <span class='ocrx_word' id='word_1_402' title='bbox 211 2706 340 2740; x_wconf 82' lang='lat' dir='ltr'>Statilio</span> <span class='ocrx_word' id='word_1_403' title='bbox 371 2707 482 2749; x_wconf 82' lang='lat' dir='ltr'>Prago</span> <span class='ocrx_word' id='word_1_404' title='bbox 509 2708 712 2739; x_wconf 83' lang='lat' dir='ltr'>aromatario</span> <span class='ocrx_word' id='word_1_405' title='bbox 739 2716 868 2749; x_wconf 82' lang='lat' dir='ltr'>genero</span> <span class='ocrx_word' id='word_1_406' title='bbox 894 2716 967 2745; x_wconf 86' lang='lat' dir='ltr'>suo,</span> <span class='ocrx_word' id='word_1_407' title='bbox 995 2711 1030 2738; x_wconf 84' lang='lat' dir='ltr'>nt</span> <span class='ocrx_word' id='word_1_408' title='bbox 1048 2706 1159 2749; x_wconf 85' lang='lat' dir='ltr'>aegris</span> <span class='ocrx_word' id='word_1_409' title='bbox 1179 2705 1333 2748; x_wconf 81' lang='lat' dir='ltr'>inopibus</span> <span class='ocrx_word' id='word_1_410' title='bbox 1352 2705 1511 2738; x_wconf 80' lang='lat' dir='ltr'>Coloniae</span> <span class='ocrx_word' id='word_1_411' title='bbox 1530 2704 1653 2738; x_wconf 90' lang='lat' dir='ltr'>Felicis</span> <span class='ocrx_word' id='word_1_412' title='bbox 1672 2705 1759 2740; x_wconf 87' lang='lat' dir='ltr'>Lorii</span> 
     </span>
     <span class='ocr_line' id='line_1_44' title="bbox 149 2749 1756 2796; baseline 0.001 -10"><span class='ocrx_word' id='word_1_413' title='bbox 149 2752 329 2796; x_wconf 83' lang='lat' dir='ltr'>pharmaca</span> <span class='ocrx_word' id='word_1_414' title='bbox 355 2759 389 2786; x_wconf 88' lang='lat' dir='ltr'>et</span> <span class='ocrx_word' id='word_1_415' title='bbox 414 2753 555 2786; x_wconf 82' lang='lat' dir='ltr'>mulsum</span> <span class='ocrx_word' id='word_1_416' title='bbox 581 2754 654 2786; x_wconf 87' lang='lat' dir='ltr'>sine</span> <span class='ocrx_word' id='word_1_417' title='bbox 679 2755 788 2796; x_wconf 80' lang='lat' dir='ltr'>pretio</span> <span class='ocrx_word' id='word_1_418' title='bbox 815 2757 979 2795; x_wconf 83' lang='lat' dir='ltr'>erogaret.</span> <span class='ocrx_word' id='word_1_419' title='bbox 1020 2768 1059 2773; x_wconf 91' lang='lat'>—</span> <span class='ocrx_word' id='word_1_420' title='bbox 1096 2749 1133 2793; x_wconf 87' lang='lat'>5)</span> <span class='ocrx_word' id='word_1_421' title='bbox 1160 2751 1278 2785; x_wconf 85' lang='lat' dir='ltr'>Lorina</span> <span class='ocrx_word' id='word_1_422' title='bbox 1309 2754 1382 2785; x_wconf 82' lang='lat' dir='ltr'>sive</span> <span class='ocrx_word' id='word_1_423' title='bbox 1407 2751 1606 2786; x_wconf 82' lang='lat' dir='ltr'>Lorinensis.</span> <span class='ocrx_word' id='word_1_424' title='bbox 1642 2771 1684 2776; x_wconf 88' lang='lat'>—</span> <span class='ocrx_word' id='word_1_425' title='bbox 1719 2755 1756 2794; x_wconf 76' lang='lat'>6)</span> 
     </span>
     <span class='ocr_line' id='line_1_45' title="bbox 146 2798 1756 2842; baseline 0.001 -11"><span class='ocrx_word' id='word_1_426' title='bbox 146 2799 237 2832; x_wconf 85' lang='lat' dir='ltr'>bene</span> <span class='ocrx_word' id='word_1_427' title='bbox 262 2802 402 2833; x_wconf 86' lang='lat' dir='ltr'>merenti</span> <span class='ocrx_word' id='word_1_428' title='bbox 433 2800 512 2833; x_wconf 87' lang='lat' dir='ltr'>fecit</span> <span class='ocrx_word' id='word_1_429' title='bbox 537 2810 579 2832; x_wconf 76' lang='lat' dir='ltr'>ex</span> <span class='ocrx_word' id='word_1_430' title='bbox 603 2800 741 2833; x_wconf 83' lang='lat' dir='ltr'>decreto</span> <span class='ocrx_word' id='word_1_431' title='bbox 770 2800 977 2832; x_wconf 81' lang='lat' dir='ltr'>decurioum.</span> <span class='ocrx_word' id='word_1_432' title='bbox 1005 2798 1197 2842; x_wconf 84' lang='lat' dir='ltr'>Sequuntur</span> <span class='ocrx_word' id='word_1_433' title='bbox 1222 2799 1339 2832; x_wconf 85' lang='lat' dir='ltr'>literae</span> <span class='ocrx_word' id='word_1_434' title='bbox 1359 2798 1522 2832; x_wconf 83' lang='lat' dir='ltr'>obscurae</span> <span class='ocrx_word' id='word_1_435' title='bbox 1540 2805 1575 2832; x_wconf 87' lang='lat' dir='ltr'>et</span> <span class='ocrx_word' id='word_1_436' title='bbox 1591 2800 1756 2834; x_wconf 80' lang='lat' dir='ltr'>evanidae</span> 
     </span>
     <span class='ocr_line' id='line_1_46' title="bbox 152 2843 1759 2890; baseline 0.001 -12"><span class='ocrx_word' id='word_1_437' title='bbox 152 2843 191 2885; x_wconf 91' lang='lat' dir='ltr'>Q.</span> <span class='ocrx_word' id='word_1_438' title='bbox 214 2845 248 2878; x_wconf 94' lang='lat' dir='ltr'>L.</span> <span class='ocrx_word' id='word_1_439' title='bbox 274 2846 312 2880; x_wconf 84' lang='lat' dir='ltr'>E.</span> <span class='ocrx_word' id='word_1_440' title='bbox 339 2847 374 2880; x_wconf 77' lang='lat' dir='ltr'>F.</span> <span class='ocrx_word' id='word_1_441' title='bbox 401 2848 432 2879; x_wconf 90' lang='lat' dir='ltr'>in</span> <span class='ocrx_word' id='word_1_442' title='bbox 460 2846 579 2890; x_wconf 86' lang='lat' dir='ltr'>quibus</span> <span class='ocrx_word' id='word_1_443' title='bbox 606 2846 712 2879; x_wconf 85' lang='lat' dir='ltr'>latere</span> <span class='ocrx_word' id='word_1_444' title='bbox 738 2847 891 2879; x_wconf 85' lang='lat' dir='ltr'>videtur:</span> <span class='ocrx_word' id='word_1_445' title='bbox 933 2846 1023 2878; x_wconf 83' lang='lat' dir='ltr'>locus</span> <span class='ocrx_word' id='word_1_446' title='bbox 1051 2845 1146 2878; x_wconf 81' lang='lat' dir='ltr'>datus</span> <span class='ocrx_word' id='word_1_447' title='bbox 1181 2846 1318 2879; x_wconf 86' lang='lat' dir='ltr'>decreto</span> <span class='ocrx_word' id='word_1_448' title='bbox 1346 2846 1586 2887; x_wconf 81' lang='lat' dir='ltr'>decurionum,</span> <span class='ocrx_word' id='word_1_449' title='bbox 1621 2845 1759 2880; x_wconf 84' lang='lat' dir='ltr'>Orellio.</span> 
     </span>
     <span class='ocr_line' id='line_1_47' title="bbox 153 2891 1754 2949; baseline 0.002 -25"><span class='ocrx_word' id='word_1_450' title='bbox 153 2908 194 2914; x_wconf 83' lang='lat'>—</span> <span class='ocrx_word' id='word_1_451' title='bbox 220 2893 258 2934; x_wconf 72' lang='lat'>7)</span> <span class='ocrx_word' id='word_1_452' title='bbox 283 2895 395 2926; x_wconf 89' lang='lat' dir='ltr'>seviro</span> <span class='ocrx_word' id='word_1_453' title='bbox 421 2893 589 2938; x_wconf 83' lang='lat' dir='ltr'>augustali</span> <span class='ocrx_word' id='word_1_454' title='bbox 615 2894 820 2926; x_wconf 82' lang='lat' dir='ltr'>ornamentis</span> <span class='ocrx_word' id='word_1_455' title='bbox 846 2891 1117 2925; x_wconf 86' lang='lat' dir='ltr'>decurionalibus</span> <span class='ocrx_word' id='word_1_456' title='bbox 1143 2892 1309 2926; x_wconf 89' lang='lat' dir='ltr'>honorato</span> <span class='ocrx_word' id='word_1_457' title='bbox 1337 2899 1369 2925; x_wconf 80' lang='lat' dir='ltr'>et</span> <span class='ocrx_word' id='word_1_458' title='bbox 1388 2893 1564 2949; x_wconf 85' lang='lat' dir='ltr'>Augustali</span> <span class='ocrx_word' id='word_1_459' title='bbox 1581 2895 1754 2939; x_wconf 84' lang='lat' dir='ltr'>municipii</span> 
     </span>
     <span class='ocr_line' id='line_1_48' title="bbox 152 2937 947 2984; baseline 0 -13"><span class='ocrx_word' id='word_1_460' title='bbox 152 2937 238 2972; x_wconf 78' lang='lat' dir='ltr'>Aelii</span> <span class='ocrx_word' id='word_1_461' title='bbox 263 2939 437 2973; x_wconf 80' lang='lat' dir='ltr'>Karuunti.</span> <span class='ocrx_word' id='word_1_462' title='bbox 467 2958 502 2963; x_wconf 86' lang='lat'>—</span> <span class='ocrx_word' id='word_1_463' title='bbox 532 2938 571 2982; x_wconf 84' lang='lat'>8)</span> <span class='ocrx_word' id='word_1_464' title='bbox 596 2939 780 2984; x_wconf 83' lang='lat' dir='ltr'>collegium</span> <span class='ocrx_word' id='word_1_465' title='bbox 807 2939 947 2973; x_wconf 76' lang='lat' dir='ltr'>fabrum.</span> 
     </span>
    </p>
   </div>
  </div>
 </body>
</html>
