1877 3313
212 183 298 225 394
663 178 768 214 Inscr.
792 180 963 224 profanae.
1013 179 1093 224 Cap.
1118 178 1159 214 11.
1210 179 1367 215 Tabulae.

212 289 319 330 ribus
351 290 389 327 et
420 298 526 340 pop,
558 298 674 339 quem
707 284 915 339 professus
948 290 1008 326 est
1037 285 1137 327 H-S.
1169 299 1295 338 X1111.,
1327 291 1366 327 et
1396 286 1503 328 fund.
1535 287 1811 333 Cornelianum

209 345 521 387 Colacterianum
574 344 857 386 Flacceliacum
911 357 998 385 cum
1040 344 1197 386 colonia
1249 345 1469 386 Munatiana
1508 345 1698 402 Artefigia
1737 362 1810 403 pro

207 410 320 459 parte
352 403 532 455 dimidia,
571 408 610 443 et
641 403 833 444 coloniam
866 403 1082 443 Vettiauam
1118 404 1392 445 Cornelianam
1424 416 1496 457 pro
1528 411 1643 458 parte
1674 413 1812 460 quarta

210 475 314 517 pago
354 475 385 502 s.
428 475 483 513 s.,
527 461 604 502 adi.
650 461 784 502 Coelio
828 462 934 502 Vero
976 465 1016 500 et
1059 462 1224 502 Catunio
1266 463 1412 516 Pupillo
1460 468 1499 503 et
1539 477 1654 517 pop.,
1695 478 1812 518 quem

207 521 414 576 professus
446 525 506 561 est
536 520 635 561 H-S.
673 531 883 570 XXVICCC„
929 532 965 559 n.
999 519 1095 560 Item
1126 520 1231 561 fund.
1265 520 1506 572 Aenianum,
1537 522 1810 574 Athenianum,

209 580 464 621 Caninianum
495 591 568 632 pro
600 584 698 632 part.
731 579 901 629 dimidia,
932 591 1037 631 pago
1061 591 1092 618 s.
1121 591 1167 629 s.,
1199 578 1277 619 adf.
1309 580 1438 621 Dellio
1469 580 1638 622 Proculo
1665 587 1706 622 et
1725 582 1812 624 Ae-

211 639 316 740 }›iutsls
344 636 442 700 Qu.
486 642 526 678 et
566 650 681 692 pop,
733 650 849 691 quem
891 636 1098 690 professus
1141 642 1203 679 est
1240 638 1360 682 H-S.
1403 638 1632 686 XCDXXXII.
1684 653 1722 682 n.
1773 642 1812 682 in

247 721 268 727 -
300 729 308 738 .
341 709 412 744 llll.

347 884 442 926 Item
475 885 671 940 Obligatio
703 885 953 939 praediorum
994 886 1092 927 facta
1124 898 1196 939 per
1228 884 1454 926 Cornelium
1488 884 1728 927 Gallicanum
1759 887 1810 927 ob

211 943 308 985 H-S.
341 956 484 995 Lxxn,
515 949 556 986 ut
575 957 626 985 ex
647 945 886 998 indulgentia
919 945 1053 997 optimi
1080 946 1316 998 maximique
1352 944 1544 998 Principis
1575 944 1667 998 Imp.
1700 945 1812 986 Caes.

211 1003 367 1044 Nervae
398 1004 554 1044 Traiani
584 1002 752 1058 Augusti
785 1003 1017 1053 Germanici,
1049 1004 1161 1056 pueri
1181 1003 1378 1056 puellaeq.
1400 1003 1582 1043 alimenta
1605 1004 1813 1057 accipiant,

211 1062 373 1114 legitimi
402 1062 447 1102 N.
480 1061 609 1111 XllX,
640 1063 678 1102 in
710 1061 890 1115 singulos
922 1061 1036 1103 H-S.
1070 1062 1166 1102 XVI.
1201 1074 1236 1101 n.
1269 1062 1381 1102 Fiunt
1411 1061 1531 1103 H-S.
1563 1060 1813 1115 J—HCCCCLVI„

210 1121 383 1173 legitima
413 1121 513 1162 H-S.
545 1120 624 1161 ΧΠ.
686 1121 744 1161 Fu
774 1133 922 1161 summa
955 1125 1120 1174 utraque
1152 1120 1268 1163 1-1-s.
1300 1120 1448 1173 sumn,
1489 1133 1589 1173 quae
1619 1119 1662 1160 fit
1692 1133 1814 1162 usura

218 1182 292 1233 {2}
330 1192 504 1220 summae
535 1192 567 1220 s.
601 1192 632 1220 s.

353 1237 392 1279 C.
418 1237 574 1278 Coelius
605 1238 735 1278 Verus
757 1237 963 1292 professus
986 1243 1046 1278 cst
1079 1237 1200 1278 saltus
1233 1237 1425 1291 Avcgam,
1459 1238 1657 1287 Veceium,
1677 1238 1814 1278 Debe-

213 1297 273 1337 los
305 1309 390 1337 eum
423 1296 591 1349 figlinis,
622 1297 741 1337 saltus
774 1296 929 1337 Velvias
961 1296 1278 1348 Leucomelium,
1320 1297 1386 1349 qui
1427 1301 1519 1337 sunt
1559 1297 1597 1336 in
1638 1296 1814 1337 Veleiate

213 1367 302 1408 pag.
336 1355 510 1396 Albense
541 1360 580 1395 et
611 1355 775 1407 Velleio,
807 1355 883 1395 ads.
906 1367 989 1407 rep.
1011 1355 1251 1396 Lucensium
1272 1360 1311 1395 ct
1331 1367 1415 1408 rep.
1449 1354 1682 1395 Veleiatium
1711 1355 1811 1397 H-S.

214 1414 284 1460 ff.
331 1415 522 1467 Accipere
554 1413 671 1454 debet
704 1413 801 1454 H—S.
832 1416 890 1459 jx,
938 1414 1032 1453 ltem
1066 1413 1165 1466 prof.
1199 1419 1259 1454 est
1290 1414 1398 1454 fund.
1431 1413 1701 1465 Valerianum,
1730 1414 1816 1455 Το-

214 1474 368 1524 vianas,
409 1472 697 1524 Adrusiaeum,
742 1472 982 1514 Lucilianum
1016 1485 1051 1525 p.
1084 1485 1120 1525 p.
1154 1472 1284 1512 dimid.
1324 1477 1363 1512 et
1394 1472 1554 1513 fundum
1584 1472 1813 1522 Noviacum,

213 1544 288 1585 pro
320 1544 354 1584 p.
386 1530 460 1582 llll,
493 1533 559 1584 qui
589 1536 681 1572 sunt
712 1532 748 1571 iu
780 1531 956 1572 Veleiate
988 1543 1077 1584 pag.
1111 1530 1298 1572 Statiello.
1323 1530 1398 1571 adi.
1422 1531 1550 1571 Annia
1571 1531 1710 1584 Verra,
1729 1543 1813 1585 rep.

214 1590 452 1630 Lucensium
485 1595 524 1630 et
555 1602 659 1643 pop.,
692 1589 792 1631 H-s.
825 1591 891 1634 ΓΞ
938 1589 1135 1641 Accipere
1169 1588 1288 1629 debet
1319 1588 1419 1630 H—S.
1452 1592 1506 1633 lv}

352 1649 393 1688 L.
427 1649 636 1690 Cornelius
667 1648 838 1688 Severus
870 1647 1078 1701 professus
1111 1652 1173 1687 cst
1204 1647 1343 1688 saltum
1376 1647 1622 1699 Blaesiolam,
1654 1648 1722 1703 qui
1754 1653 1816 1690 est

214 1706 252 1747 in
283 1706 527 1748 Libarucnse
559 1712 598 1747 et
630 1706 806 1747 Veleiate
836 1707 950 1759 pagis
990 1706 1192 1758 Bagienno
1236 1710 1275 1746 et
1314 1706 1538 1758 ilioninate,
1581 1705 1660 1747 adf.
1702 1707 1815 1748 Vibio

211 1766 359 1807 Severo
391 1771 429 1806 et
461 1778 564 1819 pop,
597 1765 697 1807 H-s.
731 1777 846 1810 cem„
892 1765 1088 1816 Accipere
1120 1763 1237 1804 dehet
1270 1765 1365 1805 tri-S.
1399 1765 1530 1809 :Ei-ff.

354 1835 393 1876 C.
426 1835 515 1876 Vibl
546 1835 709 1887 Severi,
750 1835 958 1888 profitente
1000 1835 1110 1887 ipso,
1154 1834 1262 1875 fundi
1294 1834 1551 1887 Aurelianus,
1593 1834 1816 1886 Coelianus,

215 1894 280 1947 qui
313 1906 343 1934 s,
376 1895 415 1935 in
447 1894 624 1935 Veleiate
664 1907 751 1947 pag.
796 1893 1062 1941 Ambitrebio,
1104 1891 1183 1932 ads.
1226 1894 1265 1932 C.
1308 1893 1515 1935 Volumnio
1557 1894 1735 1935 Memore
1776 1900 1816 1935 et

214 1965 320 2006 pop,
351 1953 450 1995 H-S.
483 1951 592 1998 ,ix—s,
640 1952 835 2006 Accipere
868 1951 986 1992 debet
1017 1950 1114 1992 H—S.
1148 1952 1207 1995 ᾑῖ
1253 1951 1347 1992 item
1379 1953 1498 1993 sallus
1520 1952 1702 1993 Attinava
1726 1965 1814 1994 cum

213 2012 334 2052 fundo
366 2012 564 2062 Flaviano,
596 2012 819 2062 messiano,
854 2010 1086 2063 Vipouiauo,
1119 2010 1183 2061 qui
1216 2015 1275 2050 est
1307 2011 1344 2050 in
1378 2011 1555 2051 Veleiate
1591 2023 1680 2066 pag.
1712 2013 1814 2052 Am-

214 2071 393 2119 bitrebio,
426 2070 501 2112 adf.
535 2070 576 2110 L.
610 2070 791 2110 Cornelio
823 2068 974 2110 Severo
1007 2073 1046 2108 ct
1078 2080 1166 2121 pop.
1195 2068 1293 2109 ll-S.
1326 2081 1428 2114 xxx.
1475 2070 1672 2122 Accipere
1697 2068 1815 2110 debet

214 2128 311 2171 H-S.
343 2129 408 2174 Ϊῖ

353 2189 403 2229 Μ.
436 2187 620 2229 Mommei
652 2187 812 2238 Persici,
844 2185 1052 2239 profitente
1083 2185 1181 2237 ipso,
1214 2185 1338 2226 saltus
1357 2186 1590 2228 Nevidunus
1620 2186 1658 2227 in
1691 2186 1814 2232 Vele-

216 2245 293 2285 iate
325 2259 412 2301 pag.
446 2247 584 2297 Sulco,
616 2245 691 2286 ads.
724 2246 873 2286 Licinio
907 2244 1069 2295 Catone,
1103 2242 1228 2284 veuls
1261 2244 1449 2286 fratribus
1481 2250 1520 2286 et
1550 2258 1662 2300 pop.,
1693 2245 1811 2288 H-S.

213 2304 282 2351 ῖῖἷ,
326 2306 518 2358 Accipere
550 2305 668 2345 (lebet
699 2304 799 2345 H-S.
830 2302 886 2349 Π,

354 2376 488 2416 Vibiae
519 2374 700 2426 Sabinae,
731 2375 939 2427 profitente
971 2374 1083 2414 vibio
1108 2372 1239 2423 Idaeo,
1270 2374 1390 2415 saltus
1415 2375 1579 2415 Carucia
1605 2379 1644 2416 et
1663 2373 1813 2426 Velius,

216 2440 256 2476 ct
288 2434 395 2476 fund.
427 2434 636 2484 Naevian„
669 2446 704 2486 p.
737 2447 774 2486 p.
808 2433 963 2483 dimid,
995 2433 1105 2487 pagis
1137 2431 1266 2473 Salvio
1299 2437 1336 2472 et
1368 2433 1548 2484 Valerio,
1579 2434 1682 2474 inter
1712 2433 1814 2474 adfi-

217 2506 288 2534 nes
320 2506 413 2533 rem.
447 2492 683 2533 Lucensium
718 2497 757 2532 ct
788 2492 827 2532 Ρ.
849 2492 1038 2532 Naevium
1070 2490 1238 2532 Probum
1270 2495 1309 2531 et
1341 2491 1379 2531 C.
1404 2492 1546 2532 Titium
1581 2491 1814 2545 Graphicum

218 2557 257 2593 et
289 2552 333 2600 Q.
369 2551 545 2592 Cassium
578 2551 764 2591 Faustum
798 2555 836 2591 et
866 2563 971 2604 pop,
1003 2549 1100 2592 H—S.
1135 2547 1179 2594 'CT
1204 2549 1399 2602 Accipere
1431 2549 1549 2591 debet
1581 2550 1679 2593 H-S.
1711 2550 1758 2595 K

481 2691 647 2725 Tabula
671 2692 958 2726 alimentaria
985 2691 1186 2735 Ligurum
1212 2689 1556 2725 Baebianorum.

362 2800 482 2837 1778.
530 2801 658 2838 Tabula
681 2812 799 2847 aerea,
832 2800 1079 2849 Campolatari,
1101 2811 1190 2847 quae
1213 2803 1268 2836 est
1297 2799 1442 2847 parvula
1462 2798 1565 2847 regni
1590 2799 1810 2848 Neapolitani
1876 2827 1877 2835 ,

221 2870 334 2907 prope
362 2859 600 2896 Beneventum
633 2859 770 2905 civitas,
798 2870 890 2896 anno
927 2859 1035 2895 1838
1068 2859 1198 2895 effossa
1220 2858 1348 2895 ibidem
1375 2862 1578 2894 asservatur
1603 2858 1636 2895 in
1660 2869 1810 2907 posses-
1875 2876 1877 2885 ‹

220 2917 319 2953 sione
342 2918 466 2966 equitis
499 2918 544 2954 de
566 2917 759 2965 Agostino.
790 2918 840 2954 Ita
861 2921 935 2954 erat
957 2917 1120 2964 rubigine
1141 2917 1275 2963 induta,
1307 2921 1344 2952 ut
1367 2927 1436 2953 non
1459 2916 1533 2953 sine
1557 2917 1665 2955 multo
1683 2917 1810 2954 labore
1862 2900 1877 2954 Εε

219 2981 435 3024 perpurgata
467 2981 501 3013 et
532 2976 644 3025 polita
674 2976 745 3024 legi
775 2980 908 3025 posset.
968 2976 1150 3024 Scriptura
1182 2980 1253 3014 tres
1284 2975 1464 3013 columnas
1497 2975 1627 3023 babet,
1665 2986 1811 3023 quarum
1860 2967 1877 2995 A
