1877 3313
188 191 271 234 396
635 187 739 224 Inscr.
764 189 939 234 profanae.
988 188 1070 234 Cap.
1095 188 1136 224 11.
1185 188 1345 223 Tabulae.

190 301 340 338 debetur
369 297 524 336 Henrico
564 297 743 345 Brunnio,
784 299 843 346 qui
886 299 1015 346 primus
1058 299 1150 335 bunc
1180 299 1339 335 laborem
1370 298 1522 347 perfecit
1555 298 1675 337 1844.
1707 301 1791 337 Post

197 370 275 395 eum
308 357 500 394 Garuccius
531 368 604 394 soc.
635 357 702 393 les.
735 357 923 406 descripsit
955 362 991 392 et
1022 357 1152 405 primus
1184 358 1360 403 integram
1391 358 1546 394 tabulam
1577 369 1656 394 cum
1686 370 1790 396 eom-

189 417 363 454 mentario
396 416 509 452 edidit
538 416 686 464 Neapoli
723 414 842 453 1845.
901 416 1055 452 Eandem
1087 416 1306 463 provinciam
1340 416 1597 453 administravit
1622 416 1660 453 G.
1689 417 1790 454 Hen-

190 487 269 522 zeu,
302 475 360 523 qui
393 486 520 521 magna
554 486 631 510 cum
664 485 748 510 cura
780 480 815 511 et
848 475 1003 520 eleganti
1036 475 1198 511 doctrina
1230 474 1382 511 tabulam
1416 475 1525 511 edidit
1555 479 1591 511 et
1621 475 1793 523 explicuit

186 534 221 571 in
254 534 414 571 Annalib.
447 533 557 569 Instit.
597 533 777 570 archaeol.
825 533 930 569 1845
976 527 1153 584 (Volume
1185 533 1210 569 Ι.
1244 534 1333 569 della
1365 533 1457 570 serie
1489 544 1605 570 nuova
1637 546 1673 581 p.
1707 534 1789 569 5-

191 588 312 644 112),
344 603 448 640 quem
480 592 605 628 ducem
636 592 745 628 secuti
776 604 892 628 sumus
936 591 1097 628 adhibitis
1130 591 1348 628 Mommsenii
1381 591 1701 637 emendationibus,
1733 592 1792 639 qui

189 652 306 688 denuo
339 652 493 687 tabulam
525 650 690 687 excussit.
750 651 921 687 Secundis
964 650 1056 686 curis
1098 650 1131 686 in
1176 651 1308 687 eodem
1350 655 1562 697 argumento
1605 650 1793 686 desudavit

188 715 224 746 et
255 710 504 758 antigrapbum
536 709 678 745 tabulae
721 710 796 746 sive
840 710 895 745 fac
926 709 1038 745 simile
1071 709 1167 756 quod
1199 708 1328 745 dicitur
1360 709 1620 746 accuratissime
1660 709 1792 746 tactum

189 769 286 805 dedit
317 768 488 813 Garucci,
521 768 555 804 111
587 779 698 816 opere
731 780 794 804 suo
827 767 922 815 quod
955 767 1178 804 inscribitur:
1229 768 1454 804 Monumenta
1487 767 1673 804 Baebiana.
1714 768 1792 804 Ro-

189 839 266 863 mae
301 826 422 864 1846.
464 827 527 864 fol.
569 837 718 874 quocum
761 826 1031 863 observationes
1075 826 1292 863 conferenda
1325 831 1405 863 sunt
1435 827 1472 863 T.
1504 825 1722 863 Mommseuii
1755 829 1792 862 et

189 886 360 922 Henzenii
391 885 424 922 in
457 885 616 922 Bulletin.
649 885 860 931 arclieolog.
897 885 1017 921 1847.
1049 897 1084 933 p.
1118 884 1269 920 3—16.
1331 886 1401 922 Nos
1438 885 1494 921 hic
1535 889 1674 921 sextam
1715 885 1792 921 fere

185 945 326 981 tabulae
357 948 494 992 partem
527 944 661 980 damus.
721 944 859 980 Literae
891 943 1080 980 inclinatae
1112 944 1359 992 supplementa
1393 944 1559 981 indicant.

326 1035 418 1088 lurp.
453 1035 567 1076 Caes.
599 1035 729 1076 Nerva
761 1036 928 1077 Traiano
971 1035 1073 1087 Aug.
1109 1035 1343 1076 Germanico
1385 1033 1460 1075 llll.
1494 1035 1539 1082 Q.
1570 1032 1791 1075 Articuleio

186 1094 306 1135 Paeto
339 1093 381 1135 ll.
415 1093 505 1136 Cos.
538 1093 589 1134 ob
622 1093 903 1134 liberalitatem
943 1095 1080 1146 optimi
1111 1094 1307 1145 maxiiniq.
1348 1092 1538 1146 Principis
1570 1092 1794 1146 obligarunt

187 1152 323 1206 praed.
357 1166 410 1193 εει·
435 1153 649 1205 proposito
681 1153 850 1205 Ligures
881 1153 1067 1193 Baebiani
1098 1152 1203 1193 unde
1235 1165 1286 1192 ex
1307 1151 1550 1205 indulgentia
1573 1151 1660 1192 eius
1681 1151 1792 1205 pueri

186 1212 443 1266 puaellaeque
475 1209 657 1251 alimenta
688 1212 890 1265 accipiant.
910 1209 946 1266 ¹)

325 1279 510 1336 (column.
542 1286 586 1321 11.
618 1297 711 1321 vers.
745 1286 779 1321 5.
797 1281 922 1336 seqq.)
975 1283 1112 1335 Crispa
1154 1282 1360 1323 Restituta.
1404 1280 1514 1322 fund.
1554 1281 1793 1333 Pompeiani,

187 1342 338 1394 pertica
370 1341 583 1382 Benevent.
616 1354 721 1394 pago
754 1342 946 1393 Aequano
978 1342 1015 1381 in
1047 1342 1273 1392 Ligustino,
1315 1339 1430 1381 adsm.
1462 1338 1623 1380 Nasidio
1655 1338 1793 1391 Vitale‚

186 1404 284 1441 aest.
317 1399 378 1442 HS
409 1400 438 1444 ῖ
453 1432 463 1451 ,
492 1400 530 1440 in
561 1399 622 1441 HS
655 1400 794 1444 ffinxx
824 1429 842 1435 -
872 1400 931 1441 HS
963 1397 1248 1454 LXXXIIX.²)

324 1469 367 1509 L.
401 1469 586 1511 Nacratio
628 1469 872 1510 Diadumeno
914 1470 1021 1510 fund.
1063 1470 1250 1509 Rubriani
1292 1470 1328 1509 in
1367 1469 1650 1510 Beneventano
1688 1480 1791 1523 pago

185 1527 416 1582 Ligustino,
448 1534 546 1569 aest.
578 1528 638 1569 HS
671 1529 832 1572 XXXH'II'
859 1529 898 1568 in
930 1528 989 1568 HS
1021 1528 1193 1569 M.-llS.
1228 1528 1347 1568 XXV.

328 1599 518 1639 Tamunio
550 1598 706 1638 Silvano
740 1597 845 1637 fund.
866 1595 1117 1638 >Trebelliani
1140 1603 1179 1638 et
1201 1596 1367 1652 Appiani
1389 1610 1474 1639 cum
1502 1598 1656 1651 circeis,
1688 1609 1792 1652 pago

184 1656 373 1707 Romano,
406 1662 505 1698 aest.
538 1657 598 1698 HS
631 1669 799 1701 xxxxx'i
832 1657 869 1696 in
901 1657 961 1698 HS
994 1657 1186 1702 ffir-HS
1221 1657 1262 1697 C-

327 1727 490 1768 Neratio
522 1725 717 1778 Corellio,
759 1725 866 1767 fund.
899 1727 1077 1767 Pacciani
1110 1732 1147 1766 ct
1180 1739 1295 1768 casae
1327 1726 1553 1779 Aureliani,
1584 1725 1662 1768 adt.
1695 1727 1791 1768 lulio

186 1783 464 1886 ῗΙεξυὶῑῐῐιοὋ,
505 1790 601 1826 aest.
642 1786 701 1826 HS
734 1784 824 1831 ΧῨΧΤΙ
866 1786 903 1825 in
946 1786 1005 1827 HS
1049 1786 1088 1830 1‘1.
1126 1785 1170 1826 N.
1187 1784 1227 1840 ⁴)
1260 1786 1440 1827 Neratius
1482 1785 1704 1827 Marcellus.
1736 1807 1792 1816 -

325 1914 393 1954 Cn.
426 1914 566 1955 Martio
596 1915 762 1965 Rufino.
795 1913 902 1955 fund.
934 1914 1121 1955 Marciani
1152 1920 1191 1955 ct
1223 1915 1410 1966 Satriani,
1449 1920 1545 1956 aest.
1578 1914 1638 1956 HS
1670 1915 1798 1962 (Ξῖᾱῐ

186 1974 278 2014 item
296 1971 404 2013 fund.
428 1973 575 2023 Iuliani,
597 1979 694 2015 aest.
718 1974 778 2015 HS
801 1972 911 2014 Xllll.
936 1975 1027 2013 item
1050 1972 1156 2014 suntl.
1180 1973 1374 2024 Avilliani,
1397 1979 1493 2015 aest.
1516 1974 1577 2015 HS
1597 1974 1791 2016 XXXXII.

186 2033 278 2072 item
312 2031 416 2072 fund.
453 2032 643 2072 Vitelliani
675 2038 713 2072 et
743 2032 953 2072 Xaseniani
987 2038 1025 2073 et
1056 2032 1318 2082 Marcelliani,
1351 2032 1427 2073 adf.
1459 2033 1606 2075 Suellio
1637 2033 1793 2085 Flacco,

188 2095 284 2131 aest.
317 2090 376 2130 HS
408 2088 495 2136 (Ἦ
528 2091 564 2130 1η
597 2091 657 2131 HS
690 2102 731 2134 x.
766 2092 858 2131 item
891 2090 996 2131 fund.
1031 2090 1185 2130 Cui-iani
1219 2096 1257 2131 ct
1287 2091 1464 2141 San-iani,
1499 2104 1602 2146 pago
1634 2091 1793 2133 Hercu-

187 2149 316 2200 laneo,
348 2148 423 2189 adf.
458 2149 586 2189 Tettio
618 2149 785 2190 Etrusco
819 2153 915 2189 aest.
947 2149 1008 2189 HS
1040 2149 1184 2189 XXXV
1218 2151 1256 2190 in
1289 2150 1347 2190 HS
1378 2151 1425 2195 ᾖ
1455 2151 1547 2190 item
1578 2149 1687 2191 fund.
1719 2149 1793 2191 Al-

188 2207 293 2247 biani
324 2220 413 2248 cum
446 2208 559 2257 casis,
592 2220 695 2260 pago
726 2208 908 2255 messano,
940 2207 1015 2248 ads.
1048 2207 1175 2249 Nonio
1208 2208 1418 2260 Restituto,
1451 2214 1546 2250 aest.
1579 2209 1639 2250 HS
1665 2208 1724 2255 (ῖς
1753 2209 1793 2250 in

189 2266 249 2307 HS
282 2265 317 2305 X
348 2266 438 2306 item
473 2266 601 2319 obleg.
626 2263 774 2315 V11115]
808 2265 914 2306 fund.
949 2266 1126 2306 Caesiani
1157 2268 1194 2306 in
1225 2267 1443 2307 Benevent.
1477 2280 1580 2322 pago
1605 2267 1793 2318 Tuciano,

191 2323 269 2366 adf.
302 2324 450 2366 Messio
483 2324 607 2378 Apro,
640 2329 737 2365 aest.
772 2325 830 2366 HS
863 2325 885 2369 Ῑ,
916 2325 952 2364 111
985 2325 1044 2366 HS
1075 2325 1124 2366 M.
1157 2324 1207 2366 M.
1239 2322 1468 2379 M.⁰)-HS
1499 2326 1549 2367 M.
1583 2325 1678 2368 [Χῖ.

329 2512 365 2557 1)
392 2514 531 2548 Praeter
556 2514 670 2548 literas
697 2514 727 2547 in
754 2519 844 2547 textu
873 2515 1044 2558 insignitas
1071 2515 1199 2559 aliquot
1231 2514 1316 2547 aliae
1343 2516 1372 2547 in
1400 2514 1514 2548 tabula
1541 2514 1682 2548 detritae
1708 2523 1793 2547 eva-

189 2568 353 2602 nuerunt,
378 2562 438 2595 sed
465 2567 555 2595 certa
582 2563 712 2594 ratione
736 2562 955 2605 supplendae.
990 2561 1130 2595 Maxime
1162 2561 1316 2594 notabilis
1351 2561 1504 2595 lectionis
1530 2561 1718 2594 differentia
1743 2566 1794 2594 est

189 2611 221 2642 iu
249 2609 379 2642 verbis:
402 2609 543 2652 praedia
569 2620 609 2641 m·
632 2610 816 2652 proposito,
850 2608 891 2641 ab
918 2609 1091 2641 Henzenio
1117 2610 1297 2648 restitutis,
1332 2618 1397 2653 quo
1433 2608 1550 2653 quibus
1587 2607 1793 2649 Burghesius

188 2657 350 2689 restituit:
374 2655 514 2699 praedict
539 2655 576 2687 dc
600 2656 744 2699 proprio.
780 2673 824 2678 —-
858 2654 895 2695 2)
922 2655 993 2688 Hoc
1027 2662 1126 2699 caput
1161 2661 1194 2688 ct
1219 2655 1344 2698 reliqna
1381 2655 1543 2698 deinceps
1569 2656 1680 2698 capita
1706 2653 1794 2687 hunc

191 2705 223 2736 in
252 2702 407 2741 moduni,
434 2701 578 2734 formula
603 2711 644 2735 ex
669 2701 947 2734 antecedentibus
972 2703 1145 2745 suppleta,
1175 2701 1319 2744 legenda
1345 2708 1421 2734 sunt
1445 2702 1631 2735 secundum
1657 2700 1793 2734 llenze-

190 2751 299 2782 nium:
333 2749 361 2782 A
397 2746 514 2792 Crispa
549 2748 712 2781 Restituta
739 2748 947 2790 obligatione
984 2749 1074 2781 fundi
1109 2749 1347 2792 Pomponiani,
1381 2750 1506 2792 pertica
1543 2748 1793 2789 Beneventaua,

190 2806 279 2839 pago
306 2795 469 2839 Acquano
495 2796 528 2828 in
554 2794 740 2838 Ligustino,
766 2795 873 2828 adfine
900 2795 1036 2828 Nasidio
1063 2795 1188 2837 Ystale,
1216 2796 1379 2828 aestimati
1406 2796 1594 2828 sestertium
1621 2796 1793 2839 quinqua-

193 2844 284 2884 ginta
313 2842 469 2881 millibus,
496 2843 528 2874 in
553 2844 727 2875 sestertios
754 2848 804 2874 ter
829 2841 918 2874 mille
955 2845 1158 2887 quingentos
1184 2843 1301 2885 viginti
1335 2841 1499 2874 debentur
1524 2843 1667 2875 sestertii
1691 2847 1793 2874 octo-

193 2890 285 2928 ginta
312 2895 400 2923 octo.
450 2888 631 2921 Numerum
659 2888 838 2921 Lxxxnx
864 2888 955 2921 dedit
983 2889 1162 2929 Gari-uem
1197 2888 1354 2922 LXXXII.
1389 2888 1536 2921 llenzen.
1564 2906 1605 2911 —
1632 2885 1670 2929 3)
1696 2886 1793 2920 Men·-

192 2936 273 2966 ‹lose
299 2946 379 2978 pro:
405 2935 596 2968 Saturnino.
623 2952 667 2956 ——
692 2934 730 2977 4)
756 2935 926 2969 Nuinerat.
954 2952 994 2957 -—-
1023 2933 1061 2977 5)
1087 2935 1302 2977 oblegatione
1329 2933 1423 2979 (pi-o:
1458 2932 1668 2978 obliyaeionc)
1695 2943 1793 2968 nona.

193 2997 236 3003 --
262 2981 300 3023 6)
326 2982 389 3015 Pro
417 2982 455 3015 M.
481 2982 544 3016 alia
571 2983 601 3016 in
627 2982 739 3016 tabula
766 2988 816 3016 cst
841 2987 933 3023 nota,
961 2992 1025 3026 qua
1051 2992 1214 3016 caremus.
