1877 3313
590 169 621 210 §.
648 168 680 204 3.
727 168 873 204 Tabulae
898 169 1063 204 missionis
1087 168 1259 205 honestae.
1634 171 1719 214 421

263 275 314 318 M.
345 273 464 318 Iulius
495 274 715 330 CtesippUS.
762 275 802 318 C.
844 275 964 318 Iulius
996 275 1147 318 Clarus.
1191 274 1338 332 [cetera
1370 279 1550 318 centuriae
1581 280 1722 320 nomina

122 336 158 375 in
191 340 305 375 totum
342 333 464 390 165).

267 396 390 434 1839.
449 394 614 435 Nomina
645 394 725 448 leg.

262 451 305 492 11.
337 452 444 506 Aug.
486 453 529 493 II.
560 452 692 493 Adiut.
734 451 794 493 Illl
823 451 956 506 Scyth.
988 452 1048 492 VI.
1090 452 1186 493 vict.
1228 452 1290 494 ΙΙΙΙ
1330 453 1435 494 Flav.
1477 454 1575 495 XVI.
1617 453 1721 496 Flav.

121 511 209 552 XX.
241 511 359 552 Victr.
394 510 469 551 ΥΙΙ.
503 511 633 553 Claud.
667 509 727 551 VI.
755 511 889 551 Ferra.
922 509 1014 551 VIII.
1037 510 1139 564 Aug.
1168 511 1192 552 I.
1221 511 1337 553 Italic.
1364 512 1414 552 X.
1443 513 1573 554 Frete.
1602 513 1722 554 XXII.

122 570 234 610 Prim.
265 570 298 610 V
328 569 479 610 Maced.
511 569 570 610 III.
603 569 747 623 Cyren.
780 570 807 610 I.
839 569 980 610 Miner.
1014 568 1078 609 XI.
1112 569 1245 610 Claud.
1278 570 1319 610 ΙΙ.
1352 570 1453 611 Trai.
1484 571 1609 612 XXX.
1638 572 1721 624 Ulp.

121 627 233 669 XIIII.
269 626 376 668 Geni.
409 627 466 668 Ill.
499 627 602 682 Aug.
634 627 660 668 l.
692 627 822 669 Adiut.
856 627 936 668 XII.
970 627 1090 668 Fulm.
1138 629 1216 669 ΥΙΙ.
1250 628 1356 670 Gem.
1403 629 1451 670 X.
1485 630 1592 671 Gem.
1639 630 1722 670 XV.

34 724 37 727 .
120 686 236 739 Apol.
281 685 324 727 II.
357 686 437 727 Ital.
484 686 580 727 XIII.
615 686 724 727 Gem.
771 685 829 727 III.
863 686 998 727 Gallie.
1041 687 1098 727 ΙΙΙ.
1129 687 1247 727 Italic.
1291 686 1316 727 Ι.
1350 688 1478 728 Parth.
1519 687 1561 728 ΙΙ.
1593 688 1721 729 Parth.

120 744 178 785 III.
210 745 339 785 Parth.
375 769 424 774 -—
466 748 596 784 Somae
639 748 671 784 in
715 748 877 784 columna
909 759 1074 784 marmor.
1115 748 1212 784 Grut.
1254 760 1288 796 p.
1333 748 1425 786 513.
1469 749 1564 786 Orel.
1597 748 1720 786 3368.

120 805 296 853 Borghes.
327 806 362 842 in
394 807 520 843 Annal.
553 806 636 842 dell⁷
668 806 747 843 inst.
781 807 876 843 arch.
912 806 1031 844 1839.
1065 819 1099 855 p.
1135 807 1227 844 176.

263 864 384 902 1840.
445 862 612 903 Nomina
643 861 721 916 leg.

257 919 288 960 II
320 920 424 974 Aug.
469 920 655 961 IIAdiut.
702 921 763 961 IIII
804 920 937 975 Scyth.
995 920 1057 961 ΥΙ.
1092 921 1190 962 Vict.
1245 920 1307 962 IIII
1339 921 1442 962 Flav.
1485 921 1584 963 XVI.
1616 922 1721 963 Flav.

119 979 193 1020 XX
223 979 344 1020 Victr.
393 978 458 1020 VII
490 979 624 1021 Claud.
673 979 731 1019 ΥΙ.
766 979 898 1019 Ferra.
945 979 1025 1019 VIII
1056 978 1158 1033 Aug.
1192 980 1217 1020 I.
1240 981 1355 1021 Italic.
1389 981 1425 1021 X
1446 981 1575 1021 Frete.
1607 981 1721 1021 XXII.

118 1039 234 1078 Prim.
281 1039 314 1079 V
344 1038 517 1079 Marced.
575 1037 620 1078 III
652 1038 798 1091 Cyren.
858 1038 1040 1078 IIlIiner.
1087 1039 1138 1079 XI
1172 1038 1303 1079 Claud.
1350 1040 1381 1080 II
1411 1040 1563 1080 Traian.
1611 1040 1723 1080 XXX

117 1097 204 1149 Ulp.
250 1096 352 1138 XIIII
383 1097 492 1137 Gem.
545 1097 593 1137 III
624 1097 728 1149 Aug.
785 1097 799 1137 Ι
830 1095 961 1137 Adiut.
993 1096 1061 1137 XII
1091 1097 1214 1137 Fulm.
1270 1096 1347 1138 VII.
1380 1097 1488 1138 Gem.
1543 1098 1580 1138 X
1613 1098 1722 1138 Gem.

117 1155 189 1196 XV
219 1155 333 1209 Apol.
378 1156 410 1196 II
439 1155 517 1196 Ital.
565 1154 649 1195 XIII
681 1155 789 1195 Geni.
837 1154 882 1195 ΙΙΙ
916 1155 1050 1195 Gallie.
1096 1156 1143 1196 III
1172 1155 1292 1196 Italic.
1338 1156 1353 1196 Ι
1383 1156 1511 1196 Parth.
1544 1156 1574 1198 II
1594 1157 1721 1198 Parth.

116 1214 164 1256 III
194 1215 322 1256 Parth.
359 1236 409 1242 ⁷--—
442 1217 574 1254 Romae
606 1217 699 1265 apud
733 1216 912 1253 Matraeos.
945 1217 1041 1253 Grut.
1075 1216 1171 1262 513,
1205 1217 1241 1254 3.
1273 1217 1369 1254 Orel.
1401 1217 1525 1254 3369.

541 1350 577 1387 δῖ’,
610 1344 645 1381 3.
711 1344 874 1381 Tabulae
904 1345 1094 1380 missionis
1126 1345 1315 1381 honestae.

261 1451 382 1489 1841.
443 1446 506 1504 [In
537 1452 735 1488 tabularum
766 1450 907 1499 paginis
940 1444 1233 1502 exterioribus):

255 1507 362 1549 Nero
395 1506 577 1548 Claudius
610 1507 688 1548 divi
720 1506 855 1547 Claudi
885 1507 927 1547 F.
961 1506 1183 1547 Germanici
1208 1506 1369 1547 Caesar.
1401 1506 1446 1547 N.
1479 1506 1537 1548 Ti.
1571 1506 1725 1550 Caesa-

116 1566 171 1608 ris
201 1565 306 1620 Aug.
339 1579 452 1620 pron.
484 1566 563 1606 divi
593 1565 694 1619 Aug.
727 1566 815 1606 ahu.
849 1565 961 1607 Caes.
994 1564 1097 1619 Aug.
1128 1566 1240 1607 Pont.
1272 1578 1374 1606 maX.
1404 1566 1510 1607 Trib.
1540 1571 1619 1619 pot.
1649 1567 1724 1608 VII.

115 1626 207 1679 Imp.
238 1624 316 1666 VII.
365 1625 455 1666 Cos.
486 1625 561 1665 IIII.
595 1625 756 1678 peditih.
800 1628 838 1665 et
880 1625 1039 1677 equitib.
1083 1625 1148 1677 qui
1189 1625 1294 1665 milit.
1334 1625 1373 1665 in
1406 1624 1492 1666 coh.
1526 1625 1592 1666 VII
1622 1638 1725 1679 quae

116 1683 363 1738 appellantur
386 1684 411 1724 I.
444 1685 580 1725 Astur.
615 1689 654 1724 ct
695 1683 913 1724 Gallaecor.
957 1688 996 1723 et
1037 1682 1051 1722 l
1082 1683 1243 1736 Hispan.
1287 1687 1325 1723 et
1356 1682 1384 1724 I.
1415 1683 1593 1736 Alpinor.
1625 1691 1666 1725 et
1695 1685 1723 1726 l.

115 1743 338 1784 Lusitanor.
381 1748 421 1783 et
452 1742 482 1783 Il
511 1742 689 1796 Alpinor.
722 1748 762 1782 et.
802 1741 830 1780 Il
863 1742 968 1795 illsp.
1002 1746 1041 1782 et
1073 1742 1105 1781 Υ
1134 1742 1320 1782 Luciens.
1359 1747 1399 1782 et
1431 1742 1651 1784 Gallaecor.
1685 1748 1725 1783 et

115 1807 207 1843 sunt
236 1803 275 1841 in
307 1802 460 1854 illyrico
492 1802 565 1843 sub
596 1802 638 1841 L.
673 1801 896 1843 Salvidieno
929 1800 1113 1842 Salviano
1144 1800 1248 1841 Rufo
1275 1801 1342 1853 qui
1370 1802 1487 1852 quina
1514 1807 1552 1842 et
1583 1802 1724 1843 vicena

116 1859 285 1914 stipend.
317 1864 383 1901 aut
413 1860 526 1913 plura
558 1872 728 1901 merner.
761 1872 874 1912 quor.
907 1861 1054 1899 nomin.
1095 1859 1306 1912 subscript.
1339 1865 1430 1900 sunt
1460 1860 1557 1912 ipsis
1588 1859 1722 1901 liberis

115 1919 328 1973 posterisq.
360 1931 497 1959 corun»
530 1920 726 1960 civitatem
757 1917 864 1958 dedit
895 1923 933 1958 et
965 1918 1172 1958 conubium
1202 1930 1292 1958 cum
1321 1918 1476 1958 uxorib.
1505 1930 1604 1971 quas
1631 1923 1723 1959 tunc

115 1978 346 2019 habuissent
376 1990 466 2018 cum
497 1983 560 2019 est
590 1978 727 2018 civitas
758 1977 803 2017 iis
835 1976 922 2017 data
955 1982 1019 2017 aut
1050 1977 1083 2016 si
1116 1977 1182 2028 qui
1214 1976 1352 2017 caelib.
1385 1982 1521 2016 essent
1555 1989 1642 2017 cum
1675 1977 1722 2017 iis

117 2049 214 2089 quas
246 2040 385 2089 postca
416 2035 623 2077 duxissent
655 2037 826 2077 dumtax.
859 2035 1002 2087 singuli
1033 2035 1219 2088 singulas.
1281 2034 1328 2074 A.
1361 2034 1406 2074 D.
1434 2034 1493 2074 ΥΙ.
1521 2034 1622 2075 Νοη.
1651 2034 1721 2076 Iul.

117 2096 186 2136 Cn.
227 2094 400 2136 Pedanio
441 2094 681 2146 Salinatore,
722 2095 764 2135 L.
812 2094 961 2133 Velleio
994 2093 1198 2133 Paterculo
1235 2093 1325 2133 Cos.
1359 2093 1445 2133 coh.
1479 2092 1522 2133 ΙΙ.
1555 2093 1721 2146 Hispan.

116 2154 179 2194 cui
209 2159 368 2207 praeest
399 2153 441 2193 C.
480 2153 640 2195 Caesius
673 2153 782 2206 Aper
805 2153 923 2204 equiti
945 2151 1164 2192 Iantumaro
1185 2150 1421 2192 Andedunis
1444 2151 1485 2191 F.
1511 2151 1721 2192 Varciano.

115 2212 255 2253 Descr.
289 2217 328 2252 et
358 2225 520 2266 recogn.
562 2224 614 2252 ex
654 2213 780 2252 tabula
814 2223 938 2251 aenea
970 2223 1073 2263 quae
1105 2209 1181 2250 fixa
1215 2214 1276 2250 est
1306 2210 1344 2249 in
1378 2209 1542 2263 Capitol.
1576 2209 1624 2251 ad
1659 2209 1722 2251 la-

116 2276 180 2312 tus
211 2271 357 2313 sInistr.
390 2271 498 2312 aediS
530 2271 703 2312 thensur.
736 2271 1005 2310 extrinsecus.

256 2326 321 2383 (Iu
350 2333 489 2381 paginis
521 2327 786 2383 interioribus.)

254 2388 360 2429 Nero
393 2388 574 2430 Claudius
607 2388 686 2429 divi
717 2386 864 2428 Claudii
905 2386 945 2426 F.
981 2384 1202 2426 Germanici
1234 2385 1414 2426 Caesaris
1445 2385 1493 2425 N.
1526 2385 1582 2426 Ti.
1616 2384 1721 2427 Cae-

116 2459 181 2488 sar
211 2447 318 2501 Aug.
350 2459 463 2500 pron.
496 2447 573 2487 divi
604 2447 707 2500 Aug.
732 2447 821 2487 abn.
845 2445 991 2485 Caesar
1013 2443 1113 2497 Aug.
1141 2444 1323 2485 German.
1346 2444 1457 2485 Pont.
1479 2456 1580 2485 max.
1614 2445 1720 2485 Trib.

115 2511 196 2559 pot.
228 2506 304 2546 Vll.
336 2506 430 2559 Imp.
461 2506 537 2546 VII.
571 2505 648 2546 Cos
678 2505 739 2546 IIII
770 2503 928 2558 peditih.
961 2507 1001 2543 et
1033 2503 1192 2554 equitib.
1224 2504 1290 2556 qui
1320 2503 1427 2543 milit.
1466 2503 1504 2543 in
1536 2503 1623 2544 coh.
1657 2502 1722 2543 VII

116 2577 219 2617 quae
251 2564 499 2618 appellantur
529 2565 556 2605 Ι.
588 2564 712 2605 Astur
744 2568 784 2603 et
817 2561 1036 2603 Gallaecor.
1070 2566 1110 2601 et
1137 2561 1162 2601 l.
1194 2562 1403 2614 Hispanor.
1425 2566 1464 2602 et
1484 2560 1510 2601 Ι.
1543 2560 1721 2614 Alpinor.
1800 2581 1805 2587 ·

117 2628 155 2664 et
186 2624 212 2664 Ι.
244 2623 446 2664 Lusitano.
480 2629 520 2664 et
550 2622 591 2663 ll.
623 2621 801 2675 Alpinor.
834 2626 873 2660 et
904 2619 947 2659 ll.
979 2619 1086 2672 Hisp.
1119 2625 1159 2660 et
1189 2620 1223 2659 V
1262 2620 1445 2661 Luciens.
1490 2624 1530 2659 et
1561 2619 1721 2660 Gallae-

118 2693 198 2722 cor.
234 2687 273 2722 et
306 2686 398 2722 sunt
428 2683 467 2721 in
506 2681 647 2735 Illyric.
681 2681 752 2721 sub
796 2679 837 2720 L.
871 2678 1096 2721 Salvidieno
1135 2678 1318 2720 Salviano
1360 2678 1463 2719 Rufo
1505 2679 1570 2731 qui
1602 2679 1721 2731 quina

118 2745 158 2780 et
190 2741 328 2781 vicena
359 2740 528 2793 stipend.
561 2744 627 2780 aut
658 2739 771 2791 plura
802 2741 1040 2787 meruerant,
1071 2748 1184 2790 quor.
1207 2738 1364 2778 nomina
1383 2736 1591 2791 subscript.
1615 2743 1718 2779 sunt.

119 2820 173 2826 —
204 2801 355 2838 Arneth.
397 2802 519 2838 Zwolf
553 2800 734 2837 romische
765 2799 1063 2847 lllilitardiplome.
1096 2810 1179 2846 pag.
1212 2798 1279 2835 26.

259 2859 381 2897 1842.
445 2854 507 2912 (In
540 2859 631 2896 binis
664 2858 803 2906 paginis
835 2851 1121 2909 exterioribus]:

255 2915 348 2969 Imp.
397 2914 542 2956 Caesar
585 2914 660 2955 divi
707 2913 940 2967 Vespasiani
988 2913 1028 2953 F.
1076 2913 1320 2954 Domitianus
1360 2910 1566 2968 Augustus
1611 2912 1719 2955 Ger-

121 2972 294 3015 manicus
325 2973 510 3016 Pontifex
542 2974 733 3016 maximus
767 2973 965 3015 Tribunic.
997 2976 1181 3025 potestat.
1223 2972 1269 3012 V.
1309 2972 1400 3025 Imp.
1442 2971 1523 3014 XII.
1566 2972 1721 3016 Censor
