1877 3313
639 128 672 171 §.
698 128 729 163 1.
777 127 887 173 Leges
910 133 945 164 et
970 127 1158 173 plebiscita.
1611 127 1699 172 277

95 237 186 289 erit,
220 247 302 290 quo
332 234 458 291 magis
488 236 529 277 in
559 235 770 289 municipio
801 235 958 277 colonia
998 234 1251 288 praefectura
1282 234 1318 276 li.
1349 234 1375 276 I.
1407 239 1631 288 censeatur,
1663 248 1699 277 e.

94 296 132 338 11.
162 296 187 337 I.
222 309 259 336 n.
290 308 322 336 r.

777 352 902 406 Caput
931 352 1013 393 XII.
1400 400 1404 405 α

236 413 338 461 Quei
369 413 459 467 lege
490 411 542 466 pl.
576 424 636 452 ve.
668 424 740 462 sc.,
772 412 989 465 permissus
1021 415 1084 452 est
1114 409 1252 466 fuit1),
1284 411 1363 452 utei
1393 409 1506 465 leges
1536 411 1575 451 in
1607 424 1702 453 mu·-

93 471 238 525 nicipio
280 470 480 522 fundano,
522 470 838 523 municipibusve
881 471 970 510 eius
1010 470 1194 523 municipi
1227 470 1362 520 daret,
1402 472 1460 510 sei
1493 471 1579 522 quis
1609 471 1643 511 is
1658 468 1699 525 2)

91 535 184 584 post
213 530 250 570 h.
282 529 306 570 l.
338 542 394 580 1·.,
437 530 476 569 in
508 541 558 569 eo
590 541 694 569 anno
727 540 969 581 proxsumo,
1010 541 1088 581 quo
1120 528 1154 568 h.
1188 529 1211 569 l.
1243 529 1411 582 populus
1451 528 1611 580 iuserit,
1651 529 1702 569 ad

93 600 164 630 eas
195 588 308 642 leges
323 585 364 642 3)
396 587 643 640 municipieis
684 586 881 628 fundanos
923 587 1016 627 item
1058 591 1218 638 teneto,
1261 588 1342 628 utei
1372 590 1600 640 oporteret,
1641 588 1703 628 sei

93 647 155 688 eai
185 658 253 687 res
284 647 332 686 ab
365 658 413 687 eo
446 650 540 694 tum,
572 658 690 697 quom
723 646 889 698 primuni
920 645 1033 698 leges
1066 647 1123 685 eis
1155 645 1417 698 municipibus
1446 645 1538 698 lege
1571 644 1623 698 pl.
1650 657 1702 685 ve

92 717 149 746 sc.
182 704 303 755 dedit,
335 704 385 744 ad
416 716 485 744 eas
516 704 626 744 leces
657 704 833 754 additae,
867 708 1129 744 commutatae
1162 709 1374 745 com-ectae
1407 708 1565 755 essent,
1597 715 1702 743 neve

25 762 28 765 ’
93 763 180 816 quis
210 762 481 814 intercedeto,
515 774 618 802 neve
650 761 743 815 quid
774 762 913 812 facito,
957 763 1167 816 quominus
1209 776 1256 803 ea
1287 768 1373 803 rata
1403 762 1500 812 sint,
1540 773 1700 814 quove-

92 822 219 863 minus
249 821 454 874 municipis
485 819 682 861 fundanos
715 825 848 861 teneat
879 821 1018 875 eisque
1051 826 1360 874 optemperetur.

92 963 126 1001 in
158 963 373 1012 municipio,
404 963 568 1010 colonia,
606 964 857 1012 praefectura,
900 965 966 1001 hac
997 964 1079 1011 lege
1110 969 1323 1011 censeatur,
1365 975 1490 1001 eorum
1520 964 1586 1000 hac
1617 964 1702 1012 lege

42 1057 45 1059 ,
93 1022 181 1060 nibil
210 1027 372 1070 rogatur.

781 1080 895 1130 Caput
937 1082 1012 1119 XII.

232 1139 299 1184 Qui
332 1140 416 1187 lege
447 1139 724 1188 plebisvescito,
766 1141 957 1188 permissus
992 1145 1069 1187 est,
1101 1141 1190 1187 fuit,
1230 1141 1280 1178 uti
1311 1141 1413 1187 leges
1444 1139 1478 1176 in
1511 1139 1702 1188 municipio

90 1196 272 1245 fundano,
311 1197 592 1246 municipibusve
625 1199 699 1235 eius
731 1199 909 1247 municipii
942 1200 1066 1245 daret,
1104 1200 1132 1236 si
1165 1199 1247 1247 quid
1281 1200 1309 1236 is
1342 1203 1427 1248 post
1458 1199 1550 1236 hanc
1581 1200 1704 1246 legem

91 1262 273 1304 rogatam,
306 1257 340 1294 in
373 1268 418 1294 eo
451 1269 543 1294 anno
574 1269 775 1305 proxumo,
807 1269 880 1304 quo
913 1259 1004 1294 hanc
1035 1259 1154 1305 legem
1184 1259 1337 1306 populus
1369 1257 1532 1303 iusserit,
1566 1258 1611 1294 ad
1642 1269 1703 1294 eas

90 1317 194 1363 leges
227 1315 419 1361 addiderit,
451 1316 734 1362 commutaverit,
767 1317 981 1362 correxerit,
1014 1316 1207 1364 municipes
1240 1317 1414 1353 fundanos
1445 1316 1531 1353 item
1559 1320 1702 1363 teneto,

91 1375 142 1412 uti
173 1378 384 1424 oporteret,
414 1373 442 1410 si
474 1386 539 1411 eae
570 1386 628 1411 res
661 1376 704 1411 ab
738 1385 783 1410 eo
815 1379 909 1421 tum,
943 1387 1048 1422 quum
1080 1375 1228 1423 primum
1260 1376 1362 1422 leges
1393 1374 1434 1411 iis
1466 1374 1702 1422 municipibus

91 1434 175 1479 lege
207 1432 461 1482 plebisvescito
494 1432 607 1479 dedit,
639 1433 684 1469 ad
717 1444 776 1469 eas
804 1433 908 1480 leges
930 1434 1087 1479 additae,
1120 1438 1380 1479 commutatae,
1415 1437 1606 1470 correctae
1639 1445 1702 1469 es-

90 1496 193 1538 sent,
231 1503 323 1529 neve
356 1491 432 1539 quis
473 1491 712 1538 intercedito,
756 1503 848 1528 neve
888 1493 972 1539 quid
1005 1493 1137 1539 facito,
1180 1503 1251 1540 quo
1294 1492 1406 1528 minus
1438 1504 1480 1529 ea
1512 1496 1588 1529 rata
1620 1491 1703 1539 sint,

89 1561 208 1599 quove
238 1550 352 1588 minus
383 1549 579 1599 municipes
611 1550 785 1587 fundanos
817 1555 986 1598 teneant,
1016 1551 1129 1599 iisque
1161 1552 1443 1600 obtemperetur.

494 1664 576 1698 Lex
601 1664 768 1699 Rubria
793 1665 852 1699 De
879 1664 1024 1700 Gallia
1050 1666 1297 1711 cisalpina.

233 1748 355 1787 1683.
416 1750 550 1786 Tabula
581 1761 691 1786 aenea
724 1762 817 1787 anno
854 1750 964 1787 1760
997 1750 1031 1787 in
1063 1751 1251 1788 ruderibus
1289 1750 1519 1787 Velliatensis
1552 1749 1703 1788 civitatis

88 1804 296 1862 (tiacinessi
325 1808 359 1845 in
391 1820 482 1856 agro
504 1805 739 1861 Placentino]
765 1813 879 1856 eruta,
899 1821 1016 1858 prope
1039 1810 1083 1846 ad
1108 1811 1225 1846 locum
1246 1809 1305 1846 ubi
1328 1810 1447 1847 tabula
1470 1809 1609 1847 Traiani
1632 1809 1703 1846 ali·

89 1867 262 1905 mentaria
307 1872 451 1915 reperta
494 1872 570 1913 est,
610 1867 643 1904 in
684 1868 807 1905 Museo
847 1869 1024 1905 Parmensi
1065 1873 1279 1905 asservatur.
1334 1869 1520 1917 Scriptura
1565 1869 1703 1905 duabus

89 1926 261 1964 columnis
294 1926 462 1962 distincta
492 1926 669 1975 insculpta
701 1931 777 1972 est,
821 1927 913 1963 inter
945 1939 1030 1974 quas
1063 1926 1097 1963 in
1129 1926 1308 1975 superiori
1347 1927 1492 1963 tabulae
1525 1927 1703 1973 margine,

89 1996 253 2022 numerus
285 1985 351 2022 1111
381 1985 576 2033 insculptus
608 1989 780 2033 apparet,
822 1986 916 2022 unde
949 1985 1154 2033 colligitur,
1194 1990 1354 2032 quartam
1392 1986 1484 2022 hanc
1515 1985 1608 2033 legis
1639 1989 1702 2022 ta-

89 2045 206 2081 bulam
238 2056 342 2090 esse,
384 2048 458 2079 tres
491 2045 746 2080 antecedentes
789 2045 925 2081 tabulas
965 2046 1251 2092 subsequentem.
1312 2044 1435 2092 Neque
1477 2046 1545 2081 hac
1577 2048 1702 2091 quarta

88 2103 209 2139 tabula
240 2103 300 2139 lex
332 2102 540 2139 absolvitur.
593 2102 830 2139 Continentur
862 2104 928 2139 hac
960 2103 1079 2139 tabula
1112 2103 1268 2139 clausula
1301 2103 1424 2150 capitis
1456 2102 1552 2149 XIX,
1584 2102 1702 2151 capita

88 2161 166 2208 XX,
196 2161 292 2208 XXI,
322 2161 421 2198 XXII
452 2162 615 2208 integra,
659 2166 764 2209 atque
797 2162 922 2210 capitis
963 2162 1078 2197 XXIII
1115 2161 1261 2198 initium.
1322 2161 1452 2207 Agitur
1483 2162 1530 2198 ibi
1564 2161 1610 2197 de
1641 2161 1700 2197 iu-

90 2221 232 2257 dicandi
264 2220 431 2266 ratione,
463 2220 574 2267 qualis
608 2232 686 2256 esse
719 2221 850 2257 debeat
881 2220 915 2256 in
949 2220 1083 2257 Galliae
1122 2220 1314 2268 cisalpinae
1347 2220 1510 2268 oppidis,
1549 2224 1585 2256 et
1617 2220 1701 2267 qui-

91 2279 171 2316 dem
202 2279 236 2315 in
268 2279 382 2315 causis
415 2279 461 2315 de
491 2278 577 2315 novi
610 2278 728 2326 operis
761 2279 1011 2325 nunciatione,
1044 2279 1088 2314 de
1120 2278 1248 2315 damno
1280 2278 1437 2324 infecto,
1470 2279 1515 2315 de
1545 2278 1701 2326 pecunia

91 2342 190 2374 certa
222 2338 380 2383 credita,
422 2337 466 2374 de
498 2337 574 2374 aliis
605 2338 711 2374 rebus
744 2338 912 2383 creditis,
953 2338 997 2373 de
1041 2337 1168 2373 familia
1211 2337 1454 2374 herciscunda.
1516 2336 1701 2373 Pertinere

90 2397 161 2433 hoc
191 2397 430 2444 fragmentum
462 2396 506 2432 ad
537 2397 657 2442 legem
688 2396 867 2443 Rubriam,
900 2408 990 2444 quae
1022 2395 1055 2432 in
1088 2396 1230 2432 tabulae
1261 2395 1367 2444 ipsius
1400 2395 1517 2444 capite
1538 2395 1605 2432 XX
1626 2405 1701 2431 no-

91 2454 262 2502 minatur,
292 2455 472 2503 plerisque
505 2466 711 2503 persuasum
744 2459 821 2500 est,
855 2455 921 2491 etsi
953 2459 1034 2491 sunt
1065 2455 1122 2501 qui
1153 2459 1302 2502 negent,
1335 2467 1403 2502 qua
1436 2455 1482 2490 de
1513 2465 1553 2490 re
1584 2457 1622 2489 ut
1655 2452 1702 2489 de

92 2518 303 2561 argumento
345 2513 436 2560 legis
469 2513 503 2550 in
545 2514 748 2550 universum
779 2514 814 2549 in
846 2513 965 2561 primis
1007 2513 1244 2550 consulendus
1287 2517 1341 2549 est
1376 2513 1510 2549 Puchta
1553 2506 1699 2563 (Ueber

93 2573 159 2610 den
191 2573 305 2609 Inhalt
335 2573 400 2609 der
430 2572 490 2608 lex
520 2573 676 2618 Rubria,
707 2573 763 2608 in:
805 2572 968 2619 Savigny
1008 2571 1182 2608 Zeitschr.
1225 2572 1281 2608 fiir
1312 2573 1435 2619 gesch.
1467 2569 1700 2608 Rechtswiss.

92 2630 173 2668 Vol.
205 2631 247 2668 X.
279 2643 361 2680 pag.
397 2630 476 2667 195
496 2643 572 2679 seq.
604 2631 686 2668 coll.
718 2630 807 2667 Ibid.
840 2631 911 2667 vol.
942 2630 1002 2667 XI.
1032 2642 1067 2679 p.
1101 2625 1192 2683 53).

231 2743 269 2788 1)
292 2746 360 2789 fuit
383 2745 576 2780 emendavit
601 2746 750 2779 Mazoch.
775 2745 907 2779 tabula:
933 2745 1043 2779 EVIT.
1071 2763 1111 2768 -
1139 2744 1177 2788 2)
1197 2745 1394 2790 Quanquam
1414 2744 1499 2777 lianc
1515 2743 1701 2778 lectionem

94 2790 241 2826 Mazoch.
267 2792 429 2834 defendit,
455 2799 567 2827 tamen
593 2793 707 2826 malim
732 2794 910 2826 restituere
934 2793 1104 2827 levissima
1130 2794 1336 2827 mutatione:
1362 2792 1407 2824 sei
1431 2791 1510 2835 quid
1532 2791 1571 2824 is.
1590 2808 1632 2814 --
1660 2789 1700 2833 3)

96 2836 276 2881 Sculptoris
301 2840 511 2883 negligentia
537 2840 601 2872 hoc
626 2839 701 2872 loco
728 2840 928 2873 exciderunt
952 2840 1077 2873 verba:
1110 2840 1290 2879 addiderit,
1323 2839 1584 2880 commutaverit,
1614 2849 1698 2871 con-

94 2885 236 2972 reaeeJrit,
262 2887 309 2918 uti
334 2897 377 2920 ex
401 2887 555 2931 proxime
580 2886 799 2930 sequentibus
824 2886 954 2920 verbis:
991 2885 1158 2929 (addilae,
1194 2891 1423 2926 commutatae,
1449 2890 1621 2919 conrecme
1645 2896 1698 2918 es-

96 2935 166 2962 sene
208 2937 310 2973 patet.
