1877 3313
460 152 492 195 §-
519 153 574 187 11.
623 152 770 187 Tabulae
794 153 1011 199 negotiorum
1037 154 1246 188 solemnium.
1575 149 1660 196 399

49 257 95 300 R.
128 258 175 300 E.
192 255 251 311 ¹),
294 262 443 300 tantam
488 260 695 313 pecuniam
738 259 822 300 dari
862 264 903 300 ct
934 259 1098 313 amplius
1130 272 1285 314 poenae
1325 260 1485 302 nomine
1515 259 1589 302 HS.
1620 260 1663 300 L.

49 317 101 358 Μ.
135 317 182 358 N.
198 315 240 372 ²]
285 331 486 359 nummum
528 319 736 372 stipulatus
781 323 843 360 est
874 319 917 359 T.
950 319 1107 360 Flavius
1147 320 1420 374 Syntrophus,
1453 319 1664 374 spopondit

51 376 98 417 T.
128 376 286 418 Flavius
317 377 497 418 Ai'thales
529 377 706 419 libertus.

190 447 288 488 Tum
321 447 503 488 hortulos
544 461 632 488 cum
676 448 856 489 aedificio
898 453 935 488 et
970 450 1102 488 vineis
1141 450 1321 490 maceria
1362 450 1485 490 clusis
1525 451 1583 490 ilo
1622 453 1668 489 ut

52 506 172 558 empti
203 510 295 547 sunt
327 511 366 546 et
399 519 500 559 quae
531 511 672 559 postea
705 508 752 548 iis
785 519 1023 559 accessere,
1063 509 1256 561 mancipio
1299 510 1452 563 accepit
1495 509 1538 550 T.
1570 508 1665 549 Fla-

50 565 139 605 vius
181 564 363 606 Ai'tliales
404 565 571 605 libertus
615 566 664 606 de
709 566 750 607 T.
782 566 927 607 Flavio
960 566 1190 620 Syntroplzo
1232 567 1310 608 HS.
1343 568 1391 608 N.
1433 568 1464 608 I.
1481 564 1521 622 3)
1553 567 1667 608 libri-

49 623 182 677 pende
214 623 273 664 Ti.
308 623 468 665 Claudio
501 624 663 665 Phileto.

193 693 430 735 Antestalus
462 699 524 736 cst
566 695 610 736 T.
643 695 820 737 Flavium
866 696 1166 750 Theopompum
1209 703 1248 738 et
1276 699 1317 738 in
1358 710 1532 738 vacuam
1565 710 1669 749 pos-

29 753 270 794 sessionem
300 753 525 805 hortorum,
558 755 623 806 qui
654 767 772 808 supra
805 756 950 808 scripta
984 758 1042 796 ire
1074 761 1139 797 aut
1169 758 1324 798 mittere
1356 758 1468 798 iussit
1499 757 1542 796 T.
1575 756 1669 796 Fla-

50 813 139 854 vius
169 812 425 865 Synlroplzus
460 812 501 853 T.
531 813 719 854 Flavium
749 813 949 855 Annalem
981 815 1164 855 libertum
1184 829 1306 869 seque
1325 816 1416 856 inde
1439 816 1667 856 excessisse

52 871 290 924 desisseque
322 871 610 925 possidereque
644 872 741 913 dixit
770 873 878 914 salva
911 872 1114 914 voluntale
1155 888 1230 915 sua
1262 876 1298 915 si
1329 888 1423 915 ossa
1454 874 1665 926 sepulcris,

51 943 155 984 quae
184 935 279 972 sunt
307 931 350 970 in
381 931 463 971 illis
494 931 634 982 hortis,
667 931 808 972 inferri
840 934 1121 973 consacrarive
1153 934 1334 975 voluerit.
1396 934 1540 975 Actum
1571 932 1664 973 111..

53 1020 231 1030 .......
265 988 518 1031 Consulibus.
566 990 743 1031 Nomina
777 992 953 1041 testium,
987 991 1038 1032 M.
1073 992 1196 1033 Clodii
1228 993 1450 1044 Saturnini,
1481 992 1529 1034 A.
1564 992 1666 1032 Cas-

52 1048 164 1100 cellii,
196 1048 236 1089 F.
270 1047 393 1089 Flavii
424 1049 504 1100 Pii,
536 1049 578 1090 T.
614 1049 669 1091 St.
691 1082 698 1090 .
719 1082 756 1090 ..
791 1055 828 1090 et
861 1051 902 1090 T.
934 1051 1069 1091 Flac-iz·
1104 1051 1371 1105 Theopompi,
1404 1063 1520 1105 quem
1552 1055 1670 1092 ante-

52 1112 177 1149 status
209 1111 283 1158 est,
317 1114 355 1149 et
388 1108 444 1149 Ti.
479 1108 633 1149 Claudii
665 1109 805 1149 Phileli
837 1109 1087 1163 libripemlis.

344 1238 688 1272 instrumentum
717 1238 977 1273 donationis
1004 1239 1175 1274 Statiac
1203 1240 1376 1274 Irencs.

199 1334 321 1372 1780.
382 1333 678 1374 Monumentum
712 1331 868 1387 quot·¹)
903 1338 963 1374 est
997 1334 1060 1373 via
1094 1334 1302 1386 triumpale
1334 1335 1437 1374 inter
1467 1332 1671 1374 miliarium

52 1391 272 1433 secundum
305 1397 344 1432 et
376 1393 556 1441 tertium,
589 1392 772 1432 cuntibus
805 1393 851 1432 ab
884 1393 982 1432 urbe
1013 1397 1125 1445 parte
1156 1392 1270 1433 laeva
1301 1393 1337 1433 in
1371 1392 1472 1433 clivo
1505 1393 1667 1442 Cinnae,

54 1456 94 1491 et
127 1455 189 1492 est
219 1452 256 1491 in
289 1463 388 1503 agro
419 1450 559 1490 Aureli
598 1451 793 1501 Primiani,
826 1451 975 1492 lictoris
1007 1451 1237 1492 Pontificum
1272 1451 1312 1491 C.
1348 1451 1389 1492 C.
1422 1451 1468 1491 V.
1501 1451 1545 1491 V.
1559 1448 1598 1506 ⁵]
1633 1455 1672 1490 et

54 1509 276 1563 appellatur
306 1510 660 1559 Terentianorum,
692 1511 799 1550 iuxta
822 1515 1118 1551 monumentum
1151 1509 1304 1551 Claudii
1336 1509 1533 1563 quondam
1566 1510 1670 1550 Pro-

53 1569 130 1610 culi
162 1573 200 1609 et
231 1569 266 1609 si
298 1570 363 1622 qui
395 1568 458 1609 alii
501 1567 642 1609 affines
684 1573 773 1610 sunt
815 1574 855 1609 ct
897 1582 971 1622 qua
1014 1581 1212 1622 quemque
1245 1570 1367 1624 tangit
1401 1574 1439 1609 ct
1469 1569 1670 1622 populum,

51 1628 172 1670 Statia
203 1627 317 1669 Irene
332 1625 373 1682 ⁰)
405 1628 465 1668 ius
499 1628 614 1668 trium
647 1628 861 1668 liberorum
895 1627 1058 1678 habens,
1090 1628 1140 1669 M.
1173 1629 1326 1669 Licinio
1359 1627 1565 1669 Timotheo
1593 1627 1669 1668 do-

49 1687 220 1728 nationis
251 1687 629 1739 mancipationisquc
657 1699 775 1727 causa
803 1687 863 1728 Hs
890 1687 935 1727 N.
962 1684 1044 1741 If)
1077 1688 1273 1740 mancipio
1301 1686 1421 1737 dedit,
1451 1686 1670 1741 libripende

52 1745 214 1787 Claudio
236 1745 391 1796 Datim,
421 1750 619 1786 antestato
653 1745 837 1786 Cornelio
870 1746 1054 1797 Victore,
1096 1747 1214 1799 eique
1246 1759 1410 1787 vacuam
1423 1742 1466 1800 8)
1498 1758 1669 1800 posses-

51 1806 206 1847 sionem
237 1805 480 1846 monumenti
512 1801 637 1858 SS.⁹)
671 1805 805 1856 cessit,
838 1809 878 1845 et
909 1804 957 1845 ad
984 1804 1023 1845 id
1046 1810 1343 1846 monumentum
1369 1805 1478 1856 itum,
1511 1806 1670 1856 aditum,

51 1864 238 1906 ambitum
271 1863 402 1917 adque
435 1863 639 1914 haustum,
670 1876 889 1914 coronare,
922 1865 1051 1915 vesci,
1083 1868 1296 1913 mortuum,
1327 1869 1523 1905 mortuam
1553 1877 1668 1905 mor-

51 1929 196 1965 tuosve
231 1934 323 1964 ossa
354 1921 505 1962 inferre
539 1927 581 1962 ut
613 1922 742 1963 liceat.
806 1922 920 1970 Quod
961 1923 1051 1963 mihi
1083 1922 1232 1963 Licinio
1265 1923 1473 1964 Timotheo
1507 1927 1547 1964 tu
1577 1923 1671 1965 Sta-

52 1982 106 2022 tia
135 1981 249 2023 Irene
280 1982 306 2022 1.
330 1981 373 2021 L.
397 1981 442 2021 H.
465 1977 520 2036 ¹⁰)
548 1987 845 2023 monumentum
882 1982 949 2023 SS.
977 1982 1050 2023 HS.
1080 1981 1127 2023 N.
1160 1982 1186 2022 l.
1204 1979 1242 2035 7)
1286 1982 1480 2035 mancipio
1513 1981 1668 2033 dedisti,

55 2041 104 2082 de
136 2053 184 2082 ea
217 2053 261 2082 re
294 2040 425 2082 dolum
458 2041 629 2092 abesse,
672 2040 954 2093 afuturumque
987 2052 1079 2081 esse
1110 2053 1132 2080 a
1163 2045 1227 2091 tc,
1269 2039 1418 2081 herede
1450 2045 1517 2081 tuo
1550 2045 1589 2080 et
1620 2040 1669 2081 ab

53 2100 114 2142 his
145 2100 353 2152 omnibus,
386 2098 435 2140 ad
467 2112 570 2152 quos
604 2112 650 2140 ea
681 2112 748 2140 res
780 2099 1016 2153 pertinebit,
1058 2098 1157 2140 haec
1190 2100 1248 2139 sic
1279 2104 1391 2139 recte
1423 2098 1531 2150 dari,
1570 2099 1669 2151 fieri,

53 2159 330 2271 pralestgrigge
361 2158 569 2211 stipulatus
602 2164 664 2200 est
694 2159 868 2200 Licinius
897 2157 1142 2210 Timotheus,
1173 2157 1387 2211 spopondit
1412 2157 1532 2200 Statia
1558 2158 1672 2199 Irene

55 2229 82 2270 1.
147 2250 155 2259 .
224 2250 232 2258 .

193 2287 336 2330 Actum
367 2301 424 2342 pr.
455 2288 538 2330 Kal.
581 2288 684 2342 Aug.
727 2289 847 2343 Impp.
890 2288 972 2329 DD.
1004 2288 1085 2329 ΚΝ.
1119 2287 1230 2330 Gallo
1261 2286 1365 2343 Aug.
1397 2287 1440 2330 Π.
1474 2293 1513 2330 et
1544 2287 1672 2330 Volu-

0 2400 1 2409 .
56 2347 168 2391 siano
200 2349 306 2403 Aug.
340 2348 590 2389 Consulibus.
612 2345 667 2403 ¹¹)

193 2418 324 2460 Isdem
358 2418 598 2461 Consulibus
630 2418 770 2460 eadem
802 2418 866 2459 die
898 2418 1019 2460 Statia
1049 2417 1163 2460 Irene
1194 2417 1221 2459 Ι.
1249 2417 1293 2459 L.
1320 2415 1432 2473 H.¹⁰)
1467 2417 1667 2461 donationi

58 2478 301 2522 monumenti
330 2474 454 2533 SS.⁹)
488 2478 545 2520 sic
575 2483 619 2520 ut
650 2491 771 2531 supra
797 2478 987 2531 scriptum
1019 2483 1092 2528 est,
1126 2478 1339 2530 consensi,
1381 2478 1598 2532 subscripsi
1629 2484 1668 2520 et

199 2644 237 2689 1)
263 2647 377 2692 quanti
403 2658 444 2680 ea
480 2657 534 2680 res
560 2647 633 2681 erit.
659 2663 703 2668 -—
737 2644 774 2688 2)
800 2647 992 2679 sestertium
1028 2647 1268 2692 quinquaginta
1302 2646 1403 2680 millia
1436 2655 1588 2679 numero.
1624 2663 1666 2668 —

61 2689 100 2735 3)
117 2694 274 2727 sestertio
298 2705 436 2728 nummo
462 2705 544 2728 uno.
569 2711 615 2715 —
638 2693 677 2735 4)
703 2704 783 2737 pro:
808 2694 902 2737 qnod,
929 2699 965 2727 ut
990 2695 1089 2727 etiam
1113 2694 1208 2728 infra.
1235 2711 1276 2716 —
1304 2693 1342 2736 5)
1369 2692 1526 2727 calatoris
1551 2693 1668 2726 curiati

10 2771 11 2774 ,
61 2741 230 2784 virginum
254 2741 448 2775 Vestalium.
476 2758 517 2764 —
545 2740 583 2784 6)
610 2740 871 2785 Spangenberg.
891 2740 979 2773 male
997 2741 1105 2774 Slulia
1122 2741 1259 2774 Airene.
1287 2759 1327 2764 —
1354 2738 1391 2783 7)
1411 2739 1550 2782 Tabula,
1576 2745 1667 2773 certe

9 2800 13 2826 ‘1
64 2787 198 2831 quidem
223 2787 385 2822 Gruterus
410 2789 463 2821 hic
482 2788 568 2821 male
592 2787 632 2820 N.
660 2787 694 2820 L.
721 2787 812 2831 quod
838 2787 1087 2821 emendandum
1112 2788 1153 2821 N.
1172 2788 1197 2822 I.
1215 2785 1370 2829 (nummo
1388 2785 1488 2829 uno),
1512 2793 1549 2820 ut
1565 2788 1665 2821 etiam

63 2833 164 2875 paulo
195 2835 291 2868 infra.
326 2852 367 2856 ——
401 2835 439 2878 8)
475 2835 652 2869 Gruterus:
693 2835 792 2878 inque
824 2845 932 2868 vacua
966 2846 1063 2868 cuam
1094 2836 1332 2879 possessionem.
1383 2834 1666 2868 Emendationem

66 2890 141 2913 cum
165 2879 444 2927 Spangenbergio
470 2882 642 2923 dedin1u83
666 2881 728 2915 sed
753 2881 897 2915 fortasse
921 2881 1120 2926 legendum:
1146 2883 1238 2926 eique
1259 2893 1400 2915 vacuam
1423 2892 1516 2915 suam
1539 2891 1667 2926 posses-

13 2925 16 2978 :
65 2926 197 2961 sionem.
229 2946 270 2951 —
303 2929 342 2971 9)
377 2940 480 2972 supra
514 2930 641 2972 scripti.
675 2945 716 2951 -
748 2929 809 2969 10)
835 2929 885 2962 ius
918 2928 1102 2962 liberorum
1135 2929 1273 2963 habens.
1308 2946 1349 2952 —-
1387 2926 1448 2972 11)
1473 2939 1525 2963 an.
1550 2939 1582 2973 p.
1607 2928 1671 2964 Ch.

67 2971 135 3007 252
166 2973 423 3018 [inperatoribus
448 2975 617 3011 Trebonio
642 2974 738 3010 Gallo
763 2975 805 3013 ΙΙ,
832 2981 866 3010 ct
891 2975 1071 3011 Volusiano
1095 2975 1310 3012 Consulibus.
