1877 3313
408 119 438 160 §.
464 118 497 152 8.
547 117 698 153 Tabulae
724 118 909 153 historicae
935 120 1137 153 auctoritate
1162 120 1296 163 publica
1321 121 1479 166 scriptae.
1665 120 1752 163 349

133 223 259 278 praef.
292 224 408 266 class
440 238 500 279 pr.
532 226 616 267 mis.
636 223 671 280 ¹)
703 226 887 280 probavit
931 231 971 266 et
1002 226 1142 267 meruit
1182 229 1441 281 sententiam,
1487 240 1602 282 quam
1643 229 1754 270 iussu

134 282 313 325 eiusdem
344 284 576 326 Senecionis
606 285 806 338 subpraef.
841 285 930 325 huic
961 285 1071 326 titulo
1104 287 1348 340 proscripsit.

274 353 445 397 Senecio
478 356 520 396 C.
555 356 595 396 C.
629 354 730 410 02)
764 355 884 396 dixit:
918 356 1195 397 Necessariam
1227 357 1351 398 fuisse
1372 359 1660 412 inspectionem
1683 372 1757 400 ae—

133 413 354 454 dificiorum
387 419 426 454 et
456 414 546 465 loci,
581 414 629 455 de
663 415 805 467 quibus
837 420 931 468 aput
962 428 1024 455 me
1056 420 1183 455 actum
1217 422 1291 467 est,
1322 430 1368 458 re
1400 418 1485 471 ipsa
1516 418 1751 459 manifesta-

134 478 210 514 tur.
247 472 341 513 Cum
374 474 496 526 igitur
528 473 703 514 aedificia
734 474 821 514 solo
854 485 955 527 puro
980 475 1106 526 posita
1132 474 1476 528 deprehenderim,
1509 490 1641 529 neque
1671 477 1753 518 ullo

131 530 349 584 sepulchro
381 533 632 585 superposita
665 531 729 572 vel
762 533 983 582 coniuncta,
1018 539 1182 585 apparet
1214 534 1480 576 venditionem
1503 548 1642 576 eorum
1663 536 1752 577 iure

132 590 290 641 factam,
323 589 494 643 ideoque
527 590 575 632 ad
607 590 761 631 Aelium
794 591 976 631 Rufinum
1001 592 1160 632 militem
1192 606 1243 633 ex
1275 607 1396 634 causa
1419 595 1627 647 emptionis
1649 607 1748 648 per—

131 650 260 690 tinere
290 649 487 690 videntur.
520 650 615 690 Loci
649 662 746 690 vero
780 651 865 690 sive
898 651 997 703 agri,
1031 664 1147 703 quem
1175 652 1419 693 adiacentem
1441 652 1629 694 aediliciis
1660 653 1749 694 Ae-

69 727 71 729 ·
130 708 205 749 lius
237 708 511 759 Abascantos,
554 713 666 761 pater
708 709 835 749 Rulini
878 710 924 749 ab
968 709 1179 751 heredibus
1219 712 1365 751 Patulei
1398 712 1587 753 Diocletis
1619 725 1750 765 aeque

133 772 334 809 mercatus
367 771 442 818 est,
477 780 597 820 (pium
632 767 773 809 habeat
804 768 968 821 plurima
1001 773 1040 808 et
1071 768 1263 822 dispersis
1295 770 1394 812 locis
1425 770 1658 824 sepulchra,
1688 772 1751 812 ius

130 838 205 880 per
236 826 502 868 venditionem
539 826 748 867 transferri
780 827 828 867 ad
862 832 1081 879 emptorem
1114 840 1191 869 non
1221 829 1414 881 potuisse,
1446 835 1521 880 set,
1555 842 1644 870 eum
1672 842 1748 884 pa-

131 889 194 927 ter
224 885 351 927 Rufini
394 891 433 926 et
477 890 615 938 postea
659 885 846 936 Rufinus,
887 899 1109 939 quanquam
1155 901 1232 928 non
1278 889 1362 928 iure
1406 888 1506 929 sacta
1548 890 1749 942 emptione

130 957 292 999 semper
323 945 362 985 in
394 945 654 997 possessione
687 945 855 996 luerint,
899 945 1005 985 nullo
1039 946 1123 986 iure
1157 959 1247 987 eum
1280 947 1410 988 locum
1444 948 1645 989 vindicare
1675 948 1750 990 sibi

129 1004 291 1045 Patulcii
324 1008 508 1056 possunt,
540 1004 653 1057 plane
686 1017 773 1044 cum
808 1005 843 1043 in
877 1017 920 1043 re
964 1006 1164 1056 praesenti
1206 1005 1449 1058 inspexerim
1492 1007 1745 1048 obliteratum

129 1068 248 1117 atque
271 1075 428 1103 erasum
448 1063 595 1103 Patulei
617 1062 739 1103 Diocl.
775 1076 930 1113 nomen,
963 1068 999 1103 et
1023 1076 1232 1104 remanere
1255 1065 1442 1118 inscripta
1466 1067 1593 1120 capita
1617 1079 1748 1120 quae-

130 1119 273 1177 damss)
327 1122 588 1174 exprimentia
644 1121 740 1162 llaec
782 1122 925 1162 verba:
973 1122 1138 1172 ..Actius
1192 1123 1320 1164 Dioel.
1364 1124 1507 1165 l'atulc.
1549 1125 1662 1166 Dioc.
1704 1125 1747 1165 F.

131 1194 220 1223 cum
252 1181 453 1231 fratribus,
487 1182 552 1233 qui
585 1194 689 1221 nunc
722 1181 781 1220 hic
814 1180 972 1231 adsunt,
1005 1181 1181 1222 vendunt
1213 1182 1252 1221 l‘.
1276 1182 1391 1223 Aelio
1423 1183 1649 1225 Abascanto
1680 1184 1746 1224 10-

131 1253 223 1282 cum
256 1252 416 1294 purum,
450 1240 488 1279 in
523 1253 603 1292 quo
647 1239 752 1280 nulla
785 1239 995 1292 sepulchra
1031 1241 1156 1291 iacta,
1188 1244 1440 1293 superposita
1483 1255 1615 1295 neque
1647 1255 1751 1284 con-

128 1300 264 1341 iuncta
297 1304 502 1352 apparent,
534 1299 618 1338 Lib.
654 1299 752 1351 Nep.
785 1299 955 1351 Pronep.
990 1297 1090 1352 (3.4)
1123 1304 1161 1339 et
1193 1300 1385 1352 reliqua-x

273 1369 334 1410 Ob
369 1373 637 1421 contemptum
673 1374 800 1408 tannen
845 1369 1050 1422 religionis
1095 1369 1281 1417 Rufinus,
1325 1370 1363 1410 1‘.
1398 1370 1501 1411 Aelii
1532 1371 1678 1414 Abasc.
1710 1373 1754 1414 F.

130 1441 229 1483 agro
261 1429 460 1481 privetur,
499 1429 646 1480 fiatque
679 1427 781 1480 publ.
801 1425 839 1479 ⁵)
873 1427 1193 1480 sepeliendorum
1228 1429 1389 1469 militum
1421 1429 1536 1471 class.
1569 1443 1627 1484 pr.
1661 1432 1749 1472 Mis.

130 1489 169 1528 in
201 1500 326 1528 usum.
360 1487 539 1527 Heredes
572 1499 670 1527 vero
705 1487 823 1526 l‘atul.
858 1486 968 1527 Dioe.
1003 1486 1244 1527 mulctentur
1275 1493 1386 1528 sorte
1417 1501 1494 1529 una
1527 1502 1616 1530 cum
1649 1503 1750 1532 ana-

130 1547 302 1588 tocismo
336 1546 450 1586 binae
484 1546 726 1586 centesimae
768 1558 917 1586 usurae
950 1550 1114 1599 propter
1146 1547 1366 1601 neglectam
1408 1548 1644 1603 religionem
1676 1562 1750 1590 se-

128 1605 386 1660 pulchrorum
419 1605 520 1646 clam
553 1604 788 1656 dirutorum,
822 1617 1103 1658 pauperesque
1134 1606 1277 1647 milites
1310 1607 1423 1648 class.
1457 1620 1514 1661 pr.
1548 1608 1635 1649 Mis.
1670 1608 1747 1650 do-

128 1665 208 1705 nati
240 1665 342 1716 sint,
385 1663 474 1705 dum
518 1668 761 1718 aegrescunt
793 1669 833 1704 et
865 1665 1107 1716 moriuntur,
1142 1677 1191 1705 ne
1224 1678 1320 1707 aere
1353 1666 1512 1708 conlato
1545 1672 1748 1721 curentur,

128 1724 452 1777 sepelianturque
468 1720 522 1778 ⁶).

270 1795 395 1844 Quam
427 1794 664 1836 sententiam
702 1798 878 1835 sanctam
910 1807 1027 1847 esse,
1069 1807 1208 1837 omnes
1250 1796 1430 1849 sciunto,
1463 1795 1582 1851 idque
1624 1802 1747 1840 totum

128 1857 299 1896 testatur
329 1866 514 1895 marmor.

223 2039 260 2077 §-
291 2034 328 2072 8.
394 2032 557 2071 Tabulae
588 2033 793 2071 historicae
822 2044 1006 2070 romanae
1038 2035 1263 2072 anctoritate
1289 2034 1444 2083 publica
1474 2036 1651 2084 scriptae.

493 2173 549 2208 Ex
576 2174 711 2208 fastis
737 2173 1059 2208 consularibus
1086 2172 1380 2218 Capitolinis.

277 2269 399 2309 1735.
460 2269 500 2309 P.
545 2269 724 2310 Valerius
766 2270 806 2310 P.
841 2269 882 2309 F.
924 2269 1060 2309 Volusi
1102 2269 1148 2309 N.
1190 2269 1390 2311 Poblicola
1431 2269 1472 2311 ll.
1519 2270 1560 2312 ln
1602 2268 1748 2326 mag⁷)

131 2332 310 2370 mortuus
335 2327 456 2369 estin
483 2329 570 2370 eius
587 2328 629 2369 L.
648 2328 689 2369 F.
709 2328 752 2369 E.
767 2325 809 2382 S)
841 2328 882 2367 L.
907 2327 1116 2375 Quinctius
1136 2327 1178 2368 L.
1201 2328 1242 2368 F.
1271 2328 1313 2369 L.
1336 2329 1383 2370 N.
1404 2329 1669 2372 Cincinnatus.
1697 2353 1747 2358 —

132 2386 175 2427 G.
210 2386 406 2427 Claudius
435 2387 512 2440 Ap.
545 2387 588 2428 F.
621 2387 675 2428 M.
708 2387 755 2427 N.
789 2387 972 2427 Erasse'n.
1008 2387 1149 2439 Reqill.
1182 2386 1317 2429 Sabin.

274 2562 312 2606 1)
339 2563 576 2608 subpraefecto
596 2565 711 2598 classis
731 2566 921 2609 praetoriae
940 2565 1148 2599 Misenensis.
1166 2583 1209 2587 -—
1239 2565 1277 2609 2)
1297 2577 1371 2600 cum
1391 2566 1533 2599 consilio
1551 2565 1748 2600 collocutus.

137 2627 177 2632 —
205 2608 243 2653 3)
269 2610 395 2655 Lapide
421 2611 483 2645 hac
508 2618 604 2655 parte
631 2612 799 2653 diffracto,
827 2612 914 2657 quod
942 2613 973 2645 in
996 2613 1154 2657 exemplo
1171 2613 1371 2647 Gruteriano
1390 2613 1609 2657 significatur,
1635 2614 1746 2657 scrip-

134 2663 210 2690 tura
235 2657 369 2692 turbata
395 2665 456 2692 est.
481 2658 645 2692 Dedimus
672 2670 714 2692 ex
740 2660 979 2693 emendatione
1005 2658 1143 2693 Cuiacii.
1169 2660 1270 2703 Apud
1297 2660 1490 2700 Gruterum,
1516 2659 1600 2693 alios
1618 2661 1664 2694 ita
1690 2660 1722 2694 le

136 2705 244 2748 gitur:
271 2706 496 2749 „inspexerim
523 2705 694 2739 lituratum
721 2717 776 2751 ag.
803 2712 836 2739 et
861 2717 994 2740 erasum
1019 2707 1159 2740 Patulcii
1187 2707 1302 2741 dicunt
1324 2717 1502 2741 remanere
1520 2706 1667 2752 instipul.
1685 2717 1746 2740 ca-

135 2751 204 2794 pita
229 2752 397 2797 quaedam
416 2750 670 2797 exprimentia.“
698 2770 742 2774 ——
768 2750 807 2794 4)
826 2753 952 2796 liberis,
970 2754 1161 2798 nepotibus,
1179 2754 1423 2798 pronepotibus
1442 2751 1556 2796 (putzu
1580 2754 1747 2797 vendunt,

137 2798 226 2842 quod
251 2799 394 2833 verbum
418 2811 519 2844 supra
546 2802 692 2844 positum
727 2797 883 2834 Cuiacius
915 2799 1067 2843 omittit).
1102 2820 1144 2824 —-
1179 2799 1217 2844 5)
1243 2801 1409 2846 publicus.
1441 2818 1486 2823 —
1520 2800 1560 2843 6)
1585 2800 1748 2836 Gruterus

136 2844 282 2890 indeque
307 2847 554 2892 Spangenberg
578 2846 863 2892 sepelienturque;
896 2848 956 2882 sed
983 2847 1169 2882 Brissonius
1194 2854 1346 2891 apertum
1373 2848 1530 2882 mendum
1556 2850 1628 2883 sive
1653 2859 1746 2882 mar-

137 2893 273 2926 morarii
298 2895 370 2927 sive
396 2893 617 2928 exscribentis
649 2893 790 2927 tollens:
824 2894 1094 2939 sepeliancurque.
1126 2912 1171 2918 --
1205 2895 1244 2939 7)
1271 2896 1477 2939 magistratu.
1506 2913 1546 2919 —-
1572 2893 1612 2939 8)
1636 2896 1749 2931 locum

139 2935 244 2972 factus
269 2945 329 2975 est.
354 2939 518 2977 Consules
542 2940 597 2976 hic
622 2941 784 2976 nominati
809 2946 886 2977 suut
911 2943 990 2978 anni
1014 2941 1051 2977 U.
1078 2940 1114 2977 C.
1140 2942 1220 2977 293.
