1877 3313
421 158 452 201 §.
477 159 509 194 2.
557 158 594 193 In
619 159 781 194 aedificiis
805 160 948 205 publicis
973 159 1091 194 Italiae
1116 166 1150 195 ct
1173 162 1434 206 provinciarum.
1649 162 1733 206 143

126 265 252 362 218351.
284 277 318 315 p.
352 266 432 363 ἐξ
457 267 600 305 Platuer
630 280 662 306 u.
694 269 846 307 Bunsen.
878 269 1023 307 Beschr.
1055 270 1092 308 R.
1126 270 1182 309 111.
1216 270 1253 310 2.
1283 284 1319 321 p.
1351 271 1416 309 84.
1447 270 1596 309 Becker.
1629 272 1729 310 Rom.

175 329 197 362 t.
247 353 255 362 .
286 337 321 374 p.
441 354 450 364 .

269 400 390 439 1233.
451 400 490 441 Ρ.
529 400 702 442 Rubrius
745 401 979 455 Trophimus
1012 405 1051 442 et
1081 402 1120 443 P.
1154 403 1322 444 Rubrius
1354 401 1510 458 Agatho
1541 403 1729 445 solarium

123 456 356 499 refecerunt
387 463 427 499 et
457 460 713 501 vermiculum
745 465 989 511 straverunt,
1023 461 1114 501 item
1146 462 1413 514 pavimentum
1445 462 1592 515 spicam
1624 466 1733 503 stra-

124 528 209 556 ver.
241 521 281 558 et
311 516 462 569 sedilia,
494 519 741 560 circumitum
773 518 1006 560 refecerunt
1046 519 1211 573 inpensa
1252 533 1324 561 sua
1356 521 1400 561 T.
1431 521 1568 562 Sextio
1598 520 1732 575 Magio

123 573 320 616 Laterano
353 575 441 616 Cos.
462 573 498 630 ¹)
535 600 585 605 —
619 580 751 616 Romae
784 592 868 617 mus.
900 580 1015 616 Vatic.
1058 581 1182 617 Murat.
1216 581 1319 628 314,
1352 581 1388 618 3.
1421 582 1617 620 correctius
1649 583 1735 621 Fea.

18 625 25 643 ³
123 635 271 673 Framm.
305 637 338 674 d.
370 637 449 683 fast.
481 649 515 685 p.
547 638 666 675 LXIX.
699 639 751 675 Cf.
784 639 892 675 More.
925 639 990 687 Op.
1023 650 1079 687 ep.
1111 640 1169 676 ΙΙΙ.
1201 652 1234 688 p.
1273 640 1364 678 108.

266 711 388 749 1234.
450 710 579 753 Salvis
617 711 669 752 D.
701 712 752 752 D.
796 711 843 752 N.
875 711 920 752 N.
937 709 977 766 ²)
1020 712 1247 754 Theodosio
1288 717 1327 754 et
1357 713 1512 755 Placido
1551 714 1732 755 Valenti-

122 768 248 810 niano
280 768 408 810 Rufus
440 769 608 810 Caecina
640 770 752 811 Felix
791 770 1026 824 Lampadius
1069 772 1112 811 V.
1155 771 1194 812 C.
1229 777 1266 812 et
1295 769 1418 827 inst)
1461 772 1598 826 Praef.
1640 773 1731 815 urb.

122 826 310 868 harenam
344 827 618 881 amphitheatri
649 841 671 870 a
703 841 809 870 novo
841 842 918 870 una
951 843 1037 870 cum
1079 829 1200 883 podio
1233 835 1271 870 et
1302 832 1435 882 portis
1459 832 1627 883 posticis
1658 831 1732 872 sed

123 890 164 926 et
192 887 387 939 reparatis
419 887 634 940 spectaculi
664 887 855 942 gradibus
894 889 1077 929 restituit.
1124 911 1173 917 —-
1218 892 1351 929 Romae
1390 892 1424 929 in
1466 893 1729 942 amphitheatro

121 947 254 986 Flavio.
301 947 405 986 Nard.
437 948 464 985 Ι.
495 961 529 997 p.
562 948 657 986 235.
703 946 891 997 Supplevit
922 950 1094 997 Nibbyus.
1126 950 1222 988 Orel.
1260 950 1323 988 13.

264 1024 387 1062 1235.
447 1022 593 1063 Decius
634 1023 781 1064 Marius
824 1023 1043 1065 Venantius
1085 1024 1254 1065 Basilius
1308 1024 1352 1065 V.
1396 1023 1526 1078 C..4)
1574 1029 1614 1066 et
1663 1025 1729 1067 inl.

119 1079 246 1121 Praef.
278 1081 379 1122 urbi.
410 1081 622 1133 Patricius,
661 1081 809 1122 Consul
839 1081 1062 1123 ordinarius
1078 1079 1118 1138 5)
1150 1095 1311 1124 arenam
1343 1087 1383 1123 et
1413 1083 1595 1136 podium,
1627 1097 1730 1138 quae

121 1139 368 1181 abominandi
400 1144 532 1180 terrae
563 1145 692 1181 motus
723 1140 825 1181 ruin.
867 1142 1103 1194 prostravit,
1146 1146 1301 1195 sumptu
1342 1143 1503 1195 proprio
1544 1144 1729 1184 restituit.

123 1222 174 1228 —
207 1201 307 1238 Rom.
338 1200 371 1237 in
404 1202 663 1249 amphitheatro
694 1201 874 1238 Flaviano.
922 1202 1046 1238 Miiller
1076 1203 1157 1239 For.
1189 1203 1335 1239 Roman.
1362 1215 1396 1251 p.
1422 1202 1515 1241 104.
1547 1204 1643 1242 Orel.
1663 1203 1726 1242 14.

120 1260 189 1297 Fea
221 1259 475 1297 Osservazioni
503 1259 582 1297 sull'
615 1272 721 1297 arena
755 1259 837 1296 dell'
868 1260 1084 1297 anfitheatro
1115 1262 1212 1298 Flav.
1244 1274 1278 1310 p.
1312 1260 1379 1298 41.

265 1334 386 1372 1236.
447 1333 489 1383 a)
522 1333 636 1387 Aqua
668 1333 822 1374 Traian.
856 1334 902 1382 Q.
935 1333 1099 1374 Anicius
1123 1333 1168 1382 Q.
1190 1335 1231 1375 F.
1258 1334 1470 1376 Antonian.
1496 1335 1586 1376 Cur.
1610 1335 1725 1377 ther-

119 1403 271 1433 marum
302 1391 569 1433 Varianarum.
606 1417 656 1422 —
689 1390 739 1446 b)
761 1393 801 1433 P.
826 1392 1011 1433 Cornelio
1034 1392 1237 1434 Dolabella
1257 1392 1296 1433 C.
1320 1393 1400 1434 Iun.
1422 1393 1552 1435 Silano
1577 1393 1668 1435 Cos.
1685 1392 1726 1450 ⁶]

119 1451 237 1504 Aqua
266 1449 363 1491 Mar.
378 1447 418 1504 ⁷)
457 1474 506 1478 —
541 1448 588 1505 c]
620 1451 663 1491 L.
696 1450 779 1491 Iun.
825 1451 939 1492 Claro
981 1455 1019 1491 et
1059 1451 1196 1492 Aurcl.
1238 1451 1390 1494 Severo
1422 1451 1512 1493 Cos.
1555 1457 1728 1494 castrum

118 1509 375 1563 praetorium.
408 1509 446 1550 P.
460 1506 504 1563 8)
537 1509 656 1551 LXX.
701 1530 751 1537 —-—
796 1513 929 1550 Romae
971 1512 1005 1549 in
1037 1512 1130 1549 tubis
1170 1513 1344 1561 plumbeis
1378 1514 1423 1550 ad
1455 1525 1569 1562 aquae
1601 1514 1726 1552 ductus

117 1570 389 1619 pcrtinentibus.
437 1571 534 1608 Grut.
568 1583 601 1620 p.
638 1570 731 1609 183.
765 1571 823 1609 ubi
854 1572 974 1620 plures
1007 1571 1096 1609 aliae
1127 1571 1285 1609 eiusdem
1306 1572 1452 1621 generis
1474 1572 1726 1622 inscriptiones

119 1629 296 1667 collectae
327 1629 564 1668 inveniuntur.

116 1805 154 1844 §-
186 1801 221 1838 2.
272 1801 318 1837 In
349 1801 536 1847 aedificiis
563 1800 724 1849 publicis
755 1801 897 1839 Italiae
926 1807 960 1838 et
989 1802 1271 1849 provinciarum
1281 1815 1295 1849 ,-
1324 1802 1424 1839 tituli
1452 1808 1626 1851 respectu
1654 1815 1727 1853 ye-

116 1861 220 1897 neris
252 1860 512 1906 aedificiorum
543 1871 619 1897 non
649 1860 798 1907 habito,-
833 1861 930 1897 tituli
960 1861 1167 1898 secundum
1206 1861 1465 1907 aedificiorum
1492 1862 1726 1910 publicorum

115 1930 261 1968 yenera
292 1919 464 1967 dispositi
492 1920 537 1964 (i.
570 1931 600 1956 e.
627 1920 818 1967 pontium,-
850 1920 1175 1967 aquaeductuum,-
1204 1931 1394 1957 murorum
1415 1922 1726 1958 munimentorum

117 1983 153 2015 et
178 1983 396 2026 portarum,
426 1978 590 2014 locorum
616 1977 849 2026 publicorum
881 1983 916 2015 et
938 1978 1104 2026 plurium
1134 1979 1394 2024 aedificiorum
1422 1980 1728 2026 coniunctorum3

116 2035 384 2084 basilicarum,
424 2036 642 2074 balneorum
682 2042 717 2073 et
756 2037 1008 2084 thermarum,-
1053 2037 1304 2084 theatrorum,
1346 2037 1728 2085 amphitheatrorum3

399 2097 634 2144 porticuum,-
662 2095 876 2133 scholarum
886 2109 898 2143 ,-
929 2095 1190 2142 aedificiorum
1219 2097 1443 2142 variorum).

259 2230 383 2269 1237.
444 2228 491 2277 Q.
532 2228 773 2282 Pomponius
815 2229 860 2277 Q.
892 2228 932 2270 F.
964 2228 1008 2270 L.
1041 2228 1178 2270 Tulius
1210 2227 1295 2270 Ser.
1328 2228 1369 2269 F.
1400 2227 1598 2270 Praitores
1628 2240 1724 2270 aere

114 2284 257 2328 Martio
299 2299 449 2329 emeru.
492 2311 547 2317 —
590 2290 684 2327 Cori.
729 2290 874 2327 Henzen
917 2290 979 2326 Sui
1017 2289 1155 2338 pretori
1194 2302 1216 2327 e
1253 2289 1415 2327 dittatori
1447 2290 1493 2327 de
1524 2289 1725 2338 municipiig

115 2348 242 2386 Annal.
284 2349 368 2386 dell'
406 2349 518 2387 Instit.
557 2349 592 2386 di
633 2348 781 2397 corrisp.
824 2350 920 2386 arch.
967 2348 1050 2386 Vol.
1091 2349 1150 2385 III.
1193 2349 1284 2386 della
1327 2349 1420 2386 serie
1461 2359 1590 2386 nuova.
1621 2349 1721 2386 Rom.

119 2406 241 2445 1846.
272 2420 307 2457 p.
339 2407 434 2445 254.

258 2483 380 2522 1238.
442 2481 676 2530 Quaistores
698 2482 781 2523 aire
804 2481 1030 2522 moltaticod
1053 2480 1270 2523 dederond.
1296 2503 1352 2510 -—
1382 2481 1499 2521 Firmi.
1531 2483 1568 2520 Iu
1591 2481 1723 2520 tabella

115 2554 238 2582 aenea.
269 2543 361 2580 Maff.
391 2543 477 2580 Mus.
508 2543 592 2581 Ver.
623 2556 657 2592 p.
690 2543 787 2580 469.
833 2543 942 2580 More.
974 2543 1040 2591 Op.
1071 2554 1128 2591 ep.
1159 2543 1202 2580 ΙΙ.
1238 2542 1331 2579 134.

258 2618 381 2656 1239.
441 2615 533 2671 Imp.
571 2616 704 2659 Nerva
742 2616 904 2658 Traian.
935 2615 1078 2658 Pontis.
1110 2616 1214 2658 Max.
1246 2614 1323 2668 leg.
1355 2613 1382 2655 l.
1424 2613 1514 2656 Adi.
1545 2613 1625 2670 leg.
1655 2611 1722 2657 XI.

255 2767 292 2812 1)
318 2769 399 2803 Post
423 2767 501 2802 Chr.
527 2769 582 2802 94.
610 2787 651 2792 -—
679 2766 716 2811 2)
744 2768 888 2802 dominis
914 2769 1045 2802 nostris.
1072 2782 1115 2789 —
1140 2764 1178 2808 3)
1204 2765 1362 2800 inlustris.
1392 2783 1434 2789 —
1460 2763 1500 2809 4)
1526 2767 1578 2801 vir
1595 2766 1717 2801 claris-

113 2816 227 2850 simus.
252 2832 296 2838 -—
322 2814 361 2858 5)
386 2816 465 2850 Post
490 2813 567 2849 Chr.
592 2815 672 2849 486.
697 2816 881 2849 secundum
906 2815 1102 2853 Marinium3
1137 2813 1179 2846 ad
1203 2823 1281 2847 ann.
1305 2818 1381 2857 post
1406 2812 1483 2847 Chr.
1509 2813 1588 2848 508.
1613 2814 1719 2848 refert

114 2862 284 2897 Almelov.
329 2862 418 2897 Fast.
453 2861 553 2896 Orell.
587 2861 715 2896 Terrae
748 2869 858 2896 motus
891 2861 1013 2894 accidit
1038 2859 1116 2893 487.
1142 2866 1218 2903 post
1242 2859 1321 2893 chr.
1347 2859 1492 2894 Clinton.
1516 2859 1607 2894 Fasti
1631 2870 1718 2895 rom.

114 2920 147 2952 p.
173 2910 250 2944 700.
275 2910 461 2943 Venantius
486 2909 604 2943 consul
628 2909 691 2943 fuit
714 2920 769 2943 an.
795 2909 861 2943 507
887 2913 920 2941 et
945 2906 1025 2940 508.
1049 2905 1135 2941 Ibid.
1160 2917 1192 2951 p.
1218 2906 1297 2941 722.
1322 2922 1366 2929 —
1392 2904 1431 2949 6)
1457 2912 1534 2951 post
1557 2907 1634 2942 Chr.
1659 2907 1718 2943 10.

117 2973 158 2979 ·-
184 2954 222 2999 7)
249 2967 336 3001 aqua
361 2957 496 2992 Marcia.
532 2974 573 2980 —
606 2953 644 2999 8)
670 2956 786 3000 pedes.
