1877 3313
149 213 234 257 220
590 211 694 246 Inscr.
717 212 891 257 profanae.
943 211 1023 258 Cap.
1051 211 1092 246 Π.
1141 210 1297 245 Tabulae.

148 331 246 360 rom.
278 315 449 429 haHbere
479 317 684 372 possidere
715 318 843 360 fruive
862 317 898 374 ¹)
937 323 1066 370 vetet,
1106 330 1254 371 quasve
1292 317 1332 358 in
1362 316 1475 370 leges
1505 317 1554 370 pl.
1596 329 1645 358 ve
1675 328 1733 359 sc.

145 390 190 417 re
223 389 270 417 ea
301 389 320 416 r
346 389 383 426 e,
415 376 521 429 quod
553 390 604 417 ex
635 377 671 417 h.
702 377 727 417 l.
759 390 897 431 agrum
929 377 1124 430 publicum
1157 389 1194 429 p.
1225 389 1256 416 r.
1288 375 1495 429 possidere
1526 376 1636 425 licet,
1667 376 1732 417 iu-

145 447 236 476 rare
268 439 443 488 oportet,
484 447 561 487 quo
604 436 691 487 quis
731 436 842 476 aliter
873 434 1047 491 habebit]
1090 434 1307 488 possidebit
1337 433 1505 483 fruetur,
1537 446 1652 486 quam
1682 446 1735 474 ex

147 493 183 533 h.
215 493 240 533 l.
272 493 423 543 licebit,
465 506 554 533 eum
592 506 754 548 agrum,
796 507 912 547 quem
947 490 1017 546 [ex
1047 494 1082 534 h.
1114 493 1139 533 l.
1172 493 1318 533 habere
1356 492 1564 545 possidere
1605 490 1735 532 fruive

149 551 343 602 licet,....
375 553 412 591 in
446 564 512 592 eas
543 551 654 605 leges
685 553 865 605 plebeive
896 566 951 593 sc.
982 552 1052 593 sed
1085 551 1223 592 fraude
1255 564 1325 592 sua
1356 552 1420 590 nei
1451 552 1590 600 iurato,
1620 550 1736 591 neive

145 610 412 662 magistratum
438 608 578 665 q]ue1n
612 611 736 651 minus
768 615 906 663 petere
929 623 1070 663 capere
1086 622 1230 663 gerere
1251 610 1437 662 habereq.
1470 609 1598 657 liceto,
1620 608 1735 648 neive

151 665 267 722 q[uid
300 668 350 708 ob
383 681 467 708 eam
499 680 606 719 rem,
646 669 748 721 quod
787 670 824 709 in
857 682 924 710 eas
956 670 1067 721 leges
1100 681 1176 709 non
1208 669 1420 708 iouraverit
1452 666 1546 707 dare
1578 666 1736 707 damnas

148 732 261 777 esto,
294 724 351 781 et]
387 727 420 766 si
452 739 553 778 quae
584 726 650 767 lex
680 727 858 780 plebeive
891 740 945 768 sc.
978 732 1038 767 est
1070 740 1170 779 quae
1203 724 1379 780 mag.²),
1412 737 1528 778 quem
1561 738 1612 765 ex
1644 725 1679 764 h.
1711 724 1736 765 l.

156 781 312 838 [petere
344 797 486 838 capere
518 797 662 839 gerere
694 786 917 838 habereque
940 786 1043 834 licet,
1076 790 1212 838 petere
1233 798 1377 838 capere
1395 796 1541 838 gerere
1564 783 1737 824 habere-

151 855 227 895 que
259 846 386 893 vetet,
419 855 505 882 eum
539 844 803 895 magistratum
837 845 900 883 nei
932 845 1058 883 minus
1090 850 1227 896 petere
1259 855 1402 896 capere
1434 854 1580 896 gerere
1612 841 1738 882 habe-

149 913 275 953 reque
306 901 436 942 liceto.
500 901 692 953 Quodque
723 902 924 942 consulem
957 907 1179 954 praetorem
1212 913 1420 941 censorem
1443 913 1567 952 prove
1598 912 1654 952 pr.
1687 913 1739 940 ex

147 959 183 1000 h.
217 960 238 1000 1.
271 958 404 999 facere
436 959 652 1000 decernere
693 965 849 1012 oportet
880 960 1149 1013 oportebitve,
1191 961 1227 999 id
1259 958 1314 1014 ei]
1347 955 1458 1014 se[d]
1495 959 1636 998 fraude
1667 970 1739 999 sua

148 1017 286 1059 facere
317 1017 434 1059 liceto
464 1018 582 1070 inque
613 1030 680 1058 eas
710 1018 822 1072 leges
854 1018 902 1070 pl.
935 1031 990 1058 sc.
1025 1019 1073 1057 de
1105 1030 1151 1058 ea
1182 1030 1240 1065 re,
1272 1017 1378 1069 quod
1410 1030 1461 1057 ex
1495 1013 1549 1069 [h.
1583 1015 1606 1056 l.
1638 1029 1741 1057 con-

151 1077 277 1117 sulum
309 1081 531 1130 praetorem
574 1088 781 1116 censorem
823 1088 948 1129 prove
989 1089 1047 1128 pr.
1081 1074 1232 1130 facere]
1266 1076 1485 1116 decernere
1526 1076 1739 1128 oportebit,

147 1133 218 1175 sed
250 1134 387 1175 fraude
418 1147 487 1175 sua
520 1135 583 1175 nei
614 1136 787 1185 iourato,
820 1135 934 1174 neive
967 1131 1083 1188 [quid
1115 1135 1164 1175 ob
1197 1146 1281 1174 eam
1314 1145 1397 1174 rem
1429 1133 1532 1186 quod
1564 1146 1615 1174 ex
1646 1133 1682 1174 h.
1713 1133 1738 1175 Ι.

142 1191 290 1234 fecerit
320 1191 554 1244 decreverit,
587 1193 680 1233 dare
712 1192 872 1234 damnas
905 1198 1081 1233 esto....

583 1269 705 1309 Pars
737 1268 984 1309 secunda.
1016 1290 1071 1296 —-
1103 1266 1294 1308 Africa.

815 1344 935 1397 Caput
967 1343 1067 1384 XIX.

284 1420 407 1468 Quem
440 1433 575 1474 agrum
606 1421 737 1461 locum
769 1419 817 1460 de
850 1432 898 1460 eo
931 1433 1028 1474 agro
1061 1420 1163 1471 loco,
1197 1421 1288 1473 quei
1321 1432 1418 1474 ager
1451 1420 1561 1461 loeus
1594 1421 1631 1460 in
1664 1418 1741 1460 Af-

145 1478 227 1519 rica
261 1483 334 1529 est,
366 1480 455 1531 quei
486 1479 665 1531 pubiicus
697 1492 732 1532 p.
765 1491 795 1518 r.
828 1477 954 1518 factus
988 1483 1059 1528 est,
1092 1478 1137 1518 111
1156 1480 1234 1529 vir,
1268 1482 1357 1531 quei
1390 1492 1441 1519 ex
1472 1479 1564 1533 lege
1597 1478 1742 1520 Rubria

145 1534 293 1592 fact]us
325 1542 408 1588 est,
449 1538 553 1577 dedit
585 1537 873 1590 adsignavitve,
918 1549 1085 1589 quemve
1127 1550 1262 1591 agrum
1306 1537 1354 1577 de
1398 1550 1446 1578 eo
1480 1549 1578 1591 agro
1609 1533 1738 1590 1'0[co,

152 1691 284 1728 habere
314 1691 500 1739 possidere
534 1692 646 1728 fruive
679 1696 789 1737 vetet,
822 1704 953 1739 quasve
985 1693 1017 1728 in
1050 1693 1149 1739 leges
1181 1692 1323 1740 plebive
1345 1693 1431 1728 scita
1455 1692 1499 1728 de
1520 1704 1561 1728 ea
1584 1703 1622 1728 re
1644 1692 1740 1739 quod

151 1761 197 1786 ex
229 1750 296 1786 hac
328 1751 410 1796 lege
440 1762 562 1796 agrum
593 1750 771 1798 publicum
802 1751 925 1798 popuii
956 1752 1089 1787 romani
1121 1751 1311 1799 possidere
1343 1751 1438 1796 licet,
1469 1751 1586 1786 iurare
1617 1761 1739 1799 opor-

152 1812 216 1854 tet,
248 1819 318 1855 quo
351 1808 424 1855 quis
457 1809 556 1844 aliter
590 1809 744 1856 habebit,
775 1809 983 1857 possidebit,
1015 1810 1162 1855 fruetur,
1194 1821 1295 1857 quam
1318 1821 1363 1846 ex
1396 1810 1461 1845 hac
1491 1810 1574 1855 lege
1606 1809 1740 1855 licebit,

151 1879 230 1903 eum
262 1878 399 1912 agrum,
431 1879 532 1914 quem
565 1879 610 1902 ex
644 1868 709 1903 hac
740 1868 823 1912 lege
856 1868 989 1903 habere
1022 1869 1206 1915 possidere
1239 1869 1351 1905 truive
1374 1868 1477 1913 licet,
1500 1895 1740 1905 ............

153 1925 185 1961 in
219 1936 279 1961 eas
311 1926 410 1971 leges
442 1926 583 1973 piebive
615 1926 701 1962 scita
733 1925 807 1961 sine
848 1926 973 1961 fraude
1005 1938 1047 1962 ne
1078 1927 1192 1963 iurato
1235 1939 1325 1963 neve
1364 1926 1605 1972 magistratum
1637 1937 1741 1974 quern

156 1984 268 2020 minus
299 1988 425 2031 petere
458 1996 585 2031 capere
617 1995 747 2030 gerere
786 1984 988 2031 habereque
1030 1985 1159 2031 liceto,
1202 1997 1292 2021 neve
1335 1985 1416 2032 quid
1458 1986 1504 2021 ob
1546 1997 1623 2021 eam
1654 1996 1741 2030 rem,

159 2043 254 2090 quod
287 2042 320 2078 in
353 2055 411 2078 eas
443 2043 543 2088 leges
576 2054 645 2078 non
677 2043 856 2088 iuraverit,
889 2043 973 2078 dare
1006 2043 1147 2079 damnas
1180 2049 1258 2080 esto
1290 2049 1325 2080 et
1356 2044 1475 2091 siquae
1509 2044 1568 2079 lex
1598 2043 1740 2091 piebive

154 2102 275 2137 scitum
307 2105 381 2146 est,
425 2113 513 2147 quae
552 2101 792 2146 magistratum
835 2112 936 2148 quem
978 2113 1022 2137 ex
1064 2103 1129 2137 liae
1161 2103 1243 2147 lege
1286 2107 1410 2150 petere
1449 2113 1580 2150 capere
1611 2113 1742 2147 gerere

156 2160 360 2206 habereque
392 2164 513 2203 vetet,
547 2171 623 2194 eum
657 2159 894 2205 magistratum
929 2171 970 2194 ne
1004 2160 1113 2195 minus
1146 2165 1270 2207 petere
1303 2172 1432 2207 capere
1463 2172 1592 2206 gerere
1626 2161 1741 2196 habe-

156 2229 266 2264 reque
299 2218 416 2254 liceto.
468 2218 641 2264 Quodque
674 2218 853 2254 consulem
884 2222 1087 2264 praetorem
1125 2229 1307 2253 censorem
1348 2229 1462 2265 prove
1494 2223 1662 2265 praetore
1695 2229 1742 2254 ex

156 2277 221 2312 hac
253 2276 334 2322 lege
367 2276 485 2312 facere
518 2276 714 2312 decernere
746 2280 890 2323 oportet
921 2276 1161 2323 oportebitve,
1199 2276 1232 2311 id
1265 2276 1295 2311 ei
1327 2276 1400 2311 sine
1434 2277 1556 2312 fraude
1589 2288 1649 2312 sua
1681 2276 1741 2312 fa-

157 2346 238 2371 cere
271 2335 377 2371 liceto
417 2335 520 2380 inque
553 2346 613 2370 eas
655 2335 754 2380 leges
795 2334 936 2381 plebive
978 2335 1063 2370 scita
1098 2335 1140 2370 de
1173 2346 1214 2370 ea
1246 2345 1307 2379 re,
1350 2335 1444 2381 quod
1477 2346 1522 2370 ex
1555 2336 1618 2372 hac
1660 2335 1741 2381 lege

158 2394 338 2430 consutem
370 2397 572 2440 praetorem
605 2404 789 2429 censorem
820 2403 933 2440 prove
963 2397 1132 2440 praetore
1167 2393 1288 2428 facere
1320 2393 1515 2429 decernere
1547 2393 1741 2441 oportebit,

155 2451 232 2488 sine
266 2452 390 2487 fraude
423 2462 483 2486 sua
515 2462 558 2486 ne
592 2451 720 2496 iurato,
752 2462 843 2487 neve
875 2450 957 2498 quid
989 2452 1035 2486 ob
1068 2462 1145 2487 earn
1176 2462 1250 2486 rem
1282 2452 1377 2498 quod
1410 2463 1454 2488 ex
1486 2452 1552 2488 hac
1578 2452 1661 2498 iege
1682 2451 1740 2488 se—

159 2510 271 2557 cerit,
303 2511 527 2554 decreverit,
559 2509 644 2546 dare
676 2510 818 2546 damnas
850 2513 927 2546 esto
940 2536 1217 2546 ..............

649 2580 758 2616 Pars
790 2579 1024 2616 secunda:
1057 2579 1245 2615 Africa.

832 2650 945 2698 Caput
971 2649 1060 2686 XIX.

293 2721 402 2764 Quem
434 2731 556 2766 agrum
588 2720 704 2756 locum
737 2721 781 2757 de
817 2732 861 2757 eo
895 2731 984 2767 agro
1016 2720 1112 2764 loco,
1145 2720 1200 2766 qui
1232 2731 1319 2766 ager
1350 2721 1448 2756 iocus
1478 2719 1512 2755 in
1534 2718 1652 2755 Africa
1673 2722 1739 2764 est,

157 2778 214 2825 qui
245 2780 401 2827 publicus
433 2779 553 2826 popuii
586 2779 718 2816 romani
751 2780 865 2815 factus
901 2783 967 2823 est,
1000 2778 1168 2824 triumvir,
1201 2778 1257 2825 qui
1290 2790 1333 2814 ex
1366 2778 1449 2825 lege
1479 2777 1606 2813 Rubria
1629 2777 1740 2813 factus

158 2841 228 2882 est,
261 2838 356 2874 dedit
387 2836 652 2883 adsignavitve,
685 2850 834 2885 quemve
868 2849 991 2884 agrum
1023 2837 1067 2873 de
1098 2847 1142 2873 eo
1175 2848 1263 2883 agro
1296 2838 1402 2882 loco,
1433 2836 1490 2883 qui
1523 2847 1610 2882 ager
1641 2835 1739 2872 locus

296 2996 332 3041 1)
358 2999 424 3034 tab.
447 3000 545 3042 fruie.
572 3015 612 3021 -
638 2997 676 3041 2]
704 2999 768 3033 tab.
794 2999 957 3033 mendose
982 3009 1061 3032 mas.
1086 3007 1147 3042 pro
1172 3008 1253 3041 may.
1279 2994 1316 3039 (i.
1342 3008 1370 3031 e.
1397 2993 1654 3041 magistratum).
