1877 3313
147 177 206 220 80
524 173 626 208 Inser.
650 182 778 207 sacrae.
827 170 908 217 Cap.
933 172 988 207 111.
1038 172 1135 206 Tituli
1159 171 1378 216 sepulcrales,

289 284 382 321 621.
443 280 487 320 D.
528 279 578 320 M.
621 277 827 331 Tongiliae
868 278 1026 319 Tertiae
1066 278 1195 331 coiugi
1237 276 1530 330 incomparabili
1572 280 1612 317 et
1641 278 1742 330 piae,

150 352 251 393 quae
282 341 376 380 vixit
405 350 555 379 meeum
587 348 675 376 ann.
708 335 754 376 llI
786 337 835 377 Μ.
867 336 944 376 Vll.
977 337 1022 377 D.
1055 336 1152 377 XIII.
1181 336 1283 376 bene
1305 336 1470 376 merenti
1494 333 1632 375 dolens
1654 334 1745 375 ani-

150 411 226 448 mo3
257 398 380 438 libens
411 397 486 436 feei
518 395 662 437 Sextus
694 394 892 435 Trutieius
924 394 1167 436 Amianthus.
1201 417 1256 422 —
1286 397 1425 433 Fabret.
1449 408 1482 444 p.
1510 395 1601 432 152.
1642 396 1744 432 Mor-

151 459 216 496 cel.
248 459 312 507 Op.
345 470 399 506 ep.
430 458 470 493 ll.
506 455 596 492 102.

292 533 383 570 622.
444 527 622 569 Valeriae
647 527 825 569 Donatae
851 529 967 569 uxori
990 528 1216 569 carissimae
1237 527 1333 568 feeit
1354 528 1410 568 Ti.
1435 526 1619 567 Claudius
1639 525 1744 579 Aug.

149 590 230 632 Lib.
262 587 516 643 Lysimachus
550 587 676 627 viator
707 586 898 627 sodalium
930 587 1200 641 Augustalium
1230 591 1268 626 et
1291 586 1365 626 sibi
1386 586 1640 638 posterisque
1662 585 1744 625 suis

149 653 189 689 et
218 648 367 689 libertis
399 651 436 686 et
466 644 679 685 libertabus
711 646 960 698 posterisque
993 658 1142 686 eorum.
1175 668 1229 672 —
1269 647 1410 683 Tibure.
1447 645 1622 693 Borghesi
1653 645 1746 694 apud

148 710 337 746 Mommsen
371 708 420 743 De
454 706 684 755 apparitorib.
717 706 750 742 in
784 706 903 743 Rhein.
935 707 1020 742 Mus.
1053 707 1085 743 d.
1117 706 1243 743 Philol.
1278 704 1399 743 1847.
1431 705 1456 741 Ι.
1486 717 1520 753 p.
1553 703 1618 741 26.

291 784 382 820 623.
442 779 596 820 Valeria
627 779 783 830 Hilaria,
816 780 947 820 nutrix
979 779 1166 820 Octaviae
1196 779 1377 819 Caesaris
1401 778 1571 831 Augusti
1594 777 1656 818 hic
1675 789 1746 817 re-

151 841 313 894 quiescit
355 851 440 879 cum
484 838 539 878 Ti.
585 837 743 878 Claudio
785 837 952 890 Fructo‚
992 838 1077 878 viro
1109 850 1182 879 suo
1227 837 1439 878 carissimo.
1472 837 1529 877 Ti.
1563 835 1748 876 Claudius

148 900 297 940 Primus
331 902 369 994 εἰ
409 897 465 937 Τί.
509 895 691 937 Claudius
732 896 1077 937 benemerentibus
1117 895 1309 936 fecerunt.
1352 918 1406 924 -—
1448 897 1534 934 Mur.
1574 896 1677 944 918,
1709 896 1747 933 4.

150 960 257 997 Orell.
290 959 340 994 65
378 987 386 995 .

288 1034 381 1070 624.
442 1031 486 1071 D.
519 1030 569 1071 M.
603 1030 781 1071 Valeriae
823 1029 1081 1071 Bereeundae
1124 1026 1394 1082 iatronieae¹)
1426 1028 1610 1083 'regionis
1647 1040 1746 1070 suae

147 1091 293 1145 primae
325 1089 480 1131 Valeria
511 1088 645 1130 Vitalis
676 1088 763 1129 filia.
800 1112 848 1116 -
883 1091 1024 1127 Romae.
1057 1090 1152 1126 Grut.
1189 1089 1309 1126 1110.
1356 1090 1450 1126 Oret.
1483 1089 1607 1127 4232.

288 1168 381 1205 625.
441 1165 537 1205 Heio
569 1169 660 1205 sunt
691 1177 783 1205 ossa
806 1165 946 1205 Variae
978 1164 1172 1205 Gliceriae
1197 1162 1366 1204 feminae
1389 1164 1620 1204 sanctissim.
1642 1162 1748 1218 frugi

148 1226 247 1280 piae.
281 1247 336 1253 -
367 1227 511 1264 Romae.
541 1226 682 1263 Fabret.
714 1238 748 1274 p.
781 1225 876 1262 255.

289 1304 382 1339 626.
444 1301 648 1340 Venerosa
688 1311 789 1351 quae
831 1298 928 1338 vixit
967 1309 1091 1338 annos
1132 1297 1256 1338 XXX.
1288 1302 1327 1338 et
1368 1298 1614 1338 mensib....
1658 1310 1748 1339 cum

148 1360 286 1401 marito
327 1359 419 1399 fecit
459 1370 585 1398 annos
623 1357 718 1398 Xlll.
761 1356 811 1397 M.
855 1357 899 1396 V.
943 1361 981 1396 et
1022 1356 1069 1396 D.
1112 1355 1278 1396 XXVIII.
1324 1379 1372 1385 —
1419 1359 1563 1396 Romae.
1606 1359 1746 1396 Fabret.

148 1433 182 1470 p.
214 1420 310 1458 273.

285 1496 378 1532 627.
441 1492 568 1540 Quieti
608 1496 795 1532 aeternae
835 1490 1031 1544 Vergiliae
1063 1489 1300 1531 Heliodorae
1337 1490 1506 1531 feminae
1536 1491 1746 1543 incompa-

146 1551 258 1593 rabili
289 1551 428 1592 Aetius
463 1550 682 1590 Licinianus
714 1549 873 1603 coniugi
905 1562 1001 1601 erga
1032 1561 1076 1589 se
1110 1550 1215 1589 omni
1247 1548 1408 1589 karitate
1449 1549 1552 1589 bene
1583 1561 1747 1589 meren-

149 1611 322 1652 tissimae
352 1609 485 1663 posuit
517 1613 556 1649 et
587 1610 624 1651 S.
642 1606 682 1663 2)
716 1630 770 1636 ——
802 1610 839 1646 In
873 1610 1011 1646 abbatia
1046 1610 1165 1646 Bonae
1199 1610 1305 1647 Vallis
1328 1610 1514 1647 Helvetiae
1535 1610 1632 1647 Grut.
1651 1609 1745 1647 839.

150 1672 187 1709 3.
233 1672 328 1708 Orel.
361 1669 485 1706 4631.

289 1747 382 1783 628.
444 1744 486 1783 D.
519 1743 571 1783 M.
603 1741 789 1783 Auridiae
821 1742 1017 1783 Victoriae
1050 1740 1143 1782 feeit
1174 1741 1212 1781 P.
1238 1741 1424 1782 Veturius
1447 1740 1635 1783 Martialis
1658 1753 1746 1783 cum

154 1816 230 1856 qua
261 1804 339 1844 vix.
372 1803 483 1843 fumis
514 1801 634 1842 XXV.
659 1801 824 1841 mensib.
855 1799 904 1840 X.
938 1800 1039 1840 dieb.
1072 1800 1154 1840 XV.
1187 1799 1292 1840 horis
1325 1800 1399 1840 Vll.
1431 1800 1468 1841 S.
1502 1800 1547 1841 O.
1571 1800 1615 1841 V.
1631 1797 1745 1855 ³]—

153 1864 248 1901 Pisis.
278 1864 418 1900 Fabret.
449 1875 482 1911 p.
519 1861 609 1898 186.

289 1939 382 1975 629.
442 1936 525 1977 Hoc
563 1935 789 1989 sepulcrum
829 1934 1083 1988 frequentent
1123 1947 1145 1974 a
1187 1946 1249 1974 me
1291 1935 1358 1987 qui
1398 1935 1476 1975 sint
1514 1934 1626 1975 liberi
1656 1947 1746 1974 cum

149 1992 414 2049 umversos4)
447 2006 547 2048 quos
578 1995 794 2046 relinquam
825 1993 888 2033 vel
920 1993 1132 2032 manumitti
1161 1993 1301 2043 volam,
1333 1998 1371 2033 at
1395 1997 1594 2045 postrema
1616 1997 1746 2046 pateat

149 2054 257 2106 ipsis,
289 2054 435 2106 quique
467 2066 518 2093 ex
549 2053 580 2092 is
613 2052 880 2106 provenerint.
913 2051 1071 2092 Volusia
1103 2051 1150 2098 Q.
1182 2051 1223 2091 F.
1257 2051 1321 2091 Pia
1352 2051 1477 2092 Annia
1507 2047 1742 2104 A....na⁵)

149 2112 208 2153 sic
239 2111 431 2161 mandavi,
462 2112 519 2152 sic
550 2110 625 2151 fiat.
688 2110 755 2151 Dis
786 2109 964 2150 Manibus
996 2122 1162 2150 sacrum.
1197 2133 1251 2139 -—
1290 2113 1406 2160 Prope
1433 2112 1546 2150 Baias.
1578 2112 1744 2150 Avellino

150 2173 272 2210 Bullet.
304 2173 428 2221 Napol.
466 2171 585 2209 1843.
617 2184 651 2220 p.
684 2171 748 2208 83.
781 2171 861 2208 coll.
897 2169 1017 2206 1845.
1050 2171 1087 2206 N.
1120 2169 1238 2207 XLIII.
1271 2182 1303 2219 p.
1332 2171 1397 2207 63.

772 2266 1115 2301 Libert-inarum.

289 2341 382 2378 630.
443 2337 667 2379 Anlalcides
699 2338 968 2393 Augustorum
1009 2337 1172 2377 libertus
1215 2336 1352 2377 Aeliae
1394 2337 1555 2391 coniugi
1586 2341 1625 2377 et
1655 2336 1742 2387 sibi,

147 2398 199 2438 ita
231 2402 271 2438 ut
301 2401 391 2451 post
421 2402 585 2438 mortem
618 2410 742 2437 meam
775 2397 966 2450 pertineat
997 2396 1072 2435 hoc
1102 2394 1326 2448 sepulcrum
1367 2394 1414 2435 ad
1447 2395 1742 2448 possessionem

150 2456 359 2496 fundorum
391 2455 575 2496 Naeviani
609 2460 648 2495 et
681 2455 939 2509 Calpurniani.
970 2477 1027 2483 —-
1057 2456 1095 2493 In
1128 2467 1218 2503 agro
1249 2456 1457 2493 Tusculano.
1499 2456 1642 2494 Morcel.
1675 2455 1741 2504 Op.

152 2529 206 2565 ep.
237 2517 278 2554 II.
315 2516 406 2553 103.

290 2591 384 2630 631.
442 2588 619 2630 Aufidiae
642 2589 682 2630 C.
713 2589 754 2630 L.
789 2590 1000 2630 Venustae.
1030 2565 1211 2629 Viatores
1233 2587 1384 2628 salvete
1405 2591 1444 2628 et
1469 2587 1572 2629 bene
1599 2586 1740 2628 valete.

150 2670 204 2677 —
235 2652 336 2688 Fabr.
366 2663 401 2699 p.
436 2650 529 2687 705.
575 2651 719 2688 Morcel.
752 2651 817 2700 Op.
849 2662 907 2699 ep.
937 2650 978 2686 11.
1015 2648 1107 2685 104.

291 2809 325 2852 1]
350 2811 505 2845 Editores
531 2811 649 2845 indicis
676 2810 861 2846 Gruteriani
886 2813 972 2846 inter
997 2810 1195 2854 cognomina
1213 2810 1397 2843 retulerunt
1414 2809 1614 2849 Iaeromeae;
1639 2807 1739 2843 Orel-

155 2857 217 2890 lius
243 2859 361 2901 accipit
386 2858 643 2902 appellationem
671 2859 906 2902 professionis:
932 2855 1100 2905 ἱατρόμαια
1124 2867 1210 2901 quae
1235 2857 1410 2890 mulierum
1436 2857 1560 2890 morbis
1584 2857 1739 2890 medetur

152 2903 316 2948 simulque
341 2903 581 2939 obstetricatur.
608 2922 649 2928 -
684 2903 722 2947 2)
747 2907 908 2947 sacravit3
933 2905 1005 2938 vel:
1030 2905 1107 2937 suis.
1138 2921 1178 2926 —
1212 2900 1249 2945 3)
1275 2905 1349 2938 sine
1373 2903 1500 2937 offensa
1526 2902 1604 2937 ulla.
1630 2921 1671 2927 —
1697 2903 1738 2946 4)

155 2960 221 2994 pro
243 2951 415 2986 universis.
441 2969 481 2975 —
507 2949 546 2995 4)
572 2956 725 2998 quartum
749 2952 907 2988 Volusiae
929 2961 1053 2986 nomen
1077 2950 1298 2986 obliteratum.
