1877 3313
525 775 982 830 INSCRIPTIONES
1018 772 1280 827 SACRAE.

776 1016 960 1082 Caput
996 1015 1035 1064 I.

186 1159 323 1193 TlTULl
348 1159 392 1195 IN
419 1157 608 1194 AEDIBUS
635 1156 851 1200 LOCISQUE
877 1157 1053 1199 SACRIS,
1079 1155 1199 1198 ARIS.
1226 1153 1382 1196 SIGNIS‚
1408 1150 1631 1188 DONARIIS.

445 1404 482 1442 §2
513 1398 542 1436 1.
602 1398 769 1435 Deorum
799 1398 1059 1435 duodenorum
1092 1396 1376 1444 Olympicoram.

245 1516 279 1554 1.
339 1514 365 1555 Ι.
398 1514 445 1556 Ο.
480 1515 531 1555 Μ.
563 1514 805 1556 Novellanus
842 1513 1137 1556 Pandarusex
1165 1513 1210 1553 V.
1239 1523 1313 1565 pro
1345 1522 1391 1552 se
1433 1513 1474 1550 et
1511 1507 1594 1551 suis
1625 1519 1717 1551 om-

102 1574 215 1616 nibus
247 1587 328 1616 ara.
361 1574 437 1615 deo
471 1573 616 1615 donum
648 1574 687 1615 P.
706 1572 742 1629 ¹)
776 1596 832 1602 -—
863 1577 1034 1613 Barzano.
1067 1574 1162 1611 Orel.
1199 1573 1323 1610 1217.

241 1654 279 1691 2.
338 1650 366 1691 Ι.
401 1651 447 1692 Ο.
479 1651 531 1692 Μ.
565 1674 620 1680 -—
650 1654 689 1690 In
723 1665 794 1690 ara.
825 1654 956 1690 Lersch
990 1652 1224 1690 centralmus.
1255 1651 1284 1697 Ι,
1316 1649 1354 1687 2.

241 1731 278 1768 3.
339 1727 366 1768 I.
396 1728 441 1769 Ο.
469 1728 521 1769 Μ.
554 1728 717 1769 Martius
748 1728 887 1768 Victor
913 1727 988 1781 sig.
1016 1726 1095 1780 leg.
1120 1725 1234 1766 XXX
1261 1724 1305 1765 V.
1338 1724 1385 1765 V.
1401 1720 1442 1779 ²)
1475 1722 1719 1766 Seven-ianae

100 1786 328 1828 Alexandri.
359 1787 400 1828 P.
432 1787 473 1828 F.
489 1784 530 1841 3)
573 1787 617 1828 V.
649 1786 687 1828 S.
721 1786 763 1827 L.
796 1787 848 1828 M.
863 1784 906 1841 ⁴)
946 1784 1135 1840 Agricola
1177 1789 1216 1825 et
1259 1784 1528 1825 Clementiano
1569 1781 1661 1825 Cos.
1677 1779 1718 1838 ⁵)

102 1869 158 1876 —-
190 1850 307 1898 Prope
339 1848 493 1887 Xanten.
524 1850 647 1886 Murat.
680 1862 714 1898 p.
749 1849 845 1886 375.
885 1848 1029 1886 Fiedler
1060 1859 1094 1896 p.
1126 1845 1224 1885 216.
1264 1845 1361 1884 Orel.
1388 1858 1423 1894 p.
1451 1845 1576 1882 3394.
1618 1844 1719 1882 Stei-

101 1920 167 1946 ner
197 1921 231 1958 p.
266 1908 361 1946 667.
402 1909 533 1946 Lersch
566 1910 603 1945 C.
637 1909 680 1946 M.
711 1909 758 1954 11,
792 1908 828 1946 3.

241 1986 280 2022 4.
339 1983 401 2024 Ex
430 1983 541 2024 iussu
572 1982 597 2023 I.
631 1983 678 2024 O.
711 1983 762 2024 M.
795 1979 898 2036 11⁶)
960 1982 1002 2022 L.
1044 1980 1202 2021 Tertius
1241 1978 1409 2020 Hermes
1447 1991 1533 2020 cum
1574 1976 1719 2032 coiuge

102 2054 175 2083 sua
196 2047 236 2083 et
260 2041 334 2082 filis
362 2047 400 2082 et
428 2042 608 2084 omnibus
635 2042 716 2082 suis
742 2041 970 2082 cantharum
1006 2053 1096 2081 cum
1118 2035 1269 2093 vase7)
1301 2050 1373 2079 sna
1395 2041 1630 2092 posuerunt.
1661 2058 1720 2068 —

101 2103 142 2140 In
177 2105 292 2141 latere
329 2103 488 2141 eiusdem
515 2103 628 2140 basis:
661 2100 740 2141 Sub
773 2100 909 2142 Scriba
922 2097 965 2154 ⁸]
994 2099 1158 2140 Fonteio
1189 2096 1382 2152 Eutycho.
1415 2120 1471 2127 -
1503 2098 1720 2138 Florentiae.

103 2163 228 2201 Gorius
260 2164 333 2200 Etr.
364 2163 390 2200 I.
422 2176 456 2211 p.
492 2161 586 2209 105,
620 2163 685 2199 84.
748 2162 843 2199 Orel.
875 2161 1001 2198 2504.

244 2241 279 2276 5.
339 2237 382 2277 L.
410 2236 556 2278 Accius
583 2236 793 2277 Terentius
818 2235 956 2276 aedem
979 2235 1086 2286 fecit,
1111 2234 1255 2274 Jovem
1281 2245 1548 2275 marmoreum
1571 2231 1721 2287 posuit,

101 2300 236 2337 votum
267 2296 396 2337 animo
429 2296 472 2335 L.
506 2296 544 2338 S.
578 2295 619 2336 L.
653 2295 833 2336 Lolliano
865 2295 984 2336 Avito
1018 2294 1108 2336 Cos.
1142 2315 1198 2321 —
1239 2295 1355 2332 Pietra
1386 2296 1482 2332 Mara
1514 2295 1549 2333 in
1580 2294 1718 2332 Marsis.

101 2358 226 2395 Murat.
263 2357 387 2404 1987,
422 2358 443 2393 5
478 2362 682 2406 corruptam
705 2357 977 2405 inscriptionem
1000 2355 1159 2400 exhibet,
1192 2355 1416 2392 emendatam
1440 2354 1661 2403 Borghesius
1684 2353 1720 2390 in

100 2417 245 2454 Lettera
278 2418 308 2453 al
335 2416 424 2463 sign.
454 2416 637 2453 Minervini
663 2417 807 2452 intorno
836 2428 854 2452 a
882 2415 1059 2453 consolati
1087 2413 1121 2450 di
1150 2413 1219 2450 due
1243 2413 1352 2452 Aviti.
1393 2413 1562 2452 Avellino
1593 2413 1719 2450 Bullet.

101 2476 227 2525 Napol.
263 2475 384 2512 1845.
416 2476 568 2512 XLVIII.
599 2488 632 2524 p.
666 2475 732 2511 99.

221 2553 256 2589 6.
318 2549 358 2590 In
386 2549 429 2590 H.
458 2550 504 2590 D.
530 2549 575 2589 D.
591 2545 632 2604 ⁹)
664 2549 691 2590 I.
720 2548 765 2589 Ο.
798 2549 849 2590 Μ.
877 2547 1072 2589 Iuvenalis
1098 2545 1300 2588 Macrinus
1325 2547 1424 2588 vica.
1452 2546 1589 2590 Senot.
1626 2557 1718 2588 ma-

105 2621 185 2649 cer.
218 2608 264 2649 D.
297 2608 336 2651 S.
368 2609 414 2649 D.
435 2605 491 2661 ¹⁰)
534 2632 589 2638 —
630 2611 669 2647 In
700 2622 799 2659 pago
832 2609 1103 2656 Wilserdingen
1134 2619 1252 2658 prope
1282 2608 1484 2646 Pforzheim
1515 2608 1552 2646 in
1582 2619 1718 2657 magno

104 2670 233 2707 ducatu
264 2670 416 2708 Badens.
478 2671 597 2717 Mune,
627 2669 889 2717 Urgeschichte
921 2680 993 2705 von
1024 2668 1146 2706 Baden
1177 2668 1221 2706 ΙΙ.
1257 2667 1350 2706 152.

245 2832 281 2876 1)
306 2832 382 2867 Jovi
408 2834 533 2877 optimo
559 2834 705 2866 maximo
803 2841 844 2867 ex
869 2837 951 2865 voto
1049 2832 1162 2876 posuit
1262 2846 1308 2853 --
1340 2828 1380 2873 2)
1405 2829 1547 2875 signifer
1571 2829 1716 2875 legionis

103 2879 197 2914 XXX
221 2880 340 2925 Ulpiae
366 2880 531 2914 victricis.
554 2890 598 2901 ·—
625 2880 664 2922 3)
689 2881 767 2924 piae
793 2879 910 2913 felicis.
938 2897 978 2901 —
1005 2877 1045 2921 4)
1064 2885 1182 2913 votum
1201 2878 1304 2912 solvit
1320 2877 1428 2911 libens
1445 2879 1577 2912 merito.
1605 2895 1646 2900 —
1675 2874 1715 2920 5)

103 2933 181 2969 post
198 2926 277 2961 Chr.
295 2927 375 2962 230.
408 2943 453 2951 —-
487 2925 525 2970 6)
545 2927 744 2961 dedicatum.
773 2944 815 2949 —
843 2924 880 2968 7)
906 2925 1002 2960 base.
1025 2942 1070 2948 —
1094 2923 1134 2969 8)
1159 2925 1277 2969 templi
1301 2929 1392 2969 puta.
1419 2922 1508 2960 Orel.
1541 2941 1586 2948 —
1611 2922 1650 2967 9)
1676 2923 1715 2959 In

104 2972 269 3009 honorem
296 2974 416 3008 domus
441 2974 588 3010 divinae.
612 2990 657 2999 -
682 2972 745 3017 10)
770 2974 910 3009 vicanus
934 2972 1133 3009 Senotensis
1157 2973 1340 3009 maceriam
1365 2971 1408 3007 de
1431 2982 1494 3008 suo
1521 2971 1666 3007 dedicat.

162 3031 243 3064 Zell,
262 3032 384 3066 inscriptt.
403 3032 520 3060 delectus.
1475 3029 1500 3074 1
