1928 3319
241 158 324 204 182
390 158 537 195 Zweites
563 156 676 193 Buch:
723 158 798 194 Von
825 159 892 196 den
915 159 1092 196 einzelnen
1116 157 1254 194 Classen
1278 158 1340 194 der
1363 161 1447 194 rom.
1471 157 1684 196 Inschriften.

237 268 338 308 tract
367 262 460 320 (lex
489 263 641 318 praedii
671 263 892 321 vendendi]
937 266 1011 307 den
1044 265 1173 307 freien
1203 266 1367 321 Zugang
1388 266 1686 319 -vorbehalten‚
1726 273 1837 310 sonst

237 324 344 366 hatte
374 334 421 364 er
450 322 545 365 kein
575 323 701 365 Recht
729 325 855 377 mehr,
883 337 933 366 zu
963 324 1052 366 dem
1082 325 1312 378 sepulcrum
1333 338 1385 368 zu
1405 325 1614 380 gelangen.
1630 322 1672 381 ²)
1716 325 1836 367 Hier-

235 380 308 422 her
338 379 522 435 gehoren
551 381 740 436 folgende
769 383 849 425 und
881 383 1058 425 fflmliche
1089 383 1292 425 Formeln:

305 473 392 509 Huic
432 474 510 508 loco
542 476 628 518 ilus,
670 475 813 511 ambitus
849 477 1002 511 debetur.

234 520 370 556 Fabret.
396 533 430 566 p.
457 521 512 564 18,
539 523 595 556 76.

304 568 364 602 His
389 575 594 603 monument.
620 570 704 612 itus,
730 571 873 605 ambitus
898 582 1002 616 prae-

235 616 318 651 stari
343 615 497 649 debetur.
523 615 608 649 Ibid.
635 629 667 661 p.
694 618 774 661 293,
801 620 878 652 239.

304 662 348 695 M.
367 661 484 707 Ulpius
586 663 667 697 fecit
770 677 847 698 cum
871 666 1004 698 introitu

235 708 431 754 ambituque
445 711 538 743 omni
551 720 624 744 suo.
658 711 707 744 Ib.
726 723 758 756 p.
774 713 854 752 318,
869 712 1006 747 XXXX.

307 756 345 789 In
363 767 404 789 eo
422 767 512 790 mon.
531 758 590 790 itu.
610 764 674 792 act.
696 759 784 791 amb.
804 759 892 792 iniat.
907 764 1004 792 mort.

235 808 335 837 mort.
360 803 507 845 inferre,
532 814 648 838 coron.
674 806 786 839 sacrif.
813 806 923 839 sacrif.
949 806 1004 838 fa-

236 861 328 931 {greg
341 850 374 884 ei
397 849 440 883 A.
469 850 508 892 Q.
543 862 590 885 er.
625 852 662 885 P.
691 852 727 886 P.
753 852 792 885 R.
820 853 853 886 L.
903 851 1005 886 Orcll.

307 943 451 979 Suorum
478 944 630 979 locorum
656 947 737 979 itum
763 943 844 989 (sic)
872 951 904 980 et
931 957 1005 979 am-

1073 477 1145 511 bitu
1171 488 1334 511 concesso
1360 476 1422 511 sibi
1446 477 1554 512 libere
1581 488 1600 511 a
1617 475 1758 512 Claudio
1775 477 1836 511 Sa-

1073 524 1165 558 bino.
1215 523 1305 558 Orel.
1332 525 1434 558 4568.

1144 572 1209 605 Iter
1236 573 1401 615 privatum
1421 582 1438 605 a
1457 573 1511 605 via
1530 571 1661 616 publica
1680 582 1741 614 per
1759 570 1839 604 hor-

1075 625 1144 652 tum
1172 621 1342 662 pertinens
1363 620 1403 652 ad
1423 624 1676 652 monumentum
1693 619 1765 651 sive
1781 629 1839 651 se-

1074 665 1240 710 pulcrum.
1290 664 1377 699 Orel.
1404 666 1507 699 4391.

1147 712 1204 745 Via
1232 712 1298 745 lata
1325 723 1341 745 a
1368 713 1497 755 pariete
1523 712 1558 745 P.
1575 712 1615 745 V.
1634 711 1758 746 cedere
1777 711 1840 746 (lc-

1076 758 1181 792 bebit.
1232 759 1324 792 Grut.
1350 771 1382 803 p.
1409 759 1487 799 711,
1515 760 1547 792 3.

1146 806 1214 839 Iter
1249 817 1290 838 ex
1323 805 1473 848 partibus
1508 804 1611 838 tribus
1643 805 1701 838 lat.
1739 805 1772 838 in
1807 806 1840 839 S.

1078 850 1258 895 (sinynlas)
1286 852 1321 885 P.
1349 853 1387 885 V.
1437 852 1571 886 Fahret.
1597 864 1629 896 p.
1656 852 1736 893 321,
1761 852 1840 886 435.

1147 900 1229 932 Huic
1256 905 1474 932 monumento
1501 900 1662 932 ustrinum
1681 899 1841 944 applicari

1078 957 1144 979 non
1170 947 1260 979 lieet.
1312 944 1403 979 Orel.
1430 947 1532 979 4384.

353 1023 424 1067 Als
455 1026 651 1081 Beispielo
683 1027 753 1068 der
783 1027 952 1082 Angabe
985 1028 1056 1069 der
1082 1028 1287 1069 Zeitdauer
1310 1027 1380 1069 des
1401 1027 1542 1078 Baues.
1575 1027 1644 1068 des
1667 1027 1840 1068 Koslcn-

239 1083 489 1138 aufwandes‚
520 1086 592 1127 der
623 1086 924 1141 Genehmigung
955 1087 1028 1128 der
1057 1086 1336 1139 Ausfiihrung‚
1368 1084 1743 1140 eulschuldigender
1763 1086 1842 1127 Be-

236 1143 488 1199 merkungen
521 1145 621 1186 iiber
653 1145 843 1197 dieselbe,
874 1146 1004 1187 beben
1037 1147 1111 1187 wir
1142 1145 1331 1201 folgende
1362 1157 1455 1186 aus:

309 1225 402 1270 Opus
422 1226 611 1269 apsolutum
637 1238 680 1260 ex
704 1233 906 1261 testamento
932 1228 1006 1261 dic-

235 1272 301 1307 bus
319 1272 498 1308 CCCXXX
516 1274 677 1308 arbitratu
697 1299 722 1308 ..
735 1300 742 1308 .
761 1275 907 1308 heredis.
934 1274 1006 1309 De-

234 1320 316 1354 lect.
343 1321 423 1354 891.

308 1366 482 1401 Arbitratu
508 1365 618 1401 Celeri
643 1368 875 1412 sesquiblicari
905 1368 1008 1401 here-

238 1414 302 1447 dis.
352 1414 438 1447 Ibid.
463 1414 566 1448 1057.
614 1415 752 1449 Zaecar.
779 1416 834 1449 Ist.
869 1427 902 1459 p.
928 1417 1006 1451 277.

237 1460 382 1495 morcel.
409 1461 484 1495 Stil.
510 1461 549 1494 II.
576 1473 607 1505 p.
634 1462 689 1495 93.

307 1507 349 1542 D.
375 1507 409 1541 S.
435 1507 473 1541 P.
498 1507 538 1541 R.
564 1509 602 1540 de
627 1519 687 1541 sua
702 1509 844 1552 pecunia
858 1509 1008 1542 restituit.

240 1551 331 1589 Orel.
356 1554 461 1589 4521.
490 1571 530 1577 ·-
557 1553 607 1588 De
631 1565 691 1588 suo
717 1555 804 1588 fecit.
830 1555 879 1588 Il).
905 1555 1008 1588 4438.

1079 1246 1119 1251 -—
1147 1228 1211 1260 Sua
1239 1229 1399 1271 impensa.
1433 1226 1480 1260 lb.
1507 1227 1609 1260 4524.
1635 1243 1680 1250 --
1706 1226 1756 1260 De
1781 1238 1844 1270 pa-

1078 1276 1236 1309 trimonio
1263 1286 1334 1308 suo.
1361 1273 1408 1308 112.
1436 1274 1536 1306 4528.

1150 1320 1288 1354 Constat
1314 1331 1389 1353 cum
1416 1320 1491 1354 loco
1517 1320 1581 1354 HS.
1608 1320 1693 1354 XVI.
1741 1319 1843 1354 Fabr.

1080 1380 1112 1412 p.
1141 1369 1218 1410 152,
1247 1369 1323 1402 222.

1149 1415 1288 1448 Factum
1321 1425 1361 1447 ex
1387 1419 1588 1448 testamento
1613 1414 1678 1448 HS.
1705 1411 1844 1448 CCIOO.

1080 1461 1215 1495 Fabret.
1243 1473 1274 1505 p.
1304 1463 1382 1504 755,
1408 1461 1487 1494 610.

1149 1509 1215 1542 Pro
1234 1510 1360 1541 meritis
1381 1518 1509 1550 parum,
1526 1519 1588 1552 pro
1608 1508 1769 1542 facultate
1787 1518 1845 1541 sa-

1080 1556 1132 1587 tis.
1158 1554 1289 1588 Delect.
1316 1555 1394 1588 610.

360 1647 492 1689 Bitten
523 1646 601 1688 und
632 1647 874 1701 Drohungen
905 1659 992 1688 zum
1024 1647 1193 1690 Schutze
1233 1648 1304 1688 des
1337 1647 1487 1688 Grabes
1519 1660 1652 1701 gegen
1682 1648 1847 1689 Ζωγεῑϋ-Γ

242 1718 360 1760 rung,
392 1705 609 1760 Oeffnung,
641 1707 991 1760 Verunreinigung
1023 1706 1110 1746 sind
1142 1706 1234 1746 sehr
1253 1705 1393 1758 hziufig.
1438 1706 1561 1747 Dahin
1585 1707 1728 1759 gehon
1749 1707 1847 1747 auch

243 1764 317 1805 der
349 1764 528 1806 Wunsch
560 1763 640 1805 und
673 1763 736 1804 die
768 1765 882 1814 Bitte,
913 1765 1005 1805 dass
1037 1765 1234 1805 l'rocesse
1265 1764 1344 1804 und
1374 1765 1549 1805 Juristen
1582 1765 1667 1805 fern
1692 1765 1848 1806 bleibon

242 1825 402 1876 mogen.

464 1822 618 1864 Ausser
651 1823 801 1864 Delect.
835 1822 935 1863 574.
969 1823 1062 1864 594.
1096 1822 1238 1864 fabren
1261 1823 1332 1863 wir
1355 1822 1543 1876 folgende
1565 1823 1747 1864 Formeln
1770 1823 1848 1864 und

245 1881 528 1937 manchfaltige
561 1881 708 1922 freiere
739 1881 1008 1936 Wendungen
1040 1894 1109 1922 aus
1142 1880 1291 1922 diesem
1322 1881 1462 1922 Kreise
1494 1894 1564 1922 an:

312 1975 354 2010 H.
379 1975 420 2010 M.
447 1975 490 2009 D.
517 1975 559 2009 M.
585 1981 619 2009 et
645 1975 668 2009 I.
696 1973 732 2009 C.
749 1974 790 2009 A.
815 1975 874 2008 hoc
890 1987 1011 2009 monu-

243 2029 353 2056 mento
370 2023 463 2056 dolus
480 2022 592 2055 malus
610 2029 638 2055 ct
656 2022 892 2055 iureconsultus
915 2020 1013 2063 [oder

247 2070 298 2103 ius
323 2068 438 2112 civile)
469 2069 585 2103 abesto.
637 2069 764 2102 Delect.
793 2070 871 2103 533.

314 2116 355 2151 H.
381 2117 423 2150 M.
449 2117 490 2150 D.
517 2117 558 2150 A.
591 2116 650 2148 hoc
682 2121 888 2150 monumento
921 2115 1013 2150 dolus

245 2163 359 2198 abesto.
407 2163 492 2197 Ibid.
520 2164 597 2197 579.
626 2163 726 2196 1054.

316 2210 474 2255 Quisquis
512 2220 548 2243 es
582 2209 683 2242 homo
717 2215 749 2242 et
783 2219 844 2242 vos
879 2209 1014 2242 sodales

246 2267 343 2291 meos
379 2262 518 2290 cunctos
551 2266 637 2297 rogo
672 2267 733 2300 per
767 2255 850 2289 deos
875 2266 1014 2300 superos

246 2304 454 2349 inferosque,
480 2304 513 2336 ni
538 2303 649 2336 velitis
675 2313 751 2336 ossa
773 2314 848 2336 mea
876 2303 1013 2337 violare.

249 2349 342 2386 Orel.
366 2351 469 2385 4783.

318 2398 417 2439 Rogo
443 2403 476 2431 te
502 2398 547 2431 mi
572 2398 679 2430 viator
714 2396 781 2430 noli
807 2398 850 2430 mi
877 2407 1014 2430 nocere.

247 2443 331 2479 Ibid.
356 2445 460 2479 4785.

319 2491 477 2536 Quisquis
510 2491 575 2525 hoc
609 2491 779 2524 sustulerit
804 2496 861 2524 aut
886 2491 1017 2523 laeserit.

249 2538 382 2573 ultimus
407 2548 544 2573 suorum
569 2539 743 2571 moriatur.
774 2536 864 2571 Orel.
891 2538 992 2570 4790.

321 2586 379 2620 Sol
402 2585 461 2619 tibi
487 2585 707 2624 commendo,
740 2586 796 2629 qui
823 2595 939 2617 manus
965 2585 1019 2616 in-

250 2633 324 2667 tulit
349 2634 392 2667 ei.
432 2631 519 2665 Ibid.
546 2631 648 2665 4791.
686 2631 768 2675 Lap.
796 2632 865 2665 ΡΜ.
891 2642 922 2674 p.
942 2631 1018 2663 278.

321 2680 407 2714 Huic
425 2684 641 2712 monumento
668 2689 786 2711 manus
813 2678 868 2722 qui
894 2677 1019 2710 intule-

252 2727 294 2760 rit
318 2726 411 2760 dabit
434 2727 607 2760 sestertios
632 2724 703 2757 XX.
754 2723 856 2757 Orell.
883 2724 985 2756 4423.

324 2773 357 2806 Si
383 2773 456 2817 quis
473 2772 601 2805 titulum
621 2782 731 2803 meum
751 2771 944 2810 violaverit,
961 2771 1015 2802 in-

256 2818 340 2853 ferat
364 2821 495 2854 aerario
523 2818 588 2852 HS.
614 2818 670 2851 IX.
698 2818 737 2850 N.
776 2817 864 2850 Orel.
890 2817 992 2849 4424.

325 2866 397 2900 Hoc
413 2866 660 2910 saicophagum
680 2865 801 2908 aperiri
820 2864 858 2897 N.
876 2863 928 2897 lic.
959 2861 1014 2896 Or.

257 2910 360 2945 4554.

328 2957 363 2992 Si
394 2959 464 3003 quis
499 2969 597 2995 aeam
630 2967 740 2994 arcam
772 2964 849 3004 post
873 2962 1017 2993 mortem

1084 1985 1201 2009 eorum
1233 1977 1366 2017 aperire
1391 1975 1539 2009 voluerit
1565 1974 1662 2009 inler.
1689 1974 1849 2009 decuriae

1083 2033 1179 2056 meae
1203 2014 1292 2070 ῧὲ
1315 2020 1501 2063 (denarios)
1527 2022 1628 2056 XXV.
1665 2020 1720 2056 Or.
1746 2022 1848 2055 4429.

1152 2069 1185 2103 S.
1214 2071 1251 2112 Q.
1279 2071 1317 2104 Il.
1345 2070 1383 2102 Α.
1410 2069 1445 2102 Ρ.
1471 2069 1511 2101 Ε.
1538 2069 1596 2103 SS.
1621 2069 1662 2103 A.
1689 2069 1726 2101 V.
1753 2067 1793 2101 D.
1813 2067 1849 2100 F.

1083 2115 1147 2150 HS.
1173 2117 1206 2150 L.
1235 2118 1277 2150 M.
1313 2116 1413 2159 siquis
1437 2115 1526 2148 hanc
1549 2127 1668 2149 arcam
1695 2121 1766 2159 post
1788 2125 1849 2148 ea:-

1085 2175 1211 2196 cessztm
1235 2176 1337 2208 supra
1355 2163 1469 2206 scripti
1485 2164 1616 2206 aperire
1631 2161 1770 2195 voluerit
1786 2161 1850 2194 da-

1084 2210 1127 2242 bic
1148 2209 1224 2252 fisco
1250 2209 1429 2244 sestertium
1461 2209 1697 2254 quinquaqinta
1725 2208 1849 2242 millia.

1085 2256 1254 2290 Fui-lauet.
1294 2256 1371 2300 Lap.
1408 2255 1524 2289 Patav.
1558 2256 1598 2289 N.
1633 2255 1848 2290 CLXXXVII.

1156 2351 1198 2384 N.
1225 2350 1261 2384 F.
1288 2349 1325 2383 F.
1352 2348 1391 2382 N.
1417 2348 1449 2382 S.
1475 2349 1515 2382 N.
1541 2349 1578 2383 C.
1604 2349 1697 2382 Nach
1722 2348 1849 2382 Coleti:

1086 2408 1126 2429 ‘ue
1148 2397 1274 2439 fodias,
1297 2397 1454 2438 sranqas,
1483 2407 1524 2428 ne
1548 2396 1676 2439 spolies,
1702 2407 1742 2428 nc
1765 2407 1847 2429 con-

1088 2450 1223 2483 !1·e(*!es,·
1256 2443 1341 2476 nach
1368 2442 1582 2476 Furiancuo:
1616 2454 1682 2475 non
1703 2443 1765 2485 fui,
1788 2443 1849 2483 sui,

1088 2502 1154 2523 mm
1178 2502 1263 2531 sum,
1288 2501 1355 2523 non
1380 2500 1469 2522 curo.
1494 2488 1608 2533 Lapid.
1627 2489 1697 2522 Pat.
1721 2501 1753 2532 p.
1772 2487 1849 2522 300.

1159 2537 1265 2570 nomo
1281 2537 1411 2580 respice
1429 2546 1524 2569 casus
1542 2541 1576 2568 et
1593 2535 1633 2568 ab
1653 2536 1759 2569 aliena
1777 2546 1850 2568 me-

1093 2585 1197 2617 moria
1224 2583 1361 2617 recede.
1391 2581 1445 2616 Or.
1471 2582 1573 2615 4529.

1160 2631 1209 2664 Ne
1235 2632 1306 2675 quis
1333 2630 1386 2663 hic
1411 2631 1540 2661 urinam
1567 2627 1677 2660 faciat.
1718 2627 1850 2660 Keller-

1092 2688 1190 2710 mann
1216 2677 1344 2710 Latere.
1371 2688 1402 2709 n.
1421 2676 1498 2709 201.
1524 2691 1568 2697 —
1593 2673 1656 2715 Qui
1671 2673 1724 2707 hic
1741 2676 1850 2707 mixe-

1091 2726 1133 2757 rit
1158 2730 1213 2757 aut
1237 2725 1374 2765 cacam,
1400 2721 1521 2755 habeat
1547 2721 1627 2754 deos
1653 2731 1793 2764 superos
1818 2726 1851 2753 et

1087 2770 1214 2804 inferos
1242 2772 1356 2803 iratos.
1382 2768 1542 2802 Mabillon
1564 2769 1702 2809 Yoyage
1721 2779 1762 2800 en
1781 2767 1849 2801 lta-

1088 2817 1131 2850 lie
1156 2829 1188 2860 p.
1217 2817 1294 2850 118.
1344 2815 1433 2850 Orel.
1460 2815 1562 2848 4781.
1613 2814 1724 2858 Vergl.
1754 2815 1848 2848 Pers.

1087 2863 1126 2906 1.,
1156 2864 1231 2897 113.
1279 2863 1394 2897 Horat.
1420 2862 1460 2896 Α.
1488 2861 1523 2895 Ρ.
1550 2861 1627 2894 471.

1158 2910 1191 2943 Si
1217 2910 1281 2943 hoc
1307 2914 1523 2944 monumento
1557 2907 1656 2941 ullius
1682 2907 1849 2940 candidati

1086 2967 1209 2993 nomen
1223 2958 1437 3001 inscripsere,
1450 2954 1650 2992 nevaleam.
1678 2953 1734 2990 Or.
1744 2954 1846 2991 4820.
