1877 3313
403 162 433 204 §.
459 160 490 194 S.
539 160 689 196 Tabulae
712 161 892 196 historicae
916 161 1114 196 auctoritate
1137 162 1271 206 publica
1296 165 1448 208 scriptae.
1633 162 1716 205 355

130 277 210 307 non
244 265 470 318 inspectam.
522 267 580 308 De
620 268 788 321 pecunia
828 267 1040 308 mulcatitia
1080 268 1179 310 cella
1219 274 1421 311 exstructa
1462 268 1510 311 ad
1549 268 1718 312 Telluris

128 323 345 366 Lavernae.

790 384 835 425 lll
865 383 1047 437 Aprileis.

266 441 413 483 Fasces
442 453 568 496 penes
599 440 814 483 Aemilium.
856 442 1066 495 Lapidibus
1098 443 1191 496 pluit
1221 444 1258 485 in
1290 445 1455 486 Veienti.
1496 445 1718 486 Postumius

130 499 234 540 Trib.
264 500 369 553 pleb.
400 501 592 542 viatorem
623 501 725 541 misit
756 500 803 540 ad
836 501 925 541 Cos.
957 501 1066 553 quod
1096 502 1129 541 is
1161 515 1209 543 eo
1242 503 1305 543 die
1328 509 1505 544 senatum
1527 504 1718 544 noluisset

128 570 300 610 cogere;
331 559 617 600 intercessione
647 559 688 599 P.
709 558 870 598 Decimii
901 559 1005 599 Trib.
1029 559 1130 612 pleb.
1161 572 1227 600 res
1260 565 1320 601 est
1350 561 1511 602 sublata.
1556 561 1601 608 Q.
1626 564 1718 602 Au-

127 616 241 657 fidius
280 617 500 657 mensarius
550 617 736 657 tabernae
778 618 1027 670 argentariae
1081 617 1128 657 ad
1171 623 1320 659 scutum
1361 620 1587 660 cimbricum
1628 632 1718 660 cum

128 686 268 728 magna
301 675 339 714 vi
368 675 471 715 aeris
504 674 619 715 alieni
651 675 770 715 cessit
802 674 914 724 soro;
953 679 1147 715 retractus
1180 690 1231 715 ex
1261 677 1402 717 itinere
1433 689 1591 718 causam
1623 677 1719 718 dixit

128 732 231 784 apud
260 733 301 773 P.
332 732 536 773 Fonteium
567 732 728 773 Balbum
761 733 887 772 Praet.
922 737 961 773 et
992 746 1080 773 cum
1111 733 1296 786 liquidum
1319 734 1462 776 factum
1483 741 1602 785 esset,
1627 748 1718 776 eum

126 790 231 831 nulla
252 790 400 832 fecisse
422 791 666 843 detrimenta,
696 792 829 832 iussus
849 789 884 844 1)
919 795 979 831 est
999 792 1035 831 in
1058 791 1224 832 solidum
1246 805 1312 834 aes
1337 798 1459 834 totuin
1483 792 1716 835 dissolvere.

723 848 824 889 Prid.
856 849 900 888 K.
932 849 1116 901 Aprileis.

263 907 410 949 Fasces
441 920 563 962 penes
593 908 795 948 Licinium.
847 907 1005 948 Latinae
1045 908 1267 949 celebratae
1309 915 1346 950 et
1388 909 1648 951 sacrificatum
1677 910 1717 950 in

126 970 260 1008 monte
291 966 444 1008 Albano
477 972 516 1007 et
547 966 635 1007 data
655 966 874 1007 visceratio.
906 965 1130 1006 Incendium
1149 968 1187 1006 in
1209 967 1402 1009 Caelioloz
1435 968 1584 1009 insulae
1616 968 1718 1008 duae

125 1026 353 1077 absumptae
391 1024 479 1066 solo
510 1030 627 1065 tenus
659 1030 697 1065 et
729 1024 849 1065 aedes
891 1025 1063 1076 quinque
1103 1025 1305 1065 ambustae
1337 1031 1517 1078 quatuor.
1576 1026 1718 1067 Demi-

124 1083 230 1136 phon
259 1083 506 1136 Archipirata
536 1088 671 1136 captus
703 1096 736 1123 a.
770 1082 837 1122 Cn.
878 1083 1027 1123 Licinio
1058 1082 1187 1123 Nerva
1218 1083 1367 1137 legato,
1396 1084 1435 1125 in
1456 1096 1616 1125 crucem
1643 1097 1718 1126 ac-

125 1146 199 1182 tus.
258 1141 451 1182 Vexillum
481 1142 648 1182 rubeum
679 1142 716 1181 in
749 1153 840 1181 arce
872 1141 1049 1193 positum.
1097 1141 1186 1183 Cos.
1219 1147 1467 1185 sacramento
1489 1155 1593 1186 novo
1615 1142 1717 1186 ade-

124 1204 268 1254 gerunt
297 1200 538 1241 iuventutem
569 1199 607 1240 in
639 1211 777 1253 campo
815 1199 966 1240 Martio.

797 1257 880 1298 Kal.
911 1257 1033 1309 April.

262 1316 307 1357 L.
339 1315 494 1358 Aimilio
524 1316 656 1357 Paullo
686 1315 727 1356 ll.
761 1316 800 1356 C.
832 1315 984 1356 Licinio
1018 1314 1160 1357 Crasso
1193 1316 1280 1358 Cos.
1296 1314 1337 1371 2)

261 1375 419 1416 Paullus
451 1376 540 1415 Cos.
564 1380 602 1414 et
625 1374 693 1414 Cn.
709 1371 750 1427 3)
784 1373 971 1413 Octavius
992 1373 1103 1413 Prae.
1135 1374 1303 1426 paludati
1324 1376 1478 1428 egressi
1499 1380 1589 1417 sunt
1615 1377 1716 1418 urbe

124 1434 165 1474 in
195 1434 436 1487 provinciam
467 1433 735 1474 Macedoniam
767 1431 946 1484 profecti,
977 1432 1125 1484 ingenti
1155 1437 1273 1484 atque
1293 1434 1476 1475 inusitata
1492 1433 1719 1487 frequentia

127 1497 414 1545 prosequente.
447 1491 503 1531 Cu
516 1489 557 1545 ⁴)
572 1521 719 1531 .......
738 1495 819 1531 tota
840 1502 952 1530 sacra
972 1490 1034 1530 via
1054 1502 1106 1530 ex
1125 1490 1290 1531 aedibus
1307 1489 1347 1545 ⁵)
1361 1522 1485 1533 ......
1516 1505 1644 1546 usque
1667 1493 1719 1534 ad

123 1549 308 1590 sacellum
339 1549 518 1591 Streniae
536 1546 576 1602 ⁶)
609 1561 750 1602 magna
791 1548 1113 1589 consternatione
1152 1549 1384 1591 vicinorum.
1444 1550 1575 1592 Funus
1606 1551 1718 1592 Mar—

123 1609 208 1648 ciae
237 1608 328 1650 Sex.
359 1608 401 1648 F.
435 1620 523 1648 cum
554 1609 702 1648 maiore
742 1619 884 1660 pompa
924 1607 1134 1660 imaginum
1167 1619 1281 1659 quam
1321 1607 1545 1662 frequentia
1583 1609 1716 1653 homi-

122 1679 226 1708 num.
287 1665 471 1707 Pontifex
503 1665 757 1719 Sempronius
790 1665 909 1706 edixit
939 1665 1152 1719 Megalesia
1166 1663 1220 1720 τ).

743 1724 806 1765 IV.
838 1723 938 1764 Non.
970 1722 1090 1777 April.

260 1784 340 1824 Ver
369 1795 524 1824 sacrum
564 1787 697 1824 votum
739 1782 788 1823 de
820 1782 995 1824 Pontific.
1037 1783 1230 1824 sententia
1271 1797 1293 1825 a
1329 1783 1475 1827 Baebio
1514 1791 1714 1840 praetore.

121 1841 259 1882 Lautia
309 1842 450 1895 legatis
501 1841 731 1882 Aetolorum
784 1840 872 1882 data
924 1841 1066 1883 celos)
1119 1841 1259 1885 CCIOO
1272 1840 1314 1897 8)
1365 1856 1445 1884 aer.
1495 1845 1628 1898 gravis
1676 1847 1717 1886 in

121 1899 324 1954 singulos3
357 1899 553 1940 dlmidium
584 1901 670 1941 eius
702 1900 918 1941 comitibus.
959 1900 1010 1940 M.
1042 1898 1234 1942 Aebutius
1265 1901 1303 1942 in
1334 1903 1574 1954 provinciam
1603 1916 1716 1945 suam

127 1958 295 2000 Siciliam
325 1957 531 2011 profectus
563 1963 636 1999 est.
696 1958 864 2011 Epulum
896 1959 935 1998 in
965 1957 1106 1998 funere
1135 1959 1307 2000 Marciae
1347 1960 1492 2012 populo
1533 1961 1662 2002 datum
1692 1975 1716 2003 a

121 2015 208 2056 filiis
225 2018 309 2058 eius
333 2016 378 2064 Q.
394 2013 435 2071 ⁹)
466 2020 504 2057 et
525 2016 567 2056 L.
587 2016 754 2057 Metellis
777 2021 817 2057 et
838 2016 919 2056 ludi
939 2017 1111 2058 scaenici
1141 2016 1244 2058 facti.
1287 2017 1432 2059 Classis
1465 2018 1714 2074 Carthagini-

121 2075 227 2117 ensis
260 2074 408 2116 Ostiam
439 2075 622 2128 ingressa
653 2087 741 2116 cum
777 2076 936 2115 tributo.

747 2131 804 2174 Ill.
836 2133 935 2174 Non.
967 2133 1090 2186 April.

262 2192 303 2233 C.
334 2191 505 2245 Popilius
536 2191 711 2243 Laenas,
743 2192 784 2232 C.
816 2192 1038 2242 Decimius,
1070 2191 1109 2232 C.
1141 2191 1328 2233 Hostilius
1360 2192 1479 2246 legati
1508 2194 1709 2236 mittuntur

121 2249 170 2291 ad
196 2262 316 2303 reges
347 2250 487 2303 Syriae
509 2254 547 2290 et
566 2249 740 2304 Aegypti
770 2249 819 2291 ad
850 2249 990 2290 bellum
1020 2251 1121 2291 inter
1142 2250 1249 2303 ipsos
1272 2251 1597 2304 componendum.
1629 2253 1713 2293 Le·-

120 2309 201 2361 gati
231 2309 333 2349 bene
364 2321 478 2349 mane
509 2321 597 2349 cum
637 2309 752 2349 turba
790 2308 987 2349 clientium
1018 2313 1057 2348 et
1095 2309 1404 2361 propinquorum
1445 2311 1714 2352 sacrificarunt

120 2366 169 2407 ad
210 2367 384 2408 Castoris
428 2366 500 2407 diis
539 2367 748 2407 Penatibus
785 2367 826 2406 P.
858 2366 902 2406 R.
925 2363 980 2420 ¹⁰)
1013 2370 1124 2407 tauro
1171 2365 1353 2407 fecerunt
1392 2373 1431 2408 et
1468 2369 1711 2422 perlitarunt.

119 2424 230 2466 Pont.
262 2438 352 2465 max
357 2456 564 2465 ........
580 2422 636 2479 ¹¹]
668 2425 705 2465 in
738 2424 835 2465 aede
868 2425 1012 2465 Vestae
1031 2455 1178 2465 ......
1225 2425 1268 2465 L.
1299 2425 1342 2466 L.
1374 2427 1419 2467 V.
1451 2427 1495 2468 V.
1516 2425 1571 2481 ¹²)

255 2483 302 2524 D.
333 2484 395 2524 IV.
428 2483 586 2536 Syllano
616 2483 658 2523 L.
689 2483 816 2525 Mure.
849 2483 961 2524 Coss.
992 2483 1052 2524 ad.
1084 2482 1173 2524 Idus
1205 2483 1341 2525 Sextii.

260 2592 296 2636 1)
322 2593 426 2628 Deest
449 2595 482 2627 in
509 2594 707 2638 apographo
733 2595 827 2628 Voss.
854 2612 897 2617 —
915 2592 953 2636 2)
979 2592 1172 2627 L.Aimilio
1289 2594 1375 2628 Coss.
1401 2593 1519 2628 absunt
1547 2595 1710 2629 Vossiano

121 2641 330 2684 apographo.
358 2659 397 2664 -
425 2640 463 2683 3)
501 2642 563 2674 Gn.
590 2642 684 2674 Voss.
720 2659 761 2662 —
795 2639 833 2681 4)
863 2641 923 2673 Gn.
952 2651 1012 2684 pro
1046 2641 1103 2673 Cu.
1130 2641 1225 2674 Voss.
1258 2640 1520 2675 Lieberkubnius
1555 2642 1709 2676 lacunam

118 2687 164 2720 ita
189 2687 410 2730 supplendam
435 2689 588 2721 coniicit:
623 2689 764 2720 cui-satio
797 2688 1053 2730 prosequentium
1084 2693 1147 2720 {ola
1179 2699 1276 2721 sacra
1308 2688 1364 2720 υἷα
1395 2699 1436 2720 (ω
1460 2688 1588 2721 aedibus
1612 2690 1709 2733 reqiis

119 2743 218 2776 usque
239 2733 284 2766 ad
310 2733 463 2768 Carinas.
502 2734 699 2767 Anteriores
724 2735 926 2776 interpretes
951 2733 1021 2766 fere
1046 2744 1161 2767 omnes
1186 2735 1389 2768 mentionem
1407 2734 1552 2767 incendii
1569 2735 1709 2768 alicuius

120 2778 184 2811 hae
209 2779 327 2813 lacuna
354 2780 564 2813 intercidisse
590 2780 802 2813 arbitrantur.
830 2797 871 2801 -
899 2777 937 2821 5)
961 2780 1120 2814 aedilibus
1145 2781 1238 2814 Voss.
1263 2782 1405 2824 spatium
1437 2779 1575 2814 lacunae
1599 2782 1707 2827 signi-

121 2823 270 2858 ficandae
296 2826 438 2860 liberum
463 2827 591 2860 nullum
616 2826 814 2871 relinquitur
838 2826 921 2860 lbid.
956 2843 997 2848 -
1032 2825 1070 2869 6)
1096 2828 1210 2860 sternit
1233 2828 1308 2859 Vos.
1343 2844 1387 2849 —
1421 2824 1458 2868 7)
1483 2825 1636 2870 Pontifex

122 2869 300 2913 Megalesia
324 2873 445 2907 absunt
468 2875 502 2907 in
527 2873 622 2906 Voss.
648 2883 766 2917 apogr.
793 2891 834 2895 —
859 2870 899 2914 8)
925 2872 1026 2906 CCM.
1052 2874 1146 2907 Voss.
1173 2891 1214 2896 —-
1242 2873 1279 2914 9)
1306 2871 1342 2905 C.
1367 2872 1460 2906 Voss.
1485 2890 1530 2896 —
1556 2872 1615 2916 10)
1639 2885 1706 2919 po-

121 2915 191 2958 puli
214 2920 351 2953 romani.
383 2935 430 2941 —-
465 2917 525 2961 11)
550 2919 640 2953 Pom.
664 2931 753 2952 max.
779 2920 816 2952 in
839 2919 918 2952 aede
941 2921 1010 2953 sine
1043 2921 1152 2963 spatio
1175 2919 1284 2954 libero
1307 2919 1518 2964 interposito.
1541 2921 1636 2957 Voss.
1662 2939 1704 2945 -—

124 2959 183 3004 12)
208 2962 437 3002 lubentissime
462 2971 579 3002 votum
602 2967 709 3009 vovit,
734 2965 877 3011 explicat
900 2965 1124 3001 Lieberlmhn.
1399 3011 1490 3055 23*
