1877 3313
204 192 289 235 398
645 188 748 225 Inscr,
772 189 947 235 profanae.
996 186 1077 234 Cap.
1102 187 1142 224 11.
1191 188 1351 223 Tabulae.

203 300 380 349 bliotlieca
422 298 638 336 Vallicellari
679 304 882 336 asservatur
922 303 1065 335 notatus
1108 299 1144 335 R.
1187 298 1253 335 26.
1295 298 1357 334 fol.
1417 296 1530 334 Etiam
1561 296 1800 335 Furlanettum

203 359 277 395 eius
310 359 555 406 apographum
587 357 752 395 habuisse
793 369 840 395 ex
871 358 988 394 verbis
1022 357 1129 405 ipsius
1170 358 1204 393 in
1246 357 1378 394 Lexieo
1420 355 1677 393 Forcelliniano
1708 369 1735 393 s.
1766 368 1802 394 v.

197 417 347 454 Rosatio
380 412 440 467 (T.
473 417 531 453 111.
563 429 596 464 p.
631 417 723 453 677.
755 417 818 454 Ed.
861 411 1049 468 German.)
1083 420 1253 464 apparet,
1293 415 1446 463 indeque
1485 414 1586 450 simul
1617 416 1800 463 comperi-

203 487 301 522 muS,
353 475 618 523 inscriptionem
661 475 791 512 Romae
833 480 933 511 extra
975 479 1115 523 portam
1155 475 1363 511 Labicanam
1405 484 1521 522 prope
1563 473 1800 520 aquaeductus

204 533 340 571 Claudii
373 545 453 570 esse
484 533 672 570 inventam.
734 535 785 570 De
817 533 948 570 codicis
982 533 1212 570 Vallieellaris
1245 533 1456 581 apographo
1486 543 1634 579 presse,
1673 536 1712 568 ut
1741 533 1798 569 vi-

203 593 325 639 detur,
356 593 400 628 ad
431 591 555 640 lapidis
596 603 688 629 nunc
719 591 895 641 deperditi
937 591 1088 638 vestigia
1129 592 1225 628 tacto
1257 591 1299 627 V.
1331 591 1510 628 Ritscbclii
1540 590 1800 628 Commentatio

201 650 394 700 praemissa
427 650 531 687 iudici
572 650 774 688 scholarum
816 650 1050 687 [unversitatis
1092 650 1379 687 Vratislaviensis
1419 661 1484 697 per
1525 653 1698 685 semestre
1733 661 1800 686 ae-

200 710 329 747 stivum
361 710 441 746 anni
477 708 586 745 1838
619 710 869 746 habendarum.
913 709 1099 745 Praeclare
1141 709 1210 745 boc
1242 712 1504 745 monumentum
1547 707 1725 756 supplevit:
1766 713 1802 745 et

203 768 392 805 illustravit
421 769 479 804 Pb.
503 768 656 804 Eduard.
689 769 853 804 Huschke
886 767 919 803 in
953 767 1259 804 Commentatione
1290 779 1382 815 quae
1408 767 1630 803 inscribitur:
1661 767 1698 804 T.
1717 767 1800 804 Fla-

199 827 246 864 vii
284 826 482 874 Syntroplii
520 826 785 863 instrumentum
827 826 1028 862 donationis
1068 826 1247 862 ineditum.
1311 825 1557 862 Vratislaviae.
1600 824 1721 862 1838.
1763 825 1800 862 4.

202 897 305 934 quem
337 897 402 922 nos
433 885 545 921 secuti
575 897 703 922 sumus.
750 885 1002 932 Supplementa
1034 884 1144 922 literis
1175 884 1346 921 inclinatis
1378 884 1632 931 significantur.

341 953 385 993 Τ.
418 953 572 993 Flavius
604 952 850 1006 Syntroplius
893 953 1120 1004 priusquam
1162 951 1342 993 hortulos
1383 952 1686 1006 Epagathianos‚
1716 951 1801 992 Da-

203 1011 487 1054 ducbianos...
519 1012 713 1065 ianosque
745 1024 830 1052 eum
862 1009 1041 1051 aedilicio
1075 1015 1113 1050 et
1144 1011 1270 1050 vineis
1302 1011 1472 1050 maceria
1505 1010 1646 1060 clusis,
1677 1011 1728 1050 ita
1760 1015 1802 1051 ut

202 1071 381 1112 instructi
410 1074 524 1121 sunt,
566 1071 631 1123 qui
663 1075 753 1111 sunt
785 1071 845 1110 via
876 1069 1080 1110 Labicana
1110 1071 1215 1109 inter
1244 1069 1465 1109 miliarium
1494 1068 1517 1109 1
1546 1073 1584 1109 et
1610 1068 1665 1110 ΙΙ.
1698 1081 1801 1110 eun-

201 1130 305 1170 tibus
338 1129 385 1170 ab
418 1129 517 1169 urbe
556 1134 666 1181 parte
696 1129 806 1170 laeva
849 1127 896 1168 ad
939 1128 1039 1168 viam
1082 1127 1261 1179 A'ithale,
1303 1128 1444 1169 liberto
1477 1139 1574 1178 suo,
1607 1128 1800 1181 mancipio

201 1188 326 1240 daret,
358 1191 526 1228 testatus
557 1192 624 1238 esl,
657 1200 701 1228 se
733 1188 770 1227 in
803 1188 902 1227 lianc
921 1186 1195 1227 condicionem
1219 1188 1455 1239 mancipare,
1487 1191 1527 1227 ut
1550 1185 1650 1227 infra
1670 1187 1801 1240 serip-

201 1252 282 1288 tum
315 1250 393 1288 est:
427 1247 466 1288 Si
498 1246 564 1286 tibi
597 1246 732 1286 hortos
763 1245 1080 1302 Epagatliianos,
1123 1245 1400 1285 Daduebianos
1428 1276 1551 1286 .....
1592 1245 1800 1298 conosque,

203 1306 246 1354 Q.
279 1306 324 1346 D.
357 1305 404 1345 A.
436 1304 479 1352 Q.
513 1305 551 1347 S.
585 1305 621 1345 S.
652 1304 689 1344 S.
712 1302 747 1358 ¹)
779 1304 971 1357 mancipio
1005 1303 1178 1354 dedero,
1220 1316 1462 1356 vacuamque
1505 1304 1799 1358 possessionem

199 1363 412 1414 tradidero,
445 1368 525 1403 tum
555 1375 627 1416 per
658 1367 696 1403 te
718 1376 797 1403 non.
817 1363 909 1415 fieri
928 1363 1130 1414 factumve
1153 1363 1205 1402 iri.
1227 1375 1353 1415 neque
1370 1375 1446 1414 per
1467 1361 1656 1403 heredem
1679 1367 1799 1413 tuum,

200 1435 340 1463 eumve
372 1421 418 1461 ad
452 1434 566 1473 quem
599 1434 644 1461 ea
676 1434 742 1461 res
775 1434 848 1473 qua
881 1420 929 1460 (le
961 1422 1091 1474 agitur
1124 1422 1316 1472 pertinet,
1347 1421 1579 1473 pertinebit,
1612 1433 1691 1474 quo
1724 1422 1800 1461 mi-

199 1493 272 1522 nus
304 1481 329 1520 ii
359 1481 464 1520 herli
483 1481 761 1532 aedificiumve
790 1481 843 1519 sit
872 1492 1079 1519 commune
1101 1480 1167 1519 libi
1189 1493 1275 1519 euni
1299 1479 1526 1520 conlibertis
1548 1480 1623 1520 tuis
1645 1480 1799 1520 utrius-

199 1552 277 1593 que
309 1551 455 1589 sexus,
488 1539 552 1590 qui
583 1552 603 1578 a
635 1551 697 1578 me
728 1542 963 1579 testamento
996 1536 1238 1577 codic-illisve
1269 1538 1504 1578 mcmumissz'
1535 1543 1652 1578 erunt
1682 1551 1797 1579 eum-

199 1611 274 1651 que
304 1598 355 1637 iis
384 1597 558 1649 fruaris,
590 1597 755 1649 parique
786 1597 968 1649 portione
1000 1596 1102 1636 inter
1133 1608 1204 1636 eos
1236 1595 1404 1636 reditum
1438 1598 1524 1637 eius
1555 1596 1799 1649 custodiatis,

198 1658 250 1698 ita
281 1661 322 1696 ut
354 1654 416 1696 die
448 1655 639 1708 parentali
670 1668 754 1695 meo
769 1653 827 1707 ²),
854 1656 944 1695 item
975 1654 1046 1694 XI.
1079 1654 1285 1694 Ii'alemlas
1316 1655 1479 1707 Apriles
1509 1655 1573 1694 (lie
1604 1656 1798 1696 violatio-

198 1716 258 1755 nis
272 1712 325 1768 3),
357 1714 449 1754 item
470 1713 538 1754 XII
559 1713 754 1754 Kalendas
777 1713 903 1754 lunias
925 1713 988 1752 die
1008 1714 1235 1764 rosalionis,
1266 1714 1356 1753 item
1388 1712 1433 1752 tlt
1453 1713 1649 1754 Kalendas
1679 1714 1799 1756 Ianu-

199 1774 301 1814 arias
334 1772 397 1812 die
429 1771 548 1812 natali
580 1785 682 1821 meo,
715 1785 804 1811 eum
834 1776 1014 1812 mortuus
1047 1784 1129 1820 ero,
1161 1777 1240 1811 tum
1270 1777 1314 1812 uc
1343 1772 1509 1825 quisque
1536 1777 1710 1814 vestrum
1733 1773 1798 1813 vi-

197 1837 277 1884 vet,
309 1831 427 1884 quive
459 1844 511 1870 ex
543 1831 655 1871 vobis
685 1831 806 1884 geniti
836 1835 965 1880 erunt,
997 1834 1060 1870 aut
1092 1842 1113 1870 a
1145 1843 1223 1882 quo
1256 1835 1431 1871 vestrum
1463 1831 1548 1884 quis
1579 1832 1798 1872 manumis-

198 1903 268 1932 sus
299 1890 396 1939 erit,
429 1890 485 1929 ad
513 1902 626 1941 quem
658 1902 780 1929 unum
810 1889 998 1943 pluresve
1029 1889 1157 1942 portio
1190 1889 1364 1930 similiter
1404 1889 1518 1930 liuius
1551 1889 1627 1931 loci
1657 1889 1797 1931 aedili-

197 1951 296 1990 ciive
328 1949 557 2001 pertinebit,
601 1947 637 1988 id
671 1962 721 1988 ex
753 1947 917 1989 l'ormula
959 1948 1239 2000 suprascripta
1269 1948 1464 1988 dividatis
1494 1953 1531 1987 et
1558 1949 1594 1989 si
1625 1949 1715 2002 quis
1744 1949 1797 1989 ibi

198 2008 415 2048 inhabitare
447 2007 616 2047 voluerit
647 2018 699 2046 ex
738 2007 932 2047 communi
975 2006 1144 2046 onmium
1186 2018 1386 2047 consensu
1427 2007 1637 2048 maiorisve
1676 2008 1796 2060 partis

200 2079 338 2107 eorum
369 2065 437 2118 qui
467 2068 622 2114 vivent,
654 2065 699 2105 z'cl
728 2066 764 2105 ei
795 2066 914 2105 liceat
925 2079 936 2108 ,·
977 2076 1078 2116 quae
1111 2068 1240 2104 autem
1273 2065 1446 2105 membra
1477 2064 1642 2106 aedificii
1673 2078 1797 2107 vaca-

198 2126 306 2177 bunt,
337 2125 375 2164 in
407 2123 536 2165 reditu
567 2124 663 2174 sint,
695 2124 745 2164 ita
776 2129 818 2164 ut
848 2123 938 2164 ltuie
970 2123 1157 2163 voluntati
1187 2136 1297 2163 meae
1326 2125 1426 2164 satis
1455 2124 1538 2175 fiat,
1570 2129 1797 2178 tantumque

200 2184 401 2237 impensae
432 2188 472 2222 et
502 2181 608 2235 quod
638 2182 686 2222 ad
719 2182 876 2222 tutelam
909 2181 1073 2222 aedilicii
1105 2194 1203 2234 opus
1235 2183 1322 2232 erit,
1354 2183 1459 2234 quod
1481 2182 1676 2236 reliquom
1708 2184 1796 2235 erit,

197 2243 301 2284 inter
331 2254 406 2282 vos
436 2241 653 2290 dividatur,
687 2246 723 2280 et
752 2242 809 2281 ita
840 2240 945 2280 horle⁴
973 2253 1060 2279 eum
1083 2239 1275 2280 aedificiis
1300 2242 1644 2293 instrumentoque
1677 2242 1795 2292 omni,

200 2301 306 2353 quod
340 2300 401 2340 die
432 2300 569 2340 mortis
601 2311 713 2340 meae
745 2299 796 2339 ibi
829 2298 1030 2348 habuero,
1072 2298 1159 2338 usui
1191 2304 1326 2339 vestro
1358 2300 1609 2349 deserviant,
1650 2313 1796 2353 quam-

198 2361 267 2400 diu
298 2359 453 2399 vivetis.
515 2358 642 2406 Quive
674 2371 725 2398 ex
758 2358 856 2398 vibis
888 2357 1124 2397 novissimus
1156 2358 1367 2408 morietur,
1407 2357 1546 2399 eodem
1580 2359 1697 2400 niodo
1727 2363 1794 2400 te·—

200 2422 394 2459 stamento
427 2430 501 2458 suo
534 2422 678 2457 caveat
706 2422 748 2457 ut
786 2416 951 2456 heredes
984 2416 1072 2455 eius
1109 2415 1224 2466 quive
1265 2429 1315 2455 ex
1357 2417 1403 2457 iis
1446 2417 1628 2470 prognati
1667 2421 1797 2469 erunt,

196 2477 412 2529 aequaliter
442 2477 479 2516 in
511 2475 691 2516 familiam
724 2475 890 2516 norninis
933 2475 1008 2514 mei
1051 2479 1307 2527 permaneant
1349 2476 1562 2528 codemque
1604 2488 1679 2526 quo
1720 2487 1795 2516 vos

194 2537 285 2576 iure
313 2536 404 2575 sint.
451 2533 496 2575 Et
528 2534 575 2574 ab
607 2533 679 2574 liae
711 2546 755 2574 re
797 2533 1140 2586 promissioneque
1183 2531 1296 2574 dolus
1340 2533 1466 2575 malus
1508 2531 1674 2589 cutus⁴)
1717 2547 1794 2575 ve-

197 2599 342 2646 strum,
384 2593 433 2634 de
465 2593 605 2645 quibus
636 2593 786 2646 agitur,
817 2592 930 2633 absit.
991 2592 1036 2632 Sa·
1066 2595 1262 2632 [alnei-sus
1293 2604 1340 2632 ea
1368 2594 1519 2644 saelum
1550 2593 1638 2643 erit,
1671 2592 1716 2641 Q.
1748 2591 1791 2634 E.

339 2756 374 2799 1)
402 2756 519 2802 quibus
545 2756 588 2790 de
612 2758 722 2799 agitur
747 2758 802 2803 qui
827 2767 927 2801 supra
953 2758 1076 2800 scripta
1094 2762 1178 2791 sunt.
1207 2775 1246 2780 -—
1274 2755 1312 2799 2)
1331 2754 1533 2800 ssorghcsius
1551 2757 1640 2802 apud
1657 2756 1791 2792 Husch-

201 2804 289 2838 kima
315 2804 496 2848 legendum
523 2810 656 2837 censet:
683 2805 734 2837 die
757 2803 976 2848 parenlalae'mn
1001 2816 1163 2843 incertum
1189 2815 1275 2849 quae
1301 2804 1434 2848 quidem
1460 2811 1511 2837 est
1534 2806 1701 2849 vulgatior
1720 2804 1791 2839 for·-

200 2862 271 2892 ina,
296 2852 354 2884 sed
381 2851 551 2884 Husehkio
577 2853 718 2894 spatium
745 2862 819 2883 eant
846 2861 910 2883 non
938 2861 1060 2894 capere
1086 2851 1230 2884 videtur.
1257 2869 1297 2873 —
1324 2848 1362 2892 3)
1388 2851 1438 2883 die
1461 2851 1648 2884 violationis
1673 2853 1790 2886 conie-

200 2898 245 2930 cit
270 2896 485 2941 Borgliesins.
512 2897 708 2931 violationis
735 2908 801 2931 vox
826 2897 890 2930 hoc
915 2907 1026 2938 sensu,
1054 2908 1118 2942 quo
1144 2897 1309 2941 significat
1333 2896 1513 2939 violarum,
1539 2904 1573 2930 ut
1591 2899 1715 2932 rosatio
1732 2909 1791 2932 ro-

200 2954 323 2985 sarum,
351 2945 381 2977 in
407 2944 562 2988 sepulcra
589 2944 770 2978 illationem
795 2944 967 2986 hucusque
993 2945 1107 2987 ignota
1133 2944 1207 2986 suit;
1237 2943 1318 2977 alias
1342 2944 1415 2977 dies
1439 2944 1575 2977 violaris
1600 2944 1654 2978 vel
1679 2945 1790 2980 violae

200 2990 317 3024 dictus.
346 3008 381 3015 -—
413 2992 451 3035 4)
475 2991 569 3025 cuius
593 2990 674 3026 1ι.·1.
699 3001 762 3035 pro
787 2990 930 3025 alicuius
955 2996 989 3025 et
1014 2991 1078 3024 hoc
1103 3001 1184 3033 pro:
1215 2991 1431 3035 maiust-unque
1453 2997 1602 3028 vestrum.
1642 2991 1790 3027 Huschk-
