1877 3313
74 157 161 202 230
519 153 624 188 Inscr.
650 153 821 198 profanae.
870 151 951 199 Cap.
978 151 1017 187 11.
1068 151 1225 186 Tabulae.

72 274 288 319 proxsnmo
317 264 563 312 manserunt,
595 259 738 313 queive
768 257 889 316 a[ger
918 260 1030 301 locus
1062 259 1100 300 in
1132 258 1270 300 Africa
1291 264 1365 309 est,
1397 271 1497 312 quae
1518 259 1668 301 Romae

71 323 229 377 publice
260 321 405 360 venieit
436 319 679 370 venieritve,
711 320 817 372 quod
849 320 934 360 eius
967 319 1054 372 agri
1084 317 1189 359 locei
1221 318 1278 358 eis
1310 318 1528 360 hominibus
1560 319 1667 371 pub-

71 382 146 422 lice
178 379 279 419 deve
311 378 439 419 senati
469 377 666 418 sententia
697 376 826 418 datum
858 377 1105 431 adsignatum
1138 383 1221 427 est,
1252 377 1345 428 quei
1375 376 1477 418 bello
1509 377 1668 417 Poinico

71 450 288 492 proxsumo
322 436 370 480 ad
402 436 684 489 imperatorem
715 436 847 490 populi
878 436 1029 476 romani
1061 434 1344 488 perfugerunt,
1386 447 1459 487 pro
1491 447 1540 475 eo
1572 447 1669 488 agro

71 497 104 538 II
119 497 236 536 virin
260 495 491 536 diebus....
524 495 789 547 proxsumeis,
822 491 986 548 qu]ibus
1019 494 1125 534 livii·
1159 490 1232 547 [ex
1264 493 1298 533 h.
1321 493 1344 533 1.
1376 490 1527 548 fact]us
1551 505 1671 533 crea-

70 560 186 596 tusve
217 554 313 603 erit,
354 553 474 593 facito
507 557 692 605 quantum
725 553 809 606 agri
841 553 917 593 loci
950 553 1169 605 quoiusque
1211 553 1249 592 in
1282 552 1415 604 populi
1445 552 1608 592 leiberei
1632 549 1667 605 ¹)

73 614 167 653 inve
199 625 249 653 eo
281 624 379 666 agro
425 608 554 665 [loco‚
593 612 657 664 qui
698 608 816 665 ager]
849 612 961 652 locus
1002 610 1204 664 perfugeis
1237 610 1351 651 datus
1393 610 1670 663 adsignatusve

72 675 147 722 est,
179 671 302 712 ceivis
333 671 511 711 romanei
542 683 594 710 ex
624 669 659 709 h.
692 669 716 710 1.
750 669 894 710 factum
927 670 1024 721 erit,
1056 681 1134 721 quo
1166 682 1238 723 pro
1271 682 1369 722 agro
1398 669 1488 709 loco
1504 666 1543 721 2)
1575 681 1672 722 ager

71 731 184 772 locus
219 726 354 783 [eeive
384 725 572 783 rom]ano
613 741 665 768 ex
698 727 735 768 11.
769 728 793 768 1.
829 725 900 783 [de
933 740 982 768 eo
1015 740 1112 780 agro
1144 728 1256 778 loco,
1289 728 1380 781 quei
1422 740 1519 780 ager
1558 726 1671 768 locus

70 789 111 829 in
141 786 279 829 Africa
311 791 388 838 est,
419 788 509 840 quei
540 787 687 827 Romae
718 786 874 839 publice
907 799 986 827 11οη
1017 788 1170 837 veniet,
1204 786 1316 826 datus
1348 785 1526 826 redditus
1558 798 1672 828 com-

69 851 294 888 mutatusve
324 858 403 886 non
442 846 539 897 erit,
581 844 808 885 tantundem
849 845 1007 886 modum
1050 846 1134 898 agri
1175 844 1277 885 locei
1318 845 1491 898 quoique
1523 844 1672 898 populo

67 905 221 947 leibero
251 903 511 958 perfugeisve
543 902 609 944 det
639 901 906 957 adsignetve].

703 973 825 1026 Caput
854 972 1046 1013 XXXVII.

211 1032 242 1074 Π
259 1033 343 1085 vir,
384 1033 477 1086 quei
517 1045 568 1073 ex
609 1032 645 1072 h.
678 1032 700 1072 1.
734 1031 861 1072 factus
904 1037 1115 1072 creatusve
1148 1032 1245 1082 erit,
1288 1032 1320 1072 is
1363 1032 1400 1072 in
1443 1030 1581 1072 diebus
1613 1031 1673 1072 CL

71 1093 347 1148 proxsumeis,
390 1092 532 1144 quibus
563 1090 689 1131 factus
722 1095 931 1130 creatusve
975 1091 1070 1140 erit,
1112 1089 1230 1130 facito
1264 1102 1378 1142 quam
1395 1087 1434 1142 ³]
1470 1089 1505 1129 X
1540 1087 1673 1145 [virei,

71 1152 163 1206 quei
193 1148 266 1205 ex]
300 1150 392 1204 lege
423 1150 531 1190 Livia
562 1149 677 1189 factet
709 1150 908 1189 createive
940 1153 1032 1189 sunt
1063 1148 1283 1197 fueruntw,
1319 1146 1422 1202 [eils
1457 1145 1675 1203 [h]omini-

70 1211 146 1252 bus
179 1222 319 1263 agrum
351 1210 389 1249 in
421 1208 557 1248 Africa
589 1207 784 1247 dederunt
815 1207 1164 1261 adsignaveruntw
1200 1204 1251 1259 (l.
1275 1204 1675 1261 adsignaveruntve]‚

71 1280 174 1323 quos
207 1267 443 1321 stipendium
479 1264 647 1320 [populo
680 1278 842 1305 romam)
877 1266 971 1305 dare
1005 1270 1185 1318 oportet,
1228 1266 1286 1305 sei
1328 1265 1418 1317 quid
1462 1267 1546 1306 eius
1590 1267 1675 1318 agri

72 1341 125 1367 ex
156 1327 192 1368 h.
225 1325 249 1366 l.
284 1326 406 1366 ceivis
438 1325 615 1365 romanei
647 1336 738 1365 esse
771 1329 928 1376 oportet
960 1324 1234 1377 oportebitve,
1275 1323 1323 1363 de
1358 1337 1406 1363 eo
1439 1336 1550 1377 agro,
1583 1325 1675 1377 quei

70 1385 253 1440 pubIIcus
284 1383 418 1437 populi
448 1384 600 1424 romani
631 1384 668 1423 in
700 1382 835 1423 Africa
868 1387 949 1432 est„
992 1382 1095 1435 quod
1129 1383 1214 1422 eius
1247 1383 1354 1436 agri,
1397 1383 1487 1435 quei
1518 1383 1674 1436 stipen-

72 1443 231 1485 diarieis
253 1442 367 1483 datus
399 1441 626 1495 adsignatus
659 1446 731 1492 est,
764 1454 815 1480 ex
848 1440 917 1481 1130
940 1441 1029 1494 lege
1055 1438 1197 1494 coivis‘t
1232 1442 1411 1481 romanei
1434 1453 1524 1482 esse
1548 1453 1675 1495 opor-

71 1597 161 1634 ager
192 1586 291 1622 locus
324 1584 357 1621 in
390 1584 510 1620 Africa
544 1589 618 1629 est,
656 1585 713 1632 qui
745 1585 876 1621 Romae
908 1585 1048 1631 publice
1083 1584 1189 1620 veniit
1223 1584 1444 1629 venieritve‚
1472 1583 1566 1630 quod
1601 1583 1675 1619 eius

70 1644 150 1693 agri
180 1644 249 1681 toci
281 1643 330 1679 eis
361 1643 558 1679 hominibus
600 1643 740 1691 public-e
774 1643 865 1678 deve
905 1647 1046 1678 senatus
1079 1643 1254 1678 sententia
1295 1643 1414 1678 datum
1448 1641 1671 1688 adsignatum

71 1708 139 1750 est,
171 1703 229 1750 qui
260 1702 356 1738 betto
388 1701 518 1748 punico
550 1702 715 1748 proximo
748 1701 791 1737 ad
824 1701 1073 1749 imperatorem
1107 1702 1229 1749 populi
1262 1701 1396 1737 romani
1421 1701 1671 1749 perfugerunt,

68 1773 138 1811 pro
170 1773 215 1798 eo
246 1771 337 1807 agro
368 1759 450 1796 1000
483 1760 644 1796 duumvir
679 1761 712 1796 in
745 1760 868 1795 diebus
982 1760 1165 1807 proximis,
1199 1759 1324 1807 quibus
1354 1759 1514 1795 duumvir
1536 1770 1582 1795 ex
1607 1759 1674 1795 hac

69 1821 155 1867 lege
197 1820 309 1856 factus
353 1823 540 1855 creatusve
583 1819 649 1854 erit
681 1818 813 1864 facito,
853 1823 1018 1865 quantum
1061 1819 1137 1865 agri
1169 1819 1238 1854 loci
1282 1819 1450 1865 cuiusque
1482 1817 1516 1853 in
1549 1817 1674 1866 popuii

70 1878 173 1916 liberi
204 1877 286 1914 inve
319 1887 364 1913 eo
397 1888 486 1923 agro
518 1877 615 1923 1000,
646 1877 703 1924 qui
735 1888 823 1923 ager
854 1877 953 1913 loeus
986 1878 1146 1924 perfugis
1180 1877 1282 1912 datus
1315 1877 1570 1923 adsignatusve
1606 1880 1673 1922 est,

69 1927 156 1975 civis
187 1936 321 1973 romani
354 1947 400 1971 ex
432 1937 497 1971 1130
529 1935 612 1981 lege
645 1936 775 1972 factum
808 1935 885 1981 erit,
917 1947 985 1983 quo
1019 1947 1084 1983 pro
1118 1947 1207 1982 agro
1240 1936 1321 1972 loco
1355 1947 1443 1981 ager
1475 1936 1574 1971 locus
1605 1935 1673 1970 civi

69 2006 219 2033 romano
252 2006 297 2032 ex
329 1995 394 2031 1130
426 1995 509 2040 tege
542 1994 586 2030 de
618 2005 663 2030 eo
695 2004 785 2040 agro
817 1994 921 2039 loco7
963 1995 1021 2041 qui
1056 2005 1143 2039 ager
1175 1995 1274 2030 locus
1308 1995 1341 2031 in
1375 1994 1494 2030 Africa
1528 1998 1581 2029 est
1613 1993 1671 2040 qui

70 2055 203 2091 Romae
233 2053 377 2102 publice
410 2064 480 2090 non
513 2053 634 2098 veniit,
668 2054 766 2089 datus
799 2053 957 2088 redditus
991 2058 1271 2089 commutatusve
1304 2064 1374 2089 non
1407 2053 1486 2098 erit,
1524 2056 1671 2088 tantun-

72 2114 152 2150 dem
183 2113 327 2150 modum
359 2111 436 2158 agri
469 2111 538 2148 loci
571 2112 698 2159 cuique
728 2112 864 2159 populo
896 2111 1010 2147 libero
1042 2111 1249 2159 perfugisve
1283 2112 1343 2148 det
1375 2111 1598 2158 adsignetve.

717 2170 830 2217 Caput
859 2169 1034 2207 XXXVII.

210 2229 402 2275 Duumvir,
435 2229 491 2276 qui
524 2240 571 2265 ex
602 2229 668 2264 1130
700 2229 783 2274 lege
815 2228 927 2264 factus
961 2233 1147 2265 creatusve
1180 2228 1268 2274 erit,
1301 2227 1329 2264 is
1362 2228 1395 2264 in
1429 2228 1552 2264 diebus
1583 2239 1673 2263 cen-

74 2293 147 2327 tum
179 2288 458 2336 quinquaginta,
500 2288 624 2335 quibus
658 2287 769 2323 factus
810 2291 997 2323 creatusve
1030 2287 1120 2332 erit,
1163 2287 1290 2332 facito,
1335 2298 1438 2334 quem
1480 2285 1673 2322 decemviri

73 2348 131 2396 qui
164 2347 324 2394 exlege
355 2346 449 2383 Livia
483 2346 565 2382 facti
607 2346 764 2382 creative
805 2350 884 2381 sunt
924 2346 1110 2382 fueruntve
1154 2346 1201 2381 eis
1243 2345 1442 2382 hominibus
1483 2356 1607 2391 agrum
1639 2344 1673 2380 in

71 2407 192 2444 Africa
234 2406 410 2442 dederunt
451 2404 796 2451 adsignaveruntve‚
840 2415 928 2451 quos
969 2403 1182 2451 stipendium
1225 2404 1360 2451 poputo
1404 2414 1553 2440 romano
1587 2403 1673 2439 dare

73 2469 231 2514 oportet,
261 2464 289 2500 si
320 2464 404 2511 quid
438 2463 511 2499 eius
541 2464 620 2509 agri
653 2475 698 2499 ex
732 2465 797 2500 hac
827 2463 911 2509 lege
942 2463 1026 2499 civis
1060 2462 1194 2498 romani
1228 2473 1308 2498 esse
1341 2467 1485 2510 oportet
1517 2466 1672 2510 oporte-

72 2525 192 2570 bitve,
233 2523 278 2559 de
311 2533 356 2559 eo
389 2533 503 2569 agro„
542 2522 600 2569 qui
630 2522 790 2569 publicus
822 2521 945 2570 populi
978 2521 1112 2557 romani
1144 2521 1176 2557 in
1209 2521 1329 2557 Africa
1363 2526 1437 2567 est,
1469 2521 1564 2568 quod
1598 2520 1672 2556 eius

74 2583 165 2630 agri,
198 2581 257 2630 qui
289 2580 529 2629 stipendiariis
563 2581 663 2617 datus
697 2581 900 2628 adsignatus
932 2584 998 2626 est,
1030 2591 1075 2616 ex
1107 2580 1173 2616 1130
1204 2579 1287 2626 loge
1319 2579 1404 2616 civis
1432 2579 1569 2617 romani
1591 2590 1671 2616 esse

214 2720 251 2764 1)
276 2720 404 2755 tabula:
436 2719 572 2753 Ieiberel.
610 2737 650 2742 ——
686 2718 724 2761 2)
752 2718 942 2753 Clausulam
976 2719 1094 2762 capitis
1129 2717 1169 2750 ab
1206 2718 1253 2751 his
1279 2718 1392 2751 verbis
1427 2729 1488 2761 quo
1510 2729 1571 2762 pro
1594 2729 1672 2761 ayt-o

75 2766 263 2801 Huschkius
288 2770 333 2802 ita
360 2766 597 2800 restituendam
624 2768 776 2800 coniicit:
803 2777 869 2811 quo
895 2777 956 2809 pro
982 2776 1065 2809 agro
1091 2764 1165 2797 loco
1192 2776 1274 2809 ager
1301 2765 1393 2798 iocus
1419 2766 1505 2798 ceivi
1532 2775 1673 2798 romano

76 2824 119 2847 ex
144 2814 175 2847 11.
200 2814 220 2847 1.
247 2816 288 2848 de
314 2826 355 2848 eo
382 2823 464 2857 agro
489 2813 577 2853 loco,
601 2815 676 2856 quei
703 2813 835 2857 publice
861 2824 928 2846 11011
953 2814 1089 2853 venieit,
1118 2812 1213 2844 datus
1233 2812 1384 2845 redditus
1402 2818 1672 2844 cominutntusve

76 2871 144 2893 non
170 2862 243 2903 erit,
269 2863 336 2895 utei
362 2860 556 2894 tantundem
583 2862 673 2901 agrei
701 2861 787 2893 locei
814 2861 959 2904 quoique
987 2861 1018 2892 in
1045 2858 1197 2902 populeis
1224 2859 1358 2892 libercis
1376 2858 1594 2902 persugeisve
1614 2858 1671 2891 det

78 2908 286 2951 assignetve,
314 2909 414 2953 idque
440 2909 470 2940 in
497 2907 618 2940 formas
643 2907 794 2948 publicas
821 2907 918 2939 facito
945 2907 1010 2939 ntei
1037 2906 1202 2939 referatur
1227 2907 1248 2938 i.
1275 2917 1305 2938 u.
1332 2917 1361 2938 e.
1387 2916 1411 2937 r.
1440 2915 1468 2937 e.
1489 2916 1520 2937 v.
1554 2921 1598 2926 —
1631 2902 1669 2946 3)

78 2954 324 2988 emendandum
349 2955 482 2989 videtur
505 2964 614 2998 quem,
643 2964 716 2987 cum
743 2953 907 2989 vocabulo
933 2964 1045 2997 athn
1069 2951 1295 2996 subsequente
1322 2951 1605 2995 coniungendum.
