1877 3313
502 95 532 136 §.
558 94 590 128 4.
640 93 885 139 Imperatorum
913 90 1033 127 Edicta
1059 98 1094 127 et
1117 93 1305 139 Rescripta.
1623 90 1707 134 311

96 203 366 252 inscriptionem
397 203 562 240 Marinius
595 208 631 240 et
662 203 885 240 Marcellinus
919 203 963 239 de
995 203 1257 240 Fonscolombe
1288 203 1343 240 in:
1374 201 1519 240 Recueil
1546 202 1608 239 des
1629 202 1710 239 Me·-

94 264 225 301 moires
257 263 302 299 de
337 262 556 299 t'Academie
589 262 707 300 d'Aix.
754 263 836 299 Vol.
869 263 927 299 Ill.
960 262 1070 309 Aquis
1102 262 1233 298 Sextiis
1269 262 1390 298 1827.
1422 263 1486 298 sed
1519 273 1591 298 non
1614 260 1711 298 felici

94 333 280 367 successu,
312 321 480 368 quoniam
511 321 787 358 Stratonicensis
820 321 945 369 lapidis
977 320 1102 357 notitia
1133 321 1290 357 nondum
1323 322 1367 358 ad
1396 333 1460 358 eos
1482 324 1712 369 pervenerat.

94 381 245 418 Leakius
278 381 379 417 huius
411 380 653 429 inscriptionis
686 380 864 428 Aquensis
889 379 1050 416 notitiam
1073 391 1139 427 per
1160 380 1410 416 Vescovalium
1434 379 1583 416 Londini
1604 390 1711 416 com-

96 444 299 477 morantem
331 443 455 476 nactus
488 444 592 487 atque
626 440 669 475 ab
703 440 833 475 eodem
867 439 912 474 de
945 449 1016 474 uno
1051 439 1250 485 eodemque
1282 438 1466 486 utriusque
1501 438 1643 474 tabulae
1675 440 1713 474 et

95 498 375 536 Stratonicensis
407 503 443 534 et
472 497 653 545 Aquensis
699 502 913 544 argumento
958 496 1091 533 certior
1123 497 1258 543 factus,
1302 501 1484 544 utramque
1527 496 1713 533 coniunxit

96 562 132 594 et
165 556 469 594 commentatione
500 557 709 593 illustratam
742 556 866 602 edidit,
900 567 991 603 quae
1023 556 1244 591 inscribitur:
1280 555 1332 591 On
1365 567 1383 591 a
1415 555 1520 591 Edict
1552 555 1592 592 of
1617 555 1711 592 Dio-

97 616 225 653 cletian
257 616 370 662 fixing
403 627 422 651 a
454 616 641 651 Maximum
674 615 715 651 of
743 615 861 662 prices
906 614 1130 660 throughout
1170 615 1230 650 the
1272 615 1404 650 Roman
1446 613 1580 662 empire
1613 626 1644 650 a.
1676 614 1711 650 d.

96 675 191 712 303.
233 675 282 720 by
324 674 386 711 W.
417 674 460 710 M.
503 674 621 711 Leake
666 674 748 720 Esq.
790 673 951 710 London.
988 672 1108 708 1826.
1150 673 1301 720 posthac
1342 673 1474 709 inserta
1518 672 1609 709 libro
1651 671 1713 720 qui

43 737 46 740 ’
94 733 320 770 inscribitur:
354 733 604 769 Transactions
638 733 679 769 of
709 733 769 768 the
803 733 916 778 Royal
958 732 1099 777 society
1133 731 1172 768 of
1202 732 1384 768 literature
1428 732 1469 768 of
1497 732 1557 767 the
1590 731 1712 768 united

93 792 285 839 Kingdom.
330 792 410 828 Vol.
443 792 467 828 Ι.
508 792 668 828 London.
715 790 836 827 1829.
878 803 910 839 p.
948 790 1040 826 181.
1085 790 1205 826 Leakii
1249 790 1503 826 commentatio
1544 790 1711 827 Fonsco-

94 851 228 888 lombio
261 861 378 886 ansam
413 850 523 896 dedit,
561 855 598 886 ut
631 849 925 886 commentationi
958 861 1043 886 suae
1075 849 1174 885 Actis
1207 849 1410 885 academiae
1442 848 1619 896 Aquensis
1652 848 1713 885 in-

93 914 214 946 sertae
244 909 418 945 secundas
452 921 554 946 curas
588 909 779 946 adhiberet
811 909 1011 956 iterumque
1035 908 1160 944 ederet
1192 908 1261 943 hoc-
1294 909 1416 944 titulo:
1450 908 1622 944 Memoire
1653 919 1715 943 sur

94 970 126 1006 le
158 969 368 1017 preambule
400 967 482 1004 d'un
514 968 597 1004 Edit
630 969 674 1004 de
708 967 929 1016 FEuipereur
961 967 1164 1003 Diocletien
1197 967 1315 1002 relatit
1346 979 1389 1003 au
1420 967 1503 1015 prix
1530 967 1593 1002 des
1617 966 1714 1002 den-

51 1034 54 1036 ’
93 1029 174 1064 rees
208 1027 296 1063 dans
329 1027 379 1063 les
412 1028 603 1075 provinces
638 1028 682 1063 de
715 1026 884 1075 l‘Enlpire
916 1026 1077 1071 romain3
1119 1027 1364 1073 accompagne
1398 1025 1443 1062 de
1476 1026 1571 1062 deux
1602 1025 1714 1074 plan-

94 1087 179 1123 ches
210 1086 470 1134 lithographies
502 1098 568 1134 par
599 1086 640 1122 Μ.
674 1087 851 1122 Marcellin
887 1086 930 1121 de
962 1085 1239 1130 Fonscolombe‚
1272 1085 1428 1120 Membre
1453 1085 1551 1121 dela
1573 1083 1713 1121 societe

95 1145 328 1192 academique
362 1144 481 1181 d'Aix.
513 1145 623 1181 Paris.
660 1144 781 1181 1829.
819 1144 899 1180 114
933 1156 1043 1192 pagg.

234 1204 414 1240 Hactenus
449 1205 494 1240 de
527 1208 681 1251 utroque
714 1203 822 1240 edicti
855 1202 1067 1239 Diocletiani
1099 1203 1267 1250 exemplo
1302 1206 1335 1237 et
1364 1202 1408 1238 de
1430 1201 1552 1250 primis
1574 1201 1711 1239 utrius-

95 1275 164 1311 que
197 1262 409 1300 editoribus.
456 1263 556 1299 Nunc
587 1262 804 1309 reliquarum
837 1262 1032 1298 editionum
1065 1266 1100 1297 et
1134 1261 1178 1296 de
1211 1260 1330 1297 edicto
1373 1261 1714 1298 commentationum

94 1333 281 1359 recensum
314 1321 404 1358 infra
437 1321 517 1357 addi
553 1326 712 1369 oportet.
770 1321 966 1356 Pleniorem
1012 1319 1119 1355 edicti
1160 1320 1319 1356 notitiam
1361 1320 1458 1356 dedit
1489 1320 1596 1367 idque
1627 1320 1715 1356 illu-

97 1381 224 1417 stravit
257 1380 471 1428 comparatis
503 1391 621 1416 rerum
664 1379 787 1427 pretiis
829 1379 975 1415 Morcau
1009 1378 1053 1414 de
1086 1378 1217 1414 Ionnes
1252 1378 1286 1414 in
1308 1377 1498 1415 Memoires
1523 1377 1714 1414 del'Aca-

96 1439 212 1477 demie
245 1439 307 1475 des
340 1439 503 1487 Inscript.
536 1438 633 1474 cuius
667 1437 977 1475 commentationis
1021 1437 1201 1485 epitomen
1245 1436 1422 1473 dederunt
1463 1437 1714 1485 ephemerides

95 1502 276 1535 nostrates
319 1509 411 1545 quae
455 1497 715 1534 inscribuntur:
757 1497 912 1542 Zeitung
954 1497 1010 1532 fiir
1042 1496 1099 1532 die
1141 1496 1311 1542 elegante
1353 1495 1457 1532 weit
1503 1494 1625 1531 1826.
1661 1494 1715 1532 14

95 1558 250 1604 August.
291 1561 328 1593 et
357 1556 602 1603 Morgenblatt
642 1556 698 1592 fur
730 1555 919 1602 gebildete
959 1555 1129 1591 Staende.
1166 1554 1274 1590 1827
1308 1566 1340 1590 n.
1374 1554 1440 1591 99.
1476 1553 1569 1591 100.
1616 1555 1717 1591 Inter

101 1618 329 1653 lllonumenta
361 1615 491 1661 legalia
522 1615 662 1663 recepit
702 1615 908 1651 Hanboldus
951 1619 1089 1662 partem
1134 1614 1241 1650 edicti
1282 1625 1371 1661 quae
1413 1613 1611 1661 pretiorum
1653 1614 1713 1650 in·-

96 1675 217 1712 dicem
250 1674 411 1711 continet
441 1686 525 1722 pag.
560 1673 665 1719 268,
707 1674 884 1720 integrum
928 1674 1080 1709 edictum
1112 1672 1145 1709 iu
1178 1672 1390 1721 Appendice
1421 1673 1573 1709 lllonum.
1605 1673 1716 1720 legal.

58 1726 60 1728 ¹
98 1747 133 1784 p.
171 1733 323 1770 1—22.
356 1745 402 1769 ex
444 1733 563 1769 Lealzii
606 1733 764 1769 editione
800 1727 879 1784 [On
922 1744 963 1768 an
1005 1732 1107 1768 Edict
1140 1732 1180 1767 of
1218 1726 1445 1783 Diocletian)
1488 1743 1714 1780 expressum,

98 1793 230 1830 additis
263 1792 480 1830 variantibus
522 1791 754 1828 Sherardiani
786 1797 822 1827 et
853 1790 1063 1827 Bankesiani
1102 1791 1350 1839 exemplorum
1383 1790 1608 1827 lectionibus.
1655 1791 1714 1827 Ad

98 1851 267 1889 Bankesii
300 1852 451 1888 tabulam
475 1851 776 1899 lithographicain
798 1850 976 1887 recensuit
999 1850 1159 1896 Angelus
1181 1850 1290 1886 lllaius
1318 1844 1424 1901 [nam
1445 1849 1716 1886 Fonscolombii

101 1911 271 1959 exemplo
303 1910 347 1946 ad
379 1910 533 1958 lapidem
567 1911 771 1957 Aquensem
803 1921 978 1958 expresso
1012 1904 1149 1960 caruit)
1184 1913 1219 1944 et
1243 1908 1455 1945 obliteratos
1479 1908 1589 1945 edicti
1609 1908 1714 1945 locos

97 1970 194 2007 felici
223 1969 424 2016 sagacitate
465 1968 618 2005 restituit
648 1969 682 2005 in
715 1968 934 2016 Scriptorum
978 1972 1138 2003 veterum
1170 1967 1268 2004 Nova
1303 1966 1536 2003 Collectione.
1567 1967 1715 2004 Romae.

101 2028 222 2066 1831.
265 2029 363 2064 Tom.
396 2028 438 2064 V.
480 2040 514 2075 p.
547 2027 789 2064 296—-31ss.
841 2027 878 2064 In
913 2026 1131 2075 explicandis
1175 2025 1281 2062 edicti
1315 2030 1552 2072 argumento,
1584 2026 1714 2073 causis,

96 2100 215 2125 rerum
246 2087 369 2136 pretiis
412 2098 559 2135 operam
601 2091 775 2123 navarunt
816 2086 946 2122 Giraud
990 2085 1216 2121 Recherches
1259 2096 1317 2120 sur
1349 2084 1383 2120 le
1416 2084 1510 2120 droit
1541 2084 1588 2120 de
1618 2096 1712 2132 pro-

96 2147 212 2197 priete
245 2147 332 2183 chez
364 2147 416 2182 les
449 2145 616 2182 Romains
650 2146 729 2182 Vix.
767 2145 887 2182 1838.
922 2145 956 2181 8.
1012 2144 1132 2180 Picces
1174 2144 1349 2180 iustificat.
1389 2155 1422 2191 p.
1457 2142 1522 2179 32.
1565 2147 1601 2179 et
1633 2144 1712 2180 Du-

96 2218 182 2243 reau
215 2205 259 2242 de
291 2205 322 2241 la
354 2205 456 2241 Malle
498 2204 698 2241 Economie
729 2205 903 2253 politique
937 2204 998 2240 des
1030 2202 1206 2239 Romains.
1249 2202 1354 2238 Paris.
1390 2201 1512 2239 1840.
1554 2202 1653 2239 Tom.
1684 2203 1714 2239 I.

97 2266 200 2313 chap.
231 2264 308 2301 XII.
341 2259 448 2315 (Prix
481 2263 542 2300 des
576 2264 729 2300 denrees
763 2263 902 2311 d'apres
936 2261 1170 2309 l'inscription
1204 2261 1248 2298 de
1272 2255 1526 2312 Stratonicce]
1551 2265 1587 2296 et
1609 2262 1712 2310 chap.

97 2324 180 2362 XIII
213 2317 322 2374 [Prix
355 2323 398 2359 de
431 2323 463 2358 la
494 2322 646 2359 iournee
679 2323 723 2358 de
755 2321 921 2359 l'homme
953 2316 1066 2372 libre)
1100 2332 1133 2368 p.
1169 2315 1425 2373 111—134)
1459 2331 1609 2367 quorum
1650 2320 1712 2357 in-

96 2382 216 2433 primis
247 2381 416 2418 Dureaud
448 2381 494 2417 de
525 2382 557 2417 la
590 2382 691 2418 Malle
723 2381 769 2417 de
801 2382 868 2417 hac
898 2379 1129 2427 inscriptione
1161 2379 1367 2416 illustranda
1401 2378 1552 2426 egregie
1583 2379 1712 2416 meruit

99 2447 136 2479 et
166 2453 228 2478 sua
260 2440 369 2490 ipsius
403 2440 645 2488 disputatione
677 2444 713 2476 et
744 2439 943 2486 Borghesii,
975 2437 1098 2474 summi
1125 2438 1160 2474 in
1183 2438 1254 2474 hoc
1276 2449 1414 2485 genere
1437 2437 1573 2483 arbitri,
1605 2449 1712 2486 quem

99 2500 329 2538 consuluerat
359 2510 536 2547 responso
559 2499 742 2536 nobiscum
765 2497 1083 2542 communicand03
1115 2497 1261 2533 Moreau
1283 2497 1327 2533 de
1349 2497 1480 2534 Ionnes
1504 2496 1573 2533 Sur
1591 2495 1711 2534 l'eco-

99 2559 218 2601 nomie
250 2558 476 2606 domestique
509 2558 572 2595 des
610 2558 800 2603 Romains3
842 2556 985 2593 Iournal
1028 2556 1090 2592 des
1132 2555 1394 2593 Economistes.
1443 2555 1552 2592 Paris.
1587 2554 1711 2594 1842.

100 2619 197 2656 Tom.
227 2618 286 2655 III.
318 2630 352 2666 p.
386 2617 454 2654 42.
503 2617 686 2654 Nostrates
718 2616 783 2652 viri
816 2615 913 2652 docti
947 2615 1170 2663 antiquarum
1199 2615 1380 2652 literarum
1412 2613 1576 2660 studiosi,
1613 2615 1711 2662 quod

101 2689 185 2714 sane
214 2677 362 2725 mireris,
394 2675 494 2712 huius
527 2676 743 2712 monumenti
775 2675 868 2711 haud
903 2685 974 2710 uno
1006 2674 1148 2710 nomine
1180 2673 1298 2710 eximii
1340 2673 1455 2709 adhuc
1486 2673 1564 2709 fere
1606 2673 1711 2711 obliti

102 2747 182 2772 esse
223 2735 400 2772 videntur.
459 2735 545 2771 Nam
587 2739 732 2782 praeter
774 2734 836 2770 Ch.
878 2733 913 2770 L.
944 2733 980 2769 F.
1012 2733 1154 2769 Schultz
1192 2733 1226 2769 in
1264 2733 1355 2769 libro
1392 2732 1449 2779 qui
1487 2730 1707 2770 inscribitur:

104 2794 356 2841 Gruudlegung
380 2805 422 2830 zu
445 2793 544 2830 einer
574 2792 883 2839 geschichtlichen
916 2792 1289 2828 Staatswissenschaft
1319 2791 1382 2826 der
1412 2791 1553 2827 Romer.
1602 2792 1708 2829 Koln.

107 2851 226 2889 1833.
257 2853 290 2889 in
322 2857 419 2890 tanta
450 2852 621 2889 librorum
653 2851 696 2887 ad
717 2851 831 2887 studia
864 2850 1079 2899 antiquitatis
1110 2849 1360 2898 pertinentium
1388 2849 1480 2897 apud
1506 2860 1572 2886 nos
1603 2851 1707 2899 copia

105 2921 174 2947 non
205 2911 322 2949 inveni
353 2911 569 2960 scriptorem
600 2910 658 2958 qui
690 2910 887 2947 accuratius
919 2910 965 2947 de
996 2911 1062 2947 hac
1092 2908 1323 2957 inscriptione
1355 2913 1568 2957 exponeret.
