1918 3313
315 155 346 196 §.
372 155 406 189 2.
457 155 655 197 Pestorum‚
681 154 920 189 sacrificiorum
944 159 979 189 et
1006 164 1180 189 sacrorum
1204 154 1428 200 collegiorum
1453 157 1539 187 acta.
1681 149 1735 193 51

128 260 367 315 epulandum
402 262 636 303 curantibus
668 262 752 303 suis
784 262 981 314 cuiusque
1012 262 1104 303 anni
1134 261 1346 316 Magistris.
1385 259 1485 302 Huic
1514 258 1575 300 rei
1604 257 1739 300 dolum

126 320 267 361 malum
300 320 512 373 afuturum,
544 333 621 374 quo
654 322 780 362 minus
812 333 859 361 ea
892 333 994 373 quae
1025 333 1148 374 super
1180 322 1326 375 scripta
1357 325 1449 361 sunt
1468 318 1576 369 fiant,
1607 318 1739 359 mani-

126 378 275 420 festum
307 384 381 429 est,
414 393 504 421 cuin
538 392 612 433 pro
645 380 771 421 salute
803 380 937 433 optimi
960 380 1146 434 principis
1179 385 1217 421 et
1250 379 1398 421 domini
1427 378 1476 419 N.
1507 376 1619 418 fundi
1637 389 1740 418 con-

127 439 273 479 secrati
305 439 396 491 sint,
429 438 596 491 diesque
629 439 912 480 sacrificiorum
945 439 1237 492 comprehensi.
1281 439 1493 480 Praeterea
1514 436 1630 478 locus
1651 437 1741 478 sive

125 510 218 551 pars
251 498 336 551 agri
368 498 572 550 silvaeque
605 503 666 538 est
695 498 735 538 in
768 498 943 549 vivario,
985 510 1087 550 quae
1120 499 1242 551 cippis
1281 498 1420 551 positis
1460 496 1566 538 circa
1608 495 1741 538 Silva-

126 569 218 597 num
251 556 509 596 determinata
541 560 602 596 est
641 556 826 610 Silvano,
868 557 932 597 cui
964 555 1030 597 det
1070 557 1170 597 viam
1211 557 1307 597 Dius
1349 556 1398 598 ad
1439 555 1636 599 Silvanum
1666 566 1741 607 per

127 614 380 668 fundumque
415 615 609 656 Sicianum
644 616 826 657 omnibus
857 616 1006 669 patebit
1037 615 1152 669 lignis
1192 627 1351 669 quoque
1383 628 1435 655 ex
1465 614 1590 656 fundo
1617 611 1742 655 Galli-

127 676 240 715 ciano
272 678 311 714 et
342 687 448 727 aqua
480 673 674 715 sacrificio
707 674 844 715 hausta
877 679 916 714 et
948 674 998 715 de
1029 675 1181 716 vivario
1222 675 1450 728 promiscue
1489 673 1643 724 licebit,
1685 672 1743 713 uti

71 742 74 744 ’
125 734 225 774 haec
257 734 316 775 sic
352 732 436 773 dari
467 732 552 773 fieri
583 734 779 787 praestari
813 734 900 775 sine
932 733 1025 775 dolo
1057 733 1160 775 malo
1199 734 1312 774 iussit
1353 733 1612 787 permisitque
1652 731 1742 773 Do-

126 792 254 833 mitius
285 791 438 843 Phaon,
471 793 584 833 cuius
619 793 750 833 omine
786 793 825 835 S.
868 793 981 834 locus
1024 792 1107 833 fuit.
1139 815 1196 822 —-
1229 795 1417 844 Caposele.
1460 793 1603 833 Guarini
1641 792 1743 831 Varii

126 854 343 892 monumenti
375 865 410 902 p.
446 853 509 890 13.
569 854 733 891 Bulletin.
766 855 926 892 arohcol.
962 852 1084 892 1835.
1116 867 1151 903 p.
1188 854 1281 891 153.

236 958 297 993 Ex
332 958 580 1003 fragmento
614 958 707 992 albi
734 958 807 992 vel
840 958 1324 1001 fastorum.sodalium‚
1359 965 1403 993 ut
1427 957 1626 1002 videtur,

781 1005 1109 1048 Augustalium.

618 1084 712 1122 387.
773 1082 872 1123 Dec.
895 1078 930 1135 ¹)
963 1081 1118 1123 XXVII.

265 1140 462 1182 Adlectus
495 1140 543 1182 ad
574 1154 778 1182 numerum
811 1154 864 1181 ex
894 1141 932 1182 S.
968 1142 1009 1183 C.
1155 1140 1267 1182 Caes.
1300 1140 1404 1195 Aug.
1527 1138 1741 1181 Germani-

128 1212 198 1241 cus
232 1199 395 1242 Claudio
429 1200 602 1241 Caesare
642 1200 746 1254 Aug.
791 1200 974 1241 German.
1007 1201 1053 1242 V.
1201 1199 1385 1242 Cornelio
1418 1199 1544 1242 Orfito
1578 1199 1669 1242 Cos.
1700 1198 1742 1240 P.

130 1259 174 1300 R.
209 1259 250 1301 C.
284 1272 373 1301 ann.
406 1258 602 1301 DCCCIV.
635 1264 711 1300 etc.

781 1329 880 1370 Dec.
913 1328 1083 1370 XXVIII.

266 1419 299 1429 ..
332 1387 524 1429 Adlectus
557 1387 606 1428 ad
639 1400 845 1428 numerum
877 1400 929 1429 ex
961 1387 998 1429 S.
1032 1387 1073 1428 C.
1107 1387 1151 1428 Τ.
1184 1386 1332 1429 Caesar
1362 1387 1469 1442 Aug.
1502 1387 1542 1428 F.
1565 1388 1742 1442 Impera-

125 1452 188 1489 tor
218 1447 313 1501 Imp.
348 1448 507 1488 Caesar.
540 1448 788 1501 Vespasiano
820 1446 925 1502 Aug.
958 1446 1016 1488 IlI.
1050 1447 1100 1488 M.
1136 1446 1307 1488 Cocceio
1339 1447 1473 1487 Nerva
1506 1447 1597 1488 Cos.
1629 1447 1669 1487 P.
1696 1446 1742 1488 R.

126 1506 470 1548 C.DCCCXX1V.
513 1528 570 1535 ——-—
610 1509 766 1557 Lapidea
807 1510 928 1546 tabula
970 1513 1116 1557 reperta
1159 1509 1194 1545 in
1237 1509 1398 1546 Vatican.
1441 1509 1538 1546 Grut.
1578 1521 1615 1558 p.
1647 1508 1742 1546 300.

125 1570 270 1607 Morcel.
303 1569 368 1618 Op.
400 1581 457 1617 ep.
495 1567 587 1605 125.
622 1568 679 1616 qui
713 1569 755 1605 ad
788 1568 945 1606 soldales
979 1568 1198 1614 Augustales
1229 1568 1353 1605 refert.

267 1646 362 1682 388.
423 1642 523 1695 Imp.
555 1641 763 1683 Antonino
796 1642 872 1683 Pio
905 1642 1037 1683 Felice
1069 1645 1175 1696 Aug.
1208 1642 1257 1683 IV
1280 1647 1318 1682 et
1337 1642 1382 1682 D.
1408 1641 1540 1684 Caelio
1563 1642 1742 1683 Balbino

123 1702 171 1744 ΙΙ
221 1702 311 1743 Cos.
355 1701 405 1743 A.
437 1702 483 1742 P.
516 1702 565 1743 R.
598 1699 696 1757 C.²)
728 1701 1033 1743 DOCCCLXV.
1075 1701 1136 1742 IV.
1177 1700 1280 1742 Non.
1324 1701 1399 1742 Mai
1441 1703 1480 1742 in
1522 1701 1623 1742 aede
1665 1701 1744 1742 divi

123 1762 191 1802 Pu
222 1767 259 1802 et
289 1762 408 1802 divae
438 1761 661 1801 Faustinae
694 1773 747 1801 ea:
779 1761 904 1802 literis
936 1761 1030 1815 Imp.
1064 1760 1256 1801 Antonini
1296 1760 1353 1801 Pii
1383 1760 1528 1801 Felicis
1568 1760 1673 1814 Auq.
1707 1764 1746 1801 et

126 1834 179 1861 ecc
210 1834 410 1862 consensu
439 1820 479 1860 F.
511 1820 555 1860 L.
588 1820 780 1874 Egnatius
813 1821 951 1862 Victor
981 1820 1192 1862 Lollianus
1223 1824 1353 1872 coopt.

263 1880 363 1933 Imp.
396 1878 604 1920 Antonino
635 1879 703 1920 Pio
736 1879 868 1920 Felice
899 1879 1005 1935 Aug.
1039 1884 1079 1920 et
1111 1879 1306 1919 Oclatinio
1338 1878 1524 1920 Advenlo
1569 1878 1660 1920 Cos.
1692 1878 1742 1920 A.

124 1939 171 1980 P.
203 1939 252 1980 R.
286 1939 330 1979 C.
374 1937 672 1979 DCCCCLXX.
707 1950 766 1992 pr.
799 1937 852 1979 Id.
886 1938 956 1979 lul.
988 1939 1027 1979 in
1060 1937 1159 1980 aede
1193 1937 1270 1978 divi
1301 1938 1357 1978 Pii
1390 1943 1427 1978 et
1456 1939 1576 1979 divae
1606 1939 1744 1979 Faus-

125 1999 234 2039 tinae
274 1998 366 2052 Imp.
412 1997 524 2039 Caes.
568 1997 620 2038 M.
663 1996 851 2051 Aurelius
892 1996 1118 2039 Antoninus
1159 1997 1259 2037 Pius
1298 1996 1417 2037 Felix
1457 1996 1562 2050 Auy.
1603 1997 1650 2038 P.
1685 1997 1740 2039 M.

129 2057 236 2098 Trio.
266 2063 351 2111 pot.
388 2056 477 2097 Cos.
510 2056 557 2097 P.
592 2056 637 2097 P.
670 2056 841 2098 Procos.
875 2069 927 2097 ex
958 2057 995 2098 S.
1031 2057 1072 2098 C.
1106 2060 1327 2109 cooptatus.

265 2116 392 2157 Grato
426 2120 462 2156 el
490 2116 659 2156 Seleuco
699 2115 789 2156 Cos.
822 2114 869 2157 A.
900 2116 941 2157 P.
972 2115 1018 2157 R.
1053 2115 1095 2156 C.
1128 2114 1456 2156 DCCCCLXXIII.
1489 2115 1550 2156 VI.
1583 2114 1637 2156 Id.
1671 2113 1740 2156 Iul.

124 2177 168 2217 in
199 2176 301 2216 aede
331 2176 418 2216 clivi
448 2175 515 2215 Pu
547 2188 600 2215 ex
631 2174 668 2216 S.
703 2175 744 2216 C.
778 2174 832 2216 M.
870 2174 973 2216 Aur.
1008 2174 1292 2216 Alexandrum
1318 2174 1602 2216 nobilissimum
1625 2174 1741 2216 Caes.

128 2235 280 2290 imperii
310 2235 395 2275 her.
429 2238 669 2286 cooptatum.

265 2325 462 2335 .........
506 2293 658 2335 Severo
701 2298 741 2333 et
783 2294 840 2335 Ti.
886 2293 1020 2335 Claud.
1065 2292 1279 2341 Quintiano
1323 2292 1412 2333 Cos.
1455 2291 1503 2333 A.
1542 2292 1582 2333 P.
1619 2292 1665 2333 R.
1699 2290 1740 2334 C.

125 2352 526 2395 DCCCCLXXXVIII.
589 2352 680 2393 VIII.
713 2353 796 2393 Kal.
828 2351 954 2406 April.
986 2353 1026 2393 in
1057 2352 1158 2392 aede
1188 2351 1274 2392 clivi
1304 2352 1370 2392 Pu·
1401 2356 1439 2392 et
1468 2352 1590 2392 divae
1608 2355 1741 2392 Faus-

125 2414 235 2454 tinae
264 2413 362 2465 Imp.
396 2411 511 2452 Caes.
545 2411 587 2452 C.
622 2411 752 2452 Iulius
790 2411 919 2452 Verus
941 2408 1194 2452 Maoeiminus
1224 2410 1324 2451 Pius
1354 2411 1474 2451 Felice
1493 2410 1598 2464 Auy.
1623 2411 1731 2451 Pont

125 2485 235 2513 max.
272 2471 381 2512 Trib.
408 2475 496 2523 pot.
529 2471 569 2511 P.
602 2470 643 2510 P.
677 2471 840 2512 Procos.
874 2484 927 2511 ex
958 2471 997 2513 S.
1030 2469 1069 2511 G.
1104 2474 1326 2522 cooptatus.

264 2531 362 2583 Imp.
396 2529 438 2570 C.
470 2529 545 2570 Iul.
578 2529 807 2570 Maoeimino
838 2528 907 2572 Pio
940 2529 1020 2570 Fel.
1053 2528 1157 2583 Aug.
1191 2534 1242 2570 et.
1284 2529 1336 2570 M.
1379 2527 1586 2569 Antonino
1629 2526 1741 2569 Gor-

129 2590 253 2632 diano
284 2589 487 2643 Africano
520 2588 609 2629 Cos.
642 2602 746 2630 anno
772 2594 870 2641 post
906 2589 1069 2630 Romam
1111 2587 1310 2629 conditam
1339 2586 1738 2642 DCCCCLXXXIX.

129 2681 299 2691 ........
335 2648 377 2689 C.
419 2648 551 2689 Iulius
595 2647 724 2688 Verus
756 2647 965 2688 Maximus
1007 2647 1266 2688 Germanicus
1304 2647 1581 2688 nobilissimus
1622 2645 1739 2688 Caes.

128 2738 277 2750 .......
311 2720 403 2748 erra
607 2719 660 2747 em
689 2707 731 2747 S.
765 2706 807 2747 C.
840 2711 1064 2759 cooptatus.
1096 2729 1154 2736 ·—-
1184 2709 1438 2757 Fragmentum
1469 2708 1644 2745 fastorum
1675 2720 1740 2746 sa-

127 2771 361 2808 cerdotalium
391 2770 524 2806 Romae
556 2768 591 2805 in
624 2769 793 2817 capitolio
841 2768 951 2805 1834
994 2768 1185 2815 effossum,
1226 2768 1431 2806 doctissime
1473 2768 1660 2815 suppletur
1702 2771 1740 2804 et

128 2829 327 2879 explicatur
357 2840 378 2866 a
398 2827 601 2877 Borghesio
622 2827 793 2865 Memorio
817 2826 900 2865 dell'
920 2827 1001 2865 inst.
1023 2827 1180 2865 archeol.
1200 2827 1333 2865 Fascio.
1354 2827 1413 2864 ΙΙΙ.
1434 2839 1471 2876 p.
1491 2825 1736 2865 255-325.

272 2965 309 3011 1)
335 2967 485 3004 decuria.
512 2985 555 2994 -
580 2965 619 3011 2)
644 2978 733 3004 anno
758 2973 837 3013 post
859 2966 1001 3003 Romam
1026 2966 1206 3004 conditam.

1458 3021 1525 3066 4⁴15
