<?xml version="1.0" encoding="UTF-8"?>
<!DOCTYPE html PUBLIC "-//W3C//DTD XHTML 1.0 Transitional//EN"
    "http://www.w3.org/TR/xhtml1/DTD/xhtml1-transitional.dtd">
<html xmlns="http://www.w3.org/1999/xhtml" xml:lang="en" lang="en">
 <head>
  <title>
</title>
<meta http-equiv="Content-Type" content="text/html;charset=utf-8" />
  <meta name='ocr-system' content='tesseract 3.04.00' />
  <meta name='ocr-capabilities' content='ocr_page ocr_carea ocr_par ocr_line ocrx_word'/>
</head>
<body>
  <div class='ocr_page' id='page_1' title='image "./handbuchderrmi0103zelluoft_0207.png"; bbox 0 0 1877 3313; ppageno 0'>
   <div class='ocr_carea' id='block_1_1' title="bbox 0 0 41 2958">
    <p class='ocr_par' dir='ltr' id='par_1_1' title="bbox 0 0 41 2958">
     <span class='ocr_line' id='line_1_1' title="bbox 0 0 41 2958; baseline 0 0"><span class='ocrx_word' id='word_1_1' title='bbox 0 0 41 2958; x_wconf 95' lang='lat' dir='ltr'> </span> 
     </span>
    </p>
   </div>
   <div class='ocr_carea' id='block_1_2' title="bbox 289 171 1726 220">
    <p class='ocr_par' dir='ltr' id='par_1_2' title="bbox 289 171 1726 220">
     <span class='ocr_line' id='line_1_2' title="bbox 289 171 1726 220; baseline -0.003 -9"><span class='ocrx_word' id='word_1_2' title='bbox 289 177 320 220; x_wconf 63' lang='grc' dir='ltr'>ς.</span> <span class='ocrx_word' id='word_1_3' title='bbox 347 177 379 212; x_wconf 85' lang='grc'>6.</span> <span class='ocrx_word' id='word_1_4' title='bbox 429 175 530 211; x_wconf 87' lang='lat' dir='ltr'>Tituli</span> <span class='ocrx_word' id='word_1_5' title='bbox 554 175 722 210; x_wconf 89' lang='lat' dir='ltr'>honorarii</span> <span class='ocrx_word' id='word_1_6' title='bbox 747 176 781 210; x_wconf 92' lang='lat' dir='ltr'>in</span> <span class='ocrx_word' id='word_1_7' title='bbox 806 175 923 210; x_wconf 76' lang='lat' dir='ltr'><strong>statuis</strong></span> <span class='ocrx_word' id='word_1_8' title='bbox 947 173 1088 220; x_wconf 84' lang='lat' dir='ltr'>aliisque</span> <span class='ocrx_word' id='word_1_9' title='bbox 1113 175 1337 209; x_wconf 80' lang='lat' dir='ltr'><strong>monumentis</strong></span> <span class='ocrx_word' id='word_1_10' title='bbox 1361 173 1560 207; x_wconf 85' lang='lat' dir='ltr'>honorariis.</span> <span class='ocrx_word' id='word_1_11' title='bbox 1646 171 1726 214; x_wconf 77' lang='grc'>187</span> 
     </span>
    </p>
   </div>
   <div class='ocr_carea' id='block_1_3' title="bbox 122 280 1732 394">
    <p class='ocr_par' dir='ltr' id='par_1_3' title="bbox 122 280 1732 394">
     <span class='ocr_line' id='line_1_3' title="bbox 122 280 1732 338; baseline -0.004 -13"><span class='ocrx_word' id='word_1_12' title='bbox 122 285 216 338; x_wconf 91' lang='lat' dir='ltr'>Pop.</span> <span class='ocrx_word' id='word_1_13' title='bbox 258 283 312 325; x_wconf 84' lang='grc' dir='ltr'>-Χ-</span> <span class='ocrx_word' id='word_1_14' title='bbox 348 285 375 325; x_wconf 95' lang='grc' dir='ltr'>Ι.</span> <span class='ocrx_word' id='word_1_15' title='bbox 410 288 449 324; x_wconf 83' lang='lat' dir='ltr'>et</span> <span class='ocrx_word' id='word_1_16' title='bbox 480 283 637 338; x_wconf 89' lang='lat' dir='ltr'>epulum</span> <span class='ocrx_word' id='word_1_17' title='bbox 670 283 796 325; x_wconf 80' lang='lat' dir='ltr'>suffic.</span> <span class='ocrx_word' id='word_1_18' title='bbox 817 280 854 337; x_wconf 84' lang='lat'>¹)</span> <span class='ocrx_word' id='word_1_19' title='bbox 900 307 950 313; x_wconf 89' lang='lat'><em>-</em></span> <span class='ocrx_word' id='word_1_20' title='bbox 993 284 1181 331; x_wconf 82' lang='lat' dir='ltr'>Anagniae</span> <span class='ocrx_word' id='word_1_21' title='bbox 1214 285 1247 322; x_wconf 90' lang='lat' dir='ltr'>in</span> <span class='ocrx_word' id='word_1_22' title='bbox 1280 285 1374 322; x_wconf 86' lang='lat' dir='ltr'>foro.</span> <span class='ocrx_word' id='word_1_23' title='bbox 1418 282 1562 329; x_wconf 83' lang='lat' dir='ltr'>Dionigi</span> <span class='ocrx_word' id='word_1_24' title='bbox 1599 281 1732 329; x_wconf 87' lang='lat' dir='ltr'>Viaggi</span> 
     </span>
     <span class='ocr_line' id='line_1_4' title="bbox 123 342 1727 394; baseline -0.004 -11"><span class='ocrx_word' id='word_1_25' title='bbox 123 347 184 384; x_wconf 79' lang='lat' dir='ltr'>fol.</span> <span class='ocrx_word' id='word_1_26' title='bbox 216 345 282 382; x_wconf 83' lang='lat'>24.</span> <span class='ocrx_word' id='word_1_27' title='bbox 330 346 523 383; x_wconf 75' lang='lat' dir='ltr'>Mommsen</span> <span class='ocrx_word' id='word_1_28' title='bbox 557 347 607 382; x_wconf 88' lang='lat' dir='ltr'>De</span> <span class='ocrx_word' id='word_1_29' title='bbox 639 345 888 394; x_wconf 86' lang='lat' dir='ltr'>Apparitorrb.</span> <span class='ocrx_word' id='word_1_30' title='bbox 928 343 1047 380; x_wconf 88' lang='lat' dir='ltr'>Rbein.</span> <span class='ocrx_word' id='word_1_31' title='bbox 1080 344 1163 381; x_wconf 83' lang='lat' dir='ltr'>Mus.</span> <span class='ocrx_word' id='word_1_32' title='bbox 1196 344 1229 380; x_wconf 92' lang='lat' dir='ltr'>d.</span> <span class='ocrx_word' id='word_1_33' title='bbox 1261 344 1347 380; x_wconf 91' lang='lat' dir='ltr'>Phil.</span> <span class='ocrx_word' id='word_1_34' title='bbox 1382 342 1505 379; x_wconf 81' lang='grc'>1847.</span> <span class='ocrx_word' id='word_1_35' title='bbox 1536 342 1562 377; x_wconf 92' lang='grc' dir='ltr'>Ι.</span> <span class='ocrx_word' id='word_1_36' title='bbox 1593 354 1626 390; x_wconf 91' lang='lat' dir='ltr'>p.</span> <span class='ocrx_word' id='word_1_37' title='bbox 1660 342 1727 377; x_wconf 83' lang='lat'>49.</span> 
     </span>
    </p>
   </div>
   <div class='ocr_carea' id='block_1_4' title="bbox 101 415 1730 764">
    <p class='ocr_par' dir='ltr' id='par_1_4' title="bbox 101 415 1730 764">
     <span class='ocr_line' id='line_1_5' title="bbox 267 415 1729 470; baseline -0.003 -11"><span class='ocrx_word' id='word_1_38' title='bbox 267 422 388 459; x_wconf 79' lang='lat'>1585.</span> <span class='ocrx_word' id='word_1_39' title='bbox 452 420 497 468; x_wconf 85' lang='lat' dir='ltr'>Q.</span> <span class='ocrx_word' id='word_1_40' title='bbox 530 419 633 460; x_wconf 86' lang='lat' dir='ltr'>Axio</span> <span class='ocrx_word' id='word_1_41' title='bbox 667 419 712 467; x_wconf 81' lang='lat' dir='ltr'>Q.</span> <span class='ocrx_word' id='word_1_42' title='bbox 745 419 785 459; x_wconf 91' lang='lat' dir='ltr'>F.</span> <span class='ocrx_word' id='word_1_43' title='bbox 819 418 945 459; x_wconf 81' lang='lat' dir='ltr'>Pal...</span> <span class='ocrx_word' id='word_1_44' title='bbox 990 418 1060 470; x_wconf 81' lang='lat' dir='ltr'>Eq.</span> <span class='ocrx_word' id='word_1_45' title='bbox 1093 418 1131 458; x_wconf 92' lang='lat' dir='ltr'>P.</span> <span class='ocrx_word' id='word_1_46' title='bbox 1166 418 1351 458; x_wconf 77' lang='lat' dir='ltr'>Laurenti</span> <span class='ocrx_word' id='word_1_47' title='bbox 1381 416 1514 457; x_wconf 87' lang='lat' dir='ltr'>Lavin.</span> <span class='ocrx_word' id='word_1_48' title='bbox 1549 415 1729 455; x_wconf 89' lang='lat' dir='ltr'>Curatori</span> 
     </span>
     <span class='ocr_line' id='line_1_6' title="bbox 121 473 1728 533; baseline -0.004 -13"><span class='ocrx_word' id='word_1_49' title='bbox 121 478 170 520; x_wconf 88' lang='lat' dir='ltr'>ad</span> <span class='ocrx_word' id='word_1_50' title='bbox 200 479 408 533; x_wconf 76' lang='lat' dir='ltr'>populum,</span> <span class='ocrx_word' id='word_1_51' title='bbox 440 479 512 519; x_wconf 81' lang='lat' dir='ltr'>col.</span> <span class='ocrx_word' id='word_1_52' title='bbox 530 476 569 531; x_wconf 89' lang='grc'>2)</span> <span class='ocrx_word' id='word_1_53' title='bbox 601 479 791 519; x_wconf 85' lang='lat' dir='ltr'>Traianae</span> <span class='ocrx_word' id='word_1_54' title='bbox 823 482 862 517; x_wconf 86' lang='lat' dir='ltr'>et</span> <span class='ocrx_word' id='word_1_55' title='bbox 895 477 1082 517; x_wconf 78' lang='lat' dir='ltr'>Aureliae</span> <span class='ocrx_word' id='word_1_56' title='bbox 1114 477 1372 517; x_wconf 65' lang='lat' dir='ltr'>Aeclanensis</span> <span class='ocrx_word' id='word_1_57' title='bbox 1405 476 1514 516; x_wconf 83' lang='lat' dir='ltr'>Proc.</span> <span class='ocrx_word' id='word_1_58' title='bbox 1547 473 1595 514; x_wconf 88' lang='lat' dir='ltr'>ad</span> <span class='ocrx_word' id='word_1_59' title='bbox 1627 473 1728 514; x_wconf 90' lang='lat' dir='ltr'>alim.</span> 
     </span>
     <span class='ocr_line' id='line_1_7' title="bbox 121 533 1730 592; baseline -0.004 -14"><span class='ocrx_word' id='word_1_60' title='bbox 121 551 195 592; x_wconf 88' lang='lat' dir='ltr'>per</span> <span class='ocrx_word' id='word_1_61' title='bbox 225 538 421 592; x_wconf 84' lang='lat' dir='ltr'>Apuliam,</span> <span class='ocrx_word' id='word_1_62' title='bbox 455 537 683 588; x_wconf 77' lang='lat' dir='ltr'>Calabriam,</span> <span class='ocrx_word' id='word_1_63' title='bbox 716 537 925 576; x_wconf 79' lang='lat' dir='ltr'>Lucaniam</span> <span class='ocrx_word' id='word_1_64' title='bbox 958 540 997 575; x_wconf 84' lang='lat' dir='ltr'>et</span> <span class='ocrx_word' id='word_1_65' title='bbox 1029 535 1214 585; x_wconf 77' lang='lat' dir='ltr'>Bruttios,</span> <span class='ocrx_word' id='word_1_66' title='bbox 1247 536 1360 575; x_wconf 89' lang='lat' dir='ltr'>Proc.</span> <span class='ocrx_word' id='word_1_67' title='bbox 1390 538 1462 574; x_wconf 83' lang='lat' dir='ltr'>rat.</span> <span class='ocrx_word' id='word_1_68' title='bbox 1485 533 1584 586; x_wconf 79' lang='lat' dir='ltr'>priV.</span> <span class='ocrx_word' id='word_1_69' title='bbox 1615 544 1730 585; x_wconf 80' lang='lat' dir='ltr'>prOV.</span> 
     </span>
     <span class='ocr_line' id='line_1_8' title="bbox 119 591 1730 648; baseline -0.004 -11"><span class='ocrx_word' id='word_1_70' title='bbox 119 597 244 638; x_wconf 80' lang='lat' dir='ltr'>Maur.</span> <span class='ocrx_word' id='word_1_71' title='bbox 278 595 388 636; x_wconf 86' lang='lat' dir='ltr'>Caes.</span> <span class='ocrx_word' id='word_1_72' title='bbox 420 597 514 636; x_wconf 87' lang='lat' dir='ltr'>item</span> <span class='ocrx_word' id='word_1_73' title='bbox 547 608 618 648; x_wconf 87' lang='lat' dir='ltr'>per</span> <span class='ocrx_word' id='word_1_74' title='bbox 649 595 845 648; x_wconf 81' lang='lat' dir='ltr'>Belgicam</span> <span class='ocrx_word' id='word_1_75' title='bbox 879 599 917 634; x_wconf 87' lang='lat' dir='ltr'>et</span> <span class='ocrx_word' id='word_1_76' title='bbox 950 594 1049 634; x_wconf 88' lang='lat' dir='ltr'>duas</span> <span class='ocrx_word' id='word_1_77' title='bbox 1081 594 1324 645; x_wconf 79' lang='lat' dir='ltr'>Germanias,</span> <span class='ocrx_word' id='word_1_78' title='bbox 1356 594 1467 633; x_wconf 90' lang='lat' dir='ltr'>Proc.</span> <span class='ocrx_word' id='word_1_79' title='bbox 1499 604 1612 646; x_wconf 88' lang='lat' dir='ltr'>prov.</span> <span class='ocrx_word' id='word_1_80' title='bbox 1635 591 1730 632; x_wconf 82' lang='lat' dir='ltr'>Dae.</span> 
     </span>
     <span class='ocr_line' id='line_1_9' title="bbox 113 649 1730 708; baseline -0.004 -13"><span class='ocrx_word' id='word_1_81' title='bbox 113 654 229 708; x_wconf 85' lang='lat' dir='ltr'>Apul.</span> <span class='ocrx_word' id='word_1_82' title='bbox 262 655 321 695; x_wconf 88' lang='lat' dir='ltr'>bis</span> <span class='ocrx_word' id='word_1_83' title='bbox 343 656 430 695; x_wconf 84' lang='lat' dir='ltr'>vice</span> <span class='ocrx_word' id='word_1_84' title='bbox 452 654 661 705; x_wconf 83' lang='lat' dir='ltr'>Praesidis,</span> <span class='ocrx_word' id='word_1_85' title='bbox 694 653 805 694; x_wconf 74' lang='lat' dir='ltr'>’ordo</span> <span class='ocrx_word' id='word_1_86' title='bbox 829 653 902 694; x_wconf 78' lang='lat' dir='ltr'>eol.</span> <span class='ocrx_word' id='word_1_87' title='bbox 927 653 1088 694; x_wconf 88' lang='lat' dir='ltr'>Sarmiz.</span> <span class='ocrx_word' id='word_1_88' title='bbox 1113 653 1319 706; x_wconf 74' lang='lat' dir='ltr'>metropol.</span> <span class='ocrx_word' id='word_1_89' title='bbox 1336 649 1376 706; x_wconf 73' lang='grc'>3)</span> <span class='ocrx_word' id='word_1_90' title='bbox 1410 652 1593 692; x_wconf 82' lang='lat' dir='ltr'>Patrono.</span> <span class='ocrx_word' id='word_1_91' title='bbox 1614 672 1669 678; x_wconf 90' lang='lat'>—</span> <span class='ocrx_word' id='word_1_92' title='bbox 1691 653 1730 688; x_wconf 89' lang='lat' dir='ltr'>In</span> 
     </span>
     <span class='ocr_line' id='line_1_10' title="bbox 101 711 1730 764; baseline -0.004 -11"><span class='ocrx_word' id='word_1_93' title='bbox 101 716 399 762; x_wconf 74' lang='lat' dir='ltr'>-Transylvaniae</span> <span class='ocrx_word' id='word_1_94' title='bbox 423 716 558 764; x_wconf 89' lang='lat' dir='ltr'>oppido</span> <span class='ocrx_word' id='word_1_95' title='bbox 591 715 750 761; x_wconf 72' lang='lat' dir='ltr'>Brettye.</span> <span class='ocrx_word' id='word_1_96' title='bbox 785 714 946 751; x_wconf 84' lang='lat' dir='ltr'>Bulletiu.</span> <span class='ocrx_word' id='word_1_97' title='bbox 981 714 1064 751; x_wconf 84' lang='lat' dir='ltr'>dett&#39;</span> <span class='ocrx_word' id='word_1_98' title='bbox 1096 714 1177 751; x_wconf 88' lang='lat' dir='ltr'>inst.</span> <span class='ocrx_word' id='word_1_99' title='bbox 1211 715 1305 751; x_wconf 87' lang='lat' dir='ltr'>arch.</span> <span class='ocrx_word' id='word_1_100' title='bbox 1343 713 1463 749; x_wconf 73' lang='lat'>1348.</span> <span class='ocrx_word' id='word_1_101' title='bbox 1494 711 1730 760; x_wconf 79' lang='lat' dir='ltr'>p.76.·155.</span> 
     </span>
    </p>
   </div>
   <div class='ocr_carea' id='block_1_5' title="bbox 118 784 1733 1252">
    <p class='ocr_par' dir='ltr' id='par_1_5' title="bbox 118 784 1733 1252">
     <span class='ocr_line' id='line_1_11' title="bbox 267 784 1729 839; baseline -0.002 -11"><span class='ocrx_word' id='word_1_102' title='bbox 267 791 389 829; x_wconf 77' lang='lat'>1586.</span> <span class='ocrx_word' id='word_1_103' title='bbox 453 790 495 829; x_wconf 90' lang='lat' dir='ltr'>C.</span> <span class='ocrx_word' id='word_1_104' title='bbox 529 788 676 829; x_wconf 84' lang='lat' dir='ltr'>Baebio</span> <span class='ocrx_word' id='word_1_105' title='bbox 709 789 746 829; x_wconf 89' lang='lat' dir='ltr'>P.</span> <span class='ocrx_word' id='word_1_106' title='bbox 780 789 820 828; x_wconf 89' lang='lat' dir='ltr'>F.</span> <span class='ocrx_word' id='word_1_107' title='bbox 855 788 932 828; x_wconf 82' lang='lat' dir='ltr'>Cla.</span> <span class='ocrx_word' id='word_1_108' title='bbox 965 789 1098 829; x_wconf 78' lang='lat' dir='ltr'>Attico</span> <span class='ocrx_word' id='word_1_109' title='bbox 1130 789 1160 829; x_wconf 92' lang='lat' dir='ltr'>ll</span> <span class='ocrx_word' id='word_1_110' title='bbox 1192 789 1262 828; x_wconf 75' lang='lat' dir='ltr'>vir.</span> <span class='ocrx_word' id='word_1_111' title='bbox 1295 789 1321 827; x_wconf 92' lang='grc' dir='ltr'>Ι.</span> <span class='ocrx_word' id='word_1_112' title='bbox 1343 787 1388 827; x_wconf 92' lang='lat' dir='ltr'>D.</span> <span class='ocrx_word' id='word_1_113' title='bbox 1420 785 1616 839; x_wconf 88' lang='lat' dir='ltr'>Primopil.</span> <span class='ocrx_word' id='word_1_114' title='bbox 1649 784 1729 839; x_wconf 84' lang='lat' dir='ltr'>leg.</span> 
     </span>
     <span class='ocr_line' id='line_1_12' title="bbox 120 844 1730 897; baseline -0.004 -8"><span class='ocrx_word' id='word_1_115' title='bbox 120 849 166 889; x_wconf 92' lang='lat' dir='ltr'>V.</span> <span class='ocrx_word' id='word_1_116' title='bbox 200 848 445 890; x_wconf 81' lang='lat' dir='ltr'>Macedonio.</span> <span class='ocrx_word' id='word_1_117' title='bbox 479 847 605 888; x_wconf 77' lang='lat' dir='ltr'>Praef.</span> <span class='ocrx_word' id='word_1_118' title='bbox 639 848 851 888; x_wconf 87' lang='lat' dir='ltr'>civitatium</span> <span class='ocrx_word' id='word_1_119' title='bbox 886 847 1062 888; x_wconf 82' lang='lat' dir='ltr'>Moesiae</span> <span class='ocrx_word' id='word_1_120' title='bbox 1096 851 1134 887; x_wconf 86' lang='lat' dir='ltr'>et</span> <span class='ocrx_word' id='word_1_121' title='bbox 1165 845 1400 897; x_wconf 74' lang='lat' dir='ltr'>Trebafflae,</span> <span class='ocrx_word' id='word_1_122' title='bbox 1426 844 1554 885; x_wconf 86' lang='lat' dir='ltr'>Praef.</span> <span class='ocrx_word' id='word_1_123' title='bbox 1587 844 1730 884; x_wconf 88' lang='lat' dir='ltr'>civitat.</span> 
     </span>
     <span class='ocr_line' id='line_1_13' title="bbox 118 904 1733 960; baseline -0.003 -12"><span class='ocrx_word' id='word_1_124' title='bbox 118 909 157 948; x_wconf 91' lang='lat' dir='ltr'>in</span> <span class='ocrx_word' id='word_1_125' title='bbox 181 906 347 960; x_wconf 89' lang='lat' dir='ltr'>Alpibus</span> <span class='ocrx_word' id='word_1_126' title='bbox 380 907 607 958; x_wconf 86' lang='lat' dir='ltr'>maritumis,</span> <span class='ocrx_word' id='word_1_127' title='bbox 641 906 706 946; x_wconf 87' lang='lat' dir='ltr'>Tr.</span> <span class='ocrx_word' id='word_1_128' title='bbox 741 906 815 946; x_wconf 89' lang='lat' dir='ltr'>mil.</span> <span class='ocrx_word' id='word_1_129' title='bbox 850 906 936 946; x_wconf 86' lang='lat' dir='ltr'>coh.</span> <span class='ocrx_word' id='word_1_130' title='bbox 970 906 1046 946; x_wconf 81' lang='lat' dir='ltr'>VII.</span> <span class='ocrx_word' id='word_1_131' title='bbox 1089 919 1147 959; x_wconf 91' lang='lat' dir='ltr'>pr.</span> <span class='ocrx_word' id='word_1_132' title='bbox 1179 904 1374 958; x_wconf 87' lang='lat' dir='ltr'>Primopil.</span> <span class='ocrx_word' id='word_1_133' title='bbox 1407 904 1494 944; x_wconf 91' lang='lat' dir='ltr'>iter.</span> <span class='ocrx_word' id='word_1_134' title='bbox 1535 904 1733 944; x_wconf 81' lang='lat' dir='ltr'>Procura-</span> 
     </span>
     <span class='ocr_line' id='line_1_14' title="bbox 118 963 1732 1018; baseline -0.002 -11"><span class='ocrx_word' id='word_1_135' title='bbox 118 972 194 1008; x_wconf 88' lang='lat' dir='ltr'>tor.</span> <span class='ocrx_word' id='word_1_136' title='bbox 227 967 273 1006; x_wconf 91' lang='lat' dir='ltr'>Ti</span> <span class='ocrx_word' id='word_1_137' title='bbox 303 965 438 1006; x_wconf 88' lang='lat' dir='ltr'>Claudi</span> <span class='ocrx_word' id='word_1_138' title='bbox 472 965 653 1006; x_wconf 83' lang='lat' dir='ltr'>Caesaris</span> <span class='ocrx_word' id='word_1_139' title='bbox 676 964 782 1018; x_wconf 83' lang='lat' dir='ltr'>Aug.</span> <span class='ocrx_word' id='word_1_140' title='bbox 818 965 1041 1006; x_wconf 74' lang='lat' dir='ltr'>Germanici</span> <span class='ocrx_word' id='word_1_141' title='bbox 1083 966 1120 1005; x_wconf 90' lang='lat' dir='ltr'>in</span> <span class='ocrx_word' id='word_1_142' title='bbox 1152 964 1299 1006; x_wconf 78' lang='lat' dir='ltr'>Norico</span> <span class='ocrx_word' id='word_1_143' title='bbox 1340 963 1476 1003; x_wconf 90' lang='lat' dir='ltr'>civitas</span> <span class='ocrx_word' id='word_1_144' title='bbox 1520 963 1732 1004; x_wconf 88' lang='lat' dir='ltr'>Saevatum</span> 
     </span>
     <span class='ocr_line' id='line_1_15' title="bbox 119 1022 1731 1078; baseline -0.004 -12"><span class='ocrx_word' id='word_1_145' title='bbox 119 1031 158 1066; x_wconf 86' lang='lat' dir='ltr'>et</span> <span class='ocrx_word' id='word_1_146' title='bbox 199 1022 528 1078; x_wconf 72' lang='lat' dir='ltr'>Laiancorun1.⁴)</span> <span class='ocrx_word' id='word_1_147' title='bbox 571 1048 627 1054; x_wconf 80' lang='lat'>—</span> <span class='ocrx_word' id='word_1_148' title='bbox 670 1027 811 1074; x_wconf 81' lang='lat' dir='ltr'>Repert.</span> <span class='ocrx_word' id='word_1_149' title='bbox 843 1027 876 1062; x_wconf 90' lang='lat' dir='ltr'>in</span> <span class='ocrx_word' id='word_1_150' title='bbox 921 1026 1059 1074; x_wconf 88' lang='lat' dir='ltr'>oppido</span> <span class='ocrx_word' id='word_1_151' title='bbox 1100 1027 1251 1073; x_wconf 80' lang='lat' dir='ltr'>Zuglio,</span> <span class='ocrx_word' id='word_1_152' title='bbox 1294 1025 1503 1061; x_wconf 82' lang='lat' dir='ltr'>adservatur</span> <span class='ocrx_word' id='word_1_153' title='bbox 1542 1024 1575 1060; x_wconf 88' lang='lat' dir='ltr'>in</span> <span class='ocrx_word' id='word_1_154' title='bbox 1607 1034 1731 1060; x_wconf 85' lang='lat' dir='ltr'>museo</span> 
     </span>
     <span class='ocr_line' id='line_1_16' title="bbox 119 1081 1730 1133; baseline -0.003 -10"><span class='ocrx_word' id='word_1_155' title='bbox 119 1086 276 1124; x_wconf 84' lang='lat' dir='ltr'>Cividati.</span> <span class='ocrx_word' id='word_1_156' title='bbox 337 1086 512 1122; x_wconf 88' lang='lat' dir='ltr'>Cardinal.</span> <span class='ocrx_word' id='word_1_157' title='bbox 547 1086 698 1133; x_wconf 87' lang='lat' dir='ltr'>Diplom.</span> <span class='ocrx_word' id='word_1_158' title='bbox 731 1097 764 1133; x_wconf 87' lang='lat' dir='ltr'>p.</span> <span class='ocrx_word' id='word_1_159' title='bbox 807 1085 901 1121; x_wconf 78' lang='lat'>229.</span> <span class='ocrx_word' id='word_1_160' title='bbox 934 1085 1091 1121; x_wconf 81' lang='lat' dir='ltr'>Kandler</span> <span class='ocrx_word' id='word_1_161' title='bbox 1132 1085 1166 1121; x_wconf 91' lang='lat' dir='ltr'>in</span> <span class='ocrx_word' id='word_1_162' title='bbox 1210 1084 1329 1121; x_wconf 90' lang='lat' dir='ltr'>Diario</span> <span class='ocrx_word' id='word_1_163' title='bbox 1374 1082 1588 1129; x_wconf 71' lang='lat' dir='ltr'>&#39;tergestino</span> <span class='ocrx_word' id='word_1_164' title='bbox 1632 1081 1730 1130; x_wconf 89' lang='lat' dir='ltr'>quod</span> 
     </span>
     <span class='ocr_line' id='line_1_17' title="bbox 118 1141 1733 1192; baseline -0.002 -11"><span class='ocrx_word' id='word_1_165' title='bbox 118 1145 318 1182; x_wconf 87' lang='lat' dir='ltr'>inscribitur</span> <span class='ocrx_word' id='word_1_166' title='bbox 350 1145 452 1181; x_wconf 87' lang='lat' dir='ltr'>Istria</span> <span class='ocrx_word' id='word_1_167' title='bbox 489 1144 611 1181; x_wconf 74' lang='lat'>1847.</span> <span class='ocrx_word' id='word_1_168' title='bbox 636 1156 669 1192; x_wconf 86' lang='lat' dir='ltr'>p.</span> <span class='ocrx_word' id='word_1_169' title='bbox 693 1145 758 1180; x_wconf 79' lang='lat'>40.</span> <span class='ocrx_word' id='word_1_170' title='bbox 796 1144 939 1180; x_wconf 85' lang='lat' dir='ltr'>llenzen</span> <span class='ocrx_word' id='word_1_171' title='bbox 973 1144 1071 1180; x_wconf 83' lang='lat' dir='ltr'>Zwei</span> <span class='ocrx_word' id='word_1_172' title='bbox 1104 1143 1405 1191; x_wconf 75' lang='lat' dir='ltr'>Militardiplome‚</span> <span class='ocrx_word' id='word_1_173' title='bbox 1437 1141 1559 1178; x_wconf 85' lang='lat' dir='ltr'>Rbein.</span> <span class='ocrx_word' id='word_1_174' title='bbox 1590 1141 1733 1178; x_wconf 85' lang='lat' dir='ltr'>Iabrbb.</span> 
     </span>
     <span class='ocr_line' id='line_1_18' title="bbox 122 1203 534 1252; baseline -0.002 -12"><span class='ocrx_word' id='word_1_175' title='bbox 122 1204 244 1241; x_wconf 76' lang='lat'>1848.</span> <span class='ocrx_word' id='word_1_176' title='bbox 276 1203 368 1240; x_wconf 89' lang='lat' dir='ltr'>XIII.</span> <span class='ocrx_word' id='word_1_177' title='bbox 402 1216 434 1252; x_wconf 89' lang='lat' dir='ltr'>p.</span> <span class='ocrx_word' id='word_1_178' title='bbox 467 1203 534 1240; x_wconf 79' lang='lat'>41.</span> 
     </span>
    </p>
   </div>
   <div class='ocr_carea' id='block_1_6' title="bbox 116 1272 1738 1624">
    <p class='ocr_par' dir='ltr' id='par_1_6' title="bbox 116 1272 1738 1624">
     <span class='ocr_line' id='line_1_19' title="bbox 263 1272 1733 1329; baseline -0.001 -13"><span class='ocrx_word' id='word_1_179' title='bbox 263 1280 386 1316; x_wconf 77' lang='grc'>1587.</span> <span class='ocrx_word' id='word_1_180' title='bbox 447 1277 498 1317; x_wconf 86' lang='grc' dir='ltr'>Μ.</span> <span class='ocrx_word' id='word_1_181' title='bbox 531 1277 678 1317; x_wconf 87' lang='lat' dir='ltr'>Baebio</span> <span class='ocrx_word' id='word_1_182' title='bbox 711 1276 761 1316; x_wconf 80' lang='lat' dir='ltr'>M.</span> <span class='ocrx_word' id='word_1_183' title='bbox 798 1276 837 1316; x_wconf 85' lang='lat' dir='ltr'>F.</span> <span class='ocrx_word' id='word_1_184' title='bbox 873 1276 917 1324; x_wconf 86' lang='lat' dir='ltr'>Q.</span> <span class='ocrx_word' id='word_1_185' title='bbox 950 1275 995 1316; x_wconf 93' lang='lat' dir='ltr'>N.</span> <span class='ocrx_word' id='word_1_186' title='bbox 1028 1276 1123 1316; x_wconf 76' lang='lat' dir='ltr'>Aru.</span> <span class='ocrx_word' id='word_1_187' title='bbox 1143 1272 1180 1329; x_wconf 73' lang='grc'>5)</span> <span class='ocrx_word' id='word_1_188' title='bbox 1213 1274 1368 1316; x_wconf 87' lang='lat' dir='ltr'>Suetrio</span> <span class='ocrx_word' id='word_1_189' title='bbox 1401 1273 1592 1316; x_wconf 84' lang='lat' dir='ltr'>Marcello</span> <span class='ocrx_word' id='word_1_190' title='bbox 1625 1285 1733 1327; x_wconf 85' lang='lat' dir='ltr'>equo</span> 
     </span>
     <span class='ocr_line' id='line_1_20' title="bbox 120 1333 1734 1388; baseline -0.003 -11"><span class='ocrx_word' id='word_1_191' title='bbox 120 1336 279 1388; x_wconf 89' lang='lat' dir='ltr'>publico</span> <span class='ocrx_word' id='word_1_192' title='bbox 311 1335 412 1376; x_wconf 89' lang='lat' dir='ltr'>Aed.</span> <span class='ocrx_word' id='word_1_193' title='bbox 447 1333 550 1387; x_wconf 63' lang='lat' dir='ltr'>QG)</span> <span class='ocrx_word' id='word_1_194' title='bbox 584 1334 647 1375; x_wconf 79' lang='lat' dir='ltr'>illi</span> <span class='ocrx_word' id='word_1_195' title='bbox 680 1336 750 1374; x_wconf 76' lang='lat' dir='ltr'>vir.</span> <span class='ocrx_word' id='word_1_196' title='bbox 783 1334 808 1374; x_wconf 88' lang='grc' dir='ltr'>Ι.</span> <span class='ocrx_word' id='word_1_197' title='bbox 843 1334 887 1374; x_wconf 86' lang='lat' dir='ltr'>D.</span> <span class='ocrx_word' id='word_1_198' title='bbox 922 1334 983 1374; x_wconf 86' lang='lat' dir='ltr'>llll</span> <span class='ocrx_word' id='word_1_199' title='bbox 1016 1335 1084 1374; x_wconf 82' lang='lat' dir='ltr'>vir.</span> <span class='ocrx_word' id='word_1_200' title='bbox 1119 1333 1262 1387; x_wconf 83' lang='lat' dir='ltr'>Ouinq.</span> <span class='ocrx_word' id='word_1_201' title='bbox 1296 1334 1337 1374; x_wconf 92' lang='lat' dir='ltr'>ll.</span> <span class='ocrx_word' id='word_1_202' title='bbox 1380 1334 1552 1374; x_wconf 88' lang='lat' dir='ltr'>Patrono</span> <span class='ocrx_word' id='word_1_203' title='bbox 1592 1333 1734 1372; x_wconf 89' lang='lat' dir='ltr'>munic.</span> 
     </span>
     <span class='ocr_line' id='line_1_21' title="bbox 117 1390 1737 1447; baseline -0.002 -12"><span class='ocrx_word' id='word_1_204' title='bbox 117 1396 275 1436; x_wconf 86' lang='lat' dir='ltr'>Flamini</span> <span class='ocrx_word' id='word_1_205' title='bbox 326 1394 403 1434; x_wconf 85' lang='lat' dir='ltr'>divi</span> <span class='ocrx_word' id='word_1_206' title='bbox 445 1395 676 1447; x_wconf 80' lang='lat' dir='ltr'>Vespasiani</span> <span class='ocrx_word' id='word_1_207' title='bbox 719 1394 755 1434; x_wconf 68' lang='grc' dir='ltr'>Η</span> <span class='ocrx_word' id='word_1_208' title='bbox 814 1393 982 1433; x_wconf 71' lang='lat' dir='ltr'>Baebius</span> <span class='ocrx_word' id='word_1_209' title='bbox 1025 1392 1205 1433; x_wconf 85' lang='lat' dir='ltr'>Suetrius</span> <span class='ocrx_word' id='word_1_210' title='bbox 1248 1392 1458 1433; x_wconf 84' lang='lat' dir='ltr'>Marcellus</span> <span class='ocrx_word' id='word_1_211' title='bbox 1500 1397 1539 1431; x_wconf 80' lang='lat' dir='ltr'>et</span> <span class='ocrx_word' id='word_1_212' title='bbox 1580 1390 1737 1432; x_wconf 88' lang='lat' dir='ltr'>Suetria</span> 
     </span>
     <span class='ocr_line' id='line_1_22' title="bbox 116 1451 1738 1507; baseline -0.003 -13"><span class='ocrx_word' id='word_1_213' title='bbox 116 1454 218 1494; x_wconf 86' lang='lat' dir='ltr'>Rufa</span> <span class='ocrx_word' id='word_1_214' title='bbox 250 1454 352 1507; x_wconf 90' lang='lat' dir='ltr'>patri</span> <span class='ocrx_word' id='word_1_215' title='bbox 384 1453 544 1506; x_wconf 87' lang='lat' dir='ltr'>optimo.</span> <span class='ocrx_word' id='word_1_216' title='bbox 607 1452 706 1492; x_wconf 90' lang='lat' dir='ltr'>Huic</span> <span class='ocrx_word' id='word_1_217' title='bbox 732 1452 979 1492; x_wconf 84' lang='lat' dir='ltr'>Decuriones</span> <span class='ocrx_word' id='word_1_218' title='bbox 1004 1451 1125 1492; x_wconf 82' lang='lat' dir='ltr'>sunus</span> <span class='ocrx_word' id='word_1_219' title='bbox 1158 1451 1368 1504; x_wconf 72' lang='lat' dir='ltr'>publicum,</span> <span class='ocrx_word' id='word_1_220' title='bbox 1394 1455 1562 1491; x_wconf 87' lang='lat' dir='ltr'>statuam</span> <span class='ocrx_word' id='word_1_221' title='bbox 1585 1461 1738 1502; x_wconf 85' lang='lat' dir='ltr'>eques-</span> 
     </span>
     <span class='ocr_line' id='line_1_23' title="bbox 117 1508 1738 1565; baseline -0.002 -12"><span class='ocrx_word' id='word_1_222' title='bbox 117 1518 243 1563; x_wconf 84' lang='lat' dir='ltr'>trem,</span> <span class='ocrx_word' id='word_1_223' title='bbox 283 1512 451 1565; x_wconf 89' lang='lat' dir='ltr'>clipeum</span> <span class='ocrx_word' id='word_1_224' title='bbox 484 1516 744 1565; x_wconf 79' lang='lat' dir='ltr'>argenteum,</span> <span class='ocrx_word' id='word_1_225' title='bbox 789 1511 916 1551; x_wconf 85' lang='lat' dir='ltr'>locum</span> <span class='ocrx_word' id='word_1_226' title='bbox 948 1510 1176 1564; x_wconf 88' lang='lat' dir='ltr'>sepulturae</span> <span class='ocrx_word' id='word_1_227' title='bbox 1209 1510 1476 1550; x_wconf 84' lang='lat' dir='ltr'>decreverunt</span> <span class='ocrx_word' id='word_1_228' title='bbox 1517 1514 1556 1549; x_wconf 84' lang='lat' dir='ltr'>et</span> <span class='ocrx_word' id='word_1_229' title='bbox 1597 1508 1738 1550; x_wconf 84' lang='lat' dir='ltr'>urbani</span> 
     </span>
     <span class='ocr_line' id='line_1_24' title="bbox 119 1570 1457 1624; baseline -0.004 -12"><span class='ocrx_word' id='word_1_230' title='bbox 119 1576 284 1612; x_wconf 90' lang='lat' dir='ltr'>statuam</span> <span class='ocrx_word' id='word_1_231' title='bbox 315 1570 557 1624; x_wconf 82' lang='lat' dir='ltr'>pedestrem.</span> <span class='ocrx_word' id='word_1_232' title='bbox 593 1594 647 1598; x_wconf 84' lang='lat'>—</span> <span class='ocrx_word' id='word_1_233' title='bbox 680 1573 802 1618; x_wconf 70' lang='lat' dir='ltr'>Teate.</span> <span class='ocrx_word' id='word_1_234' title='bbox 836 1573 974 1608; x_wconf 81' lang='lat' dir='ltr'>Fabret.</span> <span class='ocrx_word' id='word_1_235' title='bbox 1008 1585 1041 1619; x_wconf 85' lang='lat' dir='ltr'>p.</span> <span class='ocrx_word' id='word_1_236' title='bbox 1075 1571 1171 1607; x_wconf 77' lang='grc'>463.</span> <span class='ocrx_word' id='word_1_237' title='bbox 1205 1572 1300 1608; x_wconf 87' lang='lat' dir='ltr'>Oret.</span> <span class='ocrx_word' id='word_1_238' title='bbox 1335 1571 1457 1608; x_wconf 78' lang='lat'>3853.</span> 
     </span>
    </p>
   </div>
   <div class='ocr_carea' id='block_1_7' title="bbox 121 1654 1739 2462">
    <p class='ocr_par' dir='ltr' id='par_1_7' title="bbox 121 1654 1739 2462">
     <span class='ocr_line' id='line_1_25' title="bbox 274 1654 1738 1712; baseline -0.001 -15"><span class='ocrx_word' id='word_1_239' title='bbox 274 1660 395 1697; x_wconf 75' lang='lat'>1588.</span> <span class='ocrx_word' id='word_1_240' title='bbox 456 1658 506 1699; x_wconf 84' lang='lat' dir='ltr'>M.</span> <span class='ocrx_word' id='word_1_241' title='bbox 540 1657 714 1698; x_wconf 83' lang='lat' dir='ltr'>Bassaco</span> <span class='ocrx_word' id='word_1_242' title='bbox 746 1657 796 1698; x_wconf 87' lang='lat' dir='ltr'>M.</span> <span class='ocrx_word' id='word_1_243' title='bbox 831 1657 870 1697; x_wconf 57' lang='grc' dir='ltr'>Ι).</span> <span class='ocrx_word' id='word_1_244' title='bbox 905 1657 997 1699; x_wconf 87' lang='lat' dir='ltr'>Stel.</span> <span class='ocrx_word' id='word_1_245' title='bbox 1015 1654 1055 1712; x_wconf 78' lang='grc'>7)</span> <span class='ocrx_word' id='word_1_246' title='bbox 1089 1656 1191 1698; x_wconf 86' lang='lat' dir='ltr'>Rufo</span> <span class='ocrx_word' id='word_1_247' title='bbox 1214 1656 1273 1697; x_wconf 90' lang='lat' dir='ltr'>Pr.</span> <span class='ocrx_word' id='word_1_248' title='bbox 1307 1657 1367 1697; x_wconf 85' lang='lat' dir='ltr'>Pr.</span> <span class='ocrx_word' id='word_1_249' title='bbox 1381 1654 1424 1711; x_wconf 76' lang='grc'>8)</span> <span class='ocrx_word' id='word_1_250' title='bbox 1456 1655 1738 1709; x_wconf 81' lang='lat' dir='ltr'>Imperatorum</span> 
     </span>
     <span class='ocr_line' id='line_1_26' title="bbox 123 1714 1736 1770; baseline -0.002 -12"><span class='ocrx_word' id='word_1_251' title='bbox 123 1717 175 1759; x_wconf 84' lang='lat' dir='ltr'>M.</span> <span class='ocrx_word' id='word_1_252' title='bbox 207 1715 347 1758; x_wconf 86' lang='lat' dir='ltr'>Aureli</span> <span class='ocrx_word' id='word_1_253' title='bbox 378 1715 567 1758; x_wconf 86' lang='lat' dir='ltr'>Antonini</span> <span class='ocrx_word' id='word_1_254' title='bbox 599 1721 638 1756; x_wconf 88' lang='lat' dir='ltr'>et</span> <span class='ocrx_word' id='word_1_255' title='bbox 670 1716 711 1756; x_wconf 93' lang='lat' dir='ltr'>L.</span> <span class='ocrx_word' id='word_1_256' title='bbox 745 1716 882 1757; x_wconf 81' lang='lat' dir='ltr'>Aureli</span> <span class='ocrx_word' id='word_1_257' title='bbox 914 1717 1007 1756; x_wconf 83' lang='lat' dir='ltr'>Veri</span> <span class='ocrx_word' id='word_1_258' title='bbox 1050 1721 1089 1756; x_wconf 89' lang='lat' dir='ltr'>et</span> <span class='ocrx_word' id='word_1_259' title='bbox 1121 1716 1163 1755; x_wconf 92' lang='lat' dir='ltr'>L.</span> <span class='ocrx_word' id='word_1_260' title='bbox 1195 1715 1334 1756; x_wconf 86' lang='lat' dir='ltr'>Aureli</span> <span class='ocrx_word' id='word_1_261' title='bbox 1367 1715 1573 1756; x_wconf 88' lang='lat' dir='ltr'>Commodi</span> <span class='ocrx_word' id='word_1_262' title='bbox 1605 1714 1736 1770; x_wconf 82' lang='lat' dir='ltr'>Augg.</span> 
     </span>
     <span class='ocr_line' id='line_1_27' title="bbox 124 1774 1738 1829; baseline -0.002 -12"><span class='ocrx_word' id='word_1_263' title='bbox 124 1776 403 1817; x_wconf 86' lang='lat' dir='ltr'>consularibus</span> <span class='ocrx_word' id='word_1_264' title='bbox 447 1776 692 1816; x_wconf 83' lang='lat' dir='ltr'>ornamentis</span> <span class='ocrx_word' id='word_1_265' title='bbox 733 1774 926 1816; x_wconf 82' lang='lat' dir='ltr'>honorato</span> <span class='ocrx_word' id='word_1_266' title='bbox 970 1780 1008 1815; x_wconf 88' lang='lat' dir='ltr'>et</span> <span class='ocrx_word' id='word_1_267' title='bbox 1050 1775 1100 1816; x_wconf 91' lang='lat' dir='ltr'>ob</span> <span class='ocrx_word' id='word_1_268' title='bbox 1142 1775 1348 1816; x_wconf 74' lang='lat' dir='ltr'>victoriam</span> <span class='ocrx_word' id='word_1_269' title='bbox 1388 1775 1654 1829; x_wconf 86' lang='lat' dir='ltr'>germanicam</span> <span class='ocrx_word' id='word_1_270' title='bbox 1698 1778 1738 1814; x_wconf 87' lang='lat' dir='ltr'>et</span> 
     </span>
     <span class='ocr_line' id='line_1_28' title="bbox 122 1832 1737 1887; baseline -0.002 -10"><span class='ocrx_word' id='word_1_271' title='bbox 122 1835 320 1877; x_wconf 84' lang='lat' dir='ltr'>Sarmatic.</span> <span class='ocrx_word' id='word_1_272' title='bbox 364 1834 551 1874; x_wconf 89' lang='lat' dir='ltr'>Antonini</span> <span class='ocrx_word' id='word_1_273' title='bbox 583 1839 622 1874; x_wconf 83' lang='lat' dir='ltr'>et</span> <span class='ocrx_word' id='word_1_274' title='bbox 656 1833 862 1875; x_wconf 87' lang='lat' dir='ltr'>Commodi</span> <span class='ocrx_word' id='word_1_275' title='bbox 903 1833 1033 1887; x_wconf 78' lang='lat' dir='ltr'>Augg.</span> <span class='ocrx_word' id='word_1_276' title='bbox 1077 1833 1214 1874; x_wconf 88' lang='lat' dir='ltr'>murali</span> <span class='ocrx_word' id='word_1_277' title='bbox 1255 1833 1392 1874; x_wconf 78' lang='lat' dir='ltr'>vallari</span> <span class='ocrx_word' id='word_1_278' title='bbox 1429 1846 1574 1884; x_wconf 84' lang='lat' dir='ltr'>aurea,</span> <span class='ocrx_word' id='word_1_279' title='bbox 1615 1832 1737 1874; x_wconf 86' lang='lat' dir='ltr'>hastis</span> 
     </span>
     <span class='ocr_line' id='line_1_29' title="bbox 122 1891 1735 1947; baseline -0.001 -13"><span class='ocrx_word' id='word_1_280' title='bbox 122 1895 231 1947; x_wconf 86' lang='lat' dir='ltr'>puris</span> <span class='ocrx_word' id='word_1_281' title='bbox 263 1893 326 1934; x_wconf 92' lang='lat' dir='ltr'>llll</span> <span class='ocrx_word' id='word_1_282' title='bbox 357 1893 599 1946; x_wconf 88' lang='lat' dir='ltr'>totidemque</span> <span class='ocrx_word' id='word_1_283' title='bbox 632 1893 788 1933; x_wconf 81' lang='lat' dir='ltr'>vexillis</span> <span class='ocrx_word' id='word_1_284' title='bbox 821 1892 1131 1933; x_wconf 84' lang='lat' dir='ltr'>obsidionalibus</span> <span class='ocrx_word' id='word_1_285' title='bbox 1162 1892 1213 1932; x_wconf 81' lang='grc' dir='ltr'>αι’)</span> <span class='ocrx_word' id='word_1_286' title='bbox 1245 1892 1386 1932; x_wconf 78' lang='lat' dir='ltr'>iisdem</span> <span class='ocrx_word' id='word_1_287' title='bbox 1417 1891 1576 1940; x_wconf 86' lang='lat' dir='ltr'>donato,</span> <span class='ocrx_word' id='word_1_288' title='bbox 1608 1891 1735 1932; x_wconf 83' lang='lat' dir='ltr'>Praef.</span> 
     </span>
     <span class='ocr_line' id='line_1_30' title="bbox 122 1949 1736 2007; baseline -0.002 -14"><span class='ocrx_word' id='word_1_289' title='bbox 122 1952 311 2007; x_wconf 83' lang='lat' dir='ltr'>Aegypti,</span> <span class='ocrx_word' id='word_1_290' title='bbox 342 1950 549 1992; x_wconf 84' lang='lat' dir='ltr'>Praes....</span> <span class='ocrx_word' id='word_1_291' title='bbox 581 1952 693 1992; x_wconf 84' lang='lat' dir='ltr'>Proc.</span> <span class='ocrx_word' id='word_1_292' title='bbox 728 1964 747 1991; x_wconf 90' lang='lat' dir='ltr'>a</span> <span class='ocrx_word' id='word_1_293' title='bbox 780 1952 1010 2002; x_wconf 74' lang='lat' dir='ltr'>rationibus,</span> <span class='ocrx_word' id='word_1_294' title='bbox 1042 1951 1152 1991; x_wconf 88' lang='lat' dir='ltr'>Proc.</span> <span class='ocrx_word' id='word_1_295' title='bbox 1176 1950 1361 2004; x_wconf 81' lang='lat' dir='ltr'>Belgicae</span> <span class='ocrx_word' id='word_1_296' title='bbox 1384 1955 1423 1991; x_wconf 90' lang='lat' dir='ltr'>et</span> <span class='ocrx_word' id='word_1_297' title='bbox 1446 1950 1608 1991; x_wconf 88' lang='lat' dir='ltr'>duarum</span> <span class='ocrx_word' id='word_1_298' title='bbox 1631 1949 1736 1990; x_wconf 90' lang='lat' dir='ltr'>Ger-</span> 
     </span>
     <span class='ocr_line' id='line_1_31' title="bbox 123 2007 1739 2063; baseline -0.002 -11"><span class='ocrx_word' id='word_1_299' title='bbox 123 2012 352 2061; x_wconf 77' lang='lat' dir='ltr'>maniarum,</span> <span class='ocrx_word' id='word_1_300' title='bbox 385 2011 497 2050; x_wconf 91' lang='lat' dir='ltr'>Proc.</span> <span class='ocrx_word' id='word_1_301' title='bbox 531 2011 646 2063; x_wconf 70' lang='lat' dir='ltr'>regni</span> <span class='ocrx_word' id='word_1_302' title='bbox 668 2010 823 2061; x_wconf 70' lang='lat' dir='ltr'>Norici,</span> <span class='ocrx_word' id='word_1_303' title='bbox 854 2011 967 2051; x_wconf 86' lang='lat' dir='ltr'>Proe.</span> <span class='ocrx_word' id='word_1_304' title='bbox 1001 2010 1185 2050; x_wconf 88' lang='lat' dir='ltr'>Asturiae</span> <span class='ocrx_word' id='word_1_305' title='bbox 1213 2014 1252 2048; x_wconf 83' lang='lat' dir='ltr'>et</span> <span class='ocrx_word' id='word_1_306' title='bbox 1274 2009 1482 2058; x_wconf 83' lang='lat' dir='ltr'>Galleciae‚</span> <span class='ocrx_word' id='word_1_307' title='bbox 1515 2009 1621 2049; x_wconf 90' lang='lat' dir='ltr'>Trib.</span> <span class='ocrx_word' id='word_1_308' title='bbox 1647 2007 1739 2049; x_wconf 88' lang='lat' dir='ltr'>coh.</span> 
     </span>
     <span class='ocr_line' id='line_1_32' title="bbox 122 2067 1735 2124; baseline -0.001 -15"><span class='ocrx_word' id='word_1_309' title='bbox 122 2070 164 2109; x_wconf 92' lang='lat' dir='ltr'>ll.</span> <span class='ocrx_word' id='word_1_310' title='bbox 196 2082 259 2124; x_wconf 90' lang='lat' dir='ltr'>pr.</span> <span class='ocrx_word' id='word_1_311' title='bbox 291 2070 398 2110; x_wconf 86' lang='lat' dir='ltr'>Trib.</span> <span class='ocrx_word' id='word_1_312' title='bbox 431 2070 519 2110; x_wconf 87' lang='lat' dir='ltr'>coh.</span> <span class='ocrx_word' id='word_1_313' title='bbox 552 2068 600 2109; x_wconf 69' lang='lat' dir='ltr'>X.</span> <span class='ocrx_word' id='word_1_314' title='bbox 633 2070 719 2110; x_wconf 90' lang='lat' dir='ltr'>urb.</span> <span class='ocrx_word' id='word_1_315' title='bbox 753 2069 859 2109; x_wconf 86' lang='lat' dir='ltr'>Trib.</span> <span class='ocrx_word' id='word_1_316' title='bbox 893 2069 979 2109; x_wconf 87' lang='lat' dir='ltr'>coh.</span> <span class='ocrx_word' id='word_1_317' title='bbox 1014 2069 1059 2109; x_wconf 95' lang='lat' dir='ltr'>V.</span> <span class='ocrx_word' id='word_1_318' title='bbox 1093 2069 1170 2122; x_wconf 80' lang='lat' dir='ltr'>vig.</span> <span class='ocrx_word' id='word_1_319' title='bbox 1205 2069 1291 2108; x_wconf 86' lang='lat' dir='ltr'>urb.</span> <span class='ocrx_word' id='word_1_320' title='bbox 1323 2068 1392 2108; x_wconf 92' lang='grc' dir='ltr'>ΡΡ.</span> <span class='ocrx_word' id='word_1_321' title='bbox 1426 2069 1496 2108; x_wconf 90' lang='lat' dir='ltr'>bis.</span> <span class='ocrx_word' id='word_1_322' title='bbox 1542 2067 1642 2107; x_wconf 86' lang='lat' dir='ltr'>Huic</span> <span class='ocrx_word' id='word_1_323' title='bbox 1662 2079 1735 2108; x_wconf 90' lang='lat' dir='ltr'>se-</span> 
     </span>
     <span class='ocr_line' id='line_1_33' title="bbox 121 2126 1733 2181; baseline -0.002 -11"><span class='ocrx_word' id='word_1_324' title='bbox 121 2133 236 2170; x_wconf 82' lang='lat' dir='ltr'>natus</span> <span class='ocrx_word' id='word_1_325' title='bbox 269 2128 495 2170; x_wconf 85' lang='lat' dir='ltr'>auctoribus</span> <span class='ocrx_word' id='word_1_326' title='bbox 526 2127 645 2180; x_wconf 84' lang='lat' dir='ltr'>Impp.</span> <span class='ocrx_word' id='word_1_327' title='bbox 679 2127 878 2168; x_wconf 85' lang='lat' dir='ltr'>Antonino</span> <span class='ocrx_word' id='word_1_328' title='bbox 913 2133 951 2167; x_wconf 86' lang='lat' dir='ltr'>et</span> <span class='ocrx_word' id='word_1_329' title='bbox 985 2126 1201 2168; x_wconf 89' lang='lat' dir='ltr'>Commodo</span> <span class='ocrx_word' id='word_1_330' title='bbox 1244 2126 1376 2181; x_wconf 77' lang='lat' dir='ltr'>Augg.</span> <span class='ocrx_word' id='word_1_331' title='bbox 1411 2130 1579 2167; x_wconf 89' lang='lat' dir='ltr'>statuam</span> <span class='ocrx_word' id='word_1_332' title='bbox 1611 2138 1733 2166; x_wconf 85' lang='lat' dir='ltr'>aura-</span> 
     </span>
     <span class='ocr_line' id='line_1_34' title="bbox 122 2183 1732 2242; baseline -0.002 -13"><span class='ocrx_word' id='word_1_333' title='bbox 122 2193 199 2229; x_wconf 83' lang='lat' dir='ltr'>tam</span> <span class='ocrx_word' id='word_1_334' title='bbox 213 2183 253 2242; x_wconf 77' lang='grc'>9)</span> <span class='ocrx_word' id='word_1_335' title='bbox 286 2188 324 2228; x_wconf 91' lang='lat' dir='ltr'>in</span> <span class='ocrx_word' id='word_1_336' title='bbox 357 2187 447 2228; x_wconf 84' lang='lat' dir='ltr'>foro</span> <span class='ocrx_word' id='word_1_337' title='bbox 480 2185 557 2227; x_wconf 85' lang='lat' dir='ltr'>divi</span> <span class='ocrx_word' id='word_1_338' title='bbox 590 2187 746 2227; x_wconf 88' lang='lat' dir='ltr'>Traiani</span> <span class='ocrx_word' id='word_1_339' title='bbox 777 2191 816 2227; x_wconf 88' lang='lat' dir='ltr'>ct</span> <span class='ocrx_word' id='word_1_340' title='bbox 848 2186 960 2227; x_wconf 86' lang='lat' dir='ltr'>aliam</span> <span class='ocrx_word' id='word_1_341' title='bbox 993 2187 1095 2228; x_wconf 80' lang='lat' dir='ltr'>civili</span> <span class='ocrx_word' id='word_1_342' title='bbox 1127 2187 1269 2226; x_wconf 87' lang='lat' dir='ltr'>amictu</span> <span class='ocrx_word' id='word_1_343' title='bbox 1301 2186 1339 2225; x_wconf 90' lang='lat' dir='ltr'>in</span> <span class='ocrx_word' id='word_1_344' title='bbox 1372 2185 1515 2238; x_wconf 88' lang='lat' dir='ltr'>templo</span> <span class='ocrx_word' id='word_1_345' title='bbox 1549 2184 1626 2224; x_wconf 85' lang='lat' dir='ltr'>divi</span> <span class='ocrx_word' id='word_1_346' title='bbox 1664 2184 1732 2236; x_wconf 88' lang='lat' dir='ltr'>Pii,</span> 
     </span>
     <span class='ocr_line' id='line_1_35' title="bbox 123 2242 1733 2301; baseline -0.003 -14"><span class='ocrx_word' id='word_1_347' title='bbox 123 2247 279 2287; x_wconf 86' lang='lat' dir='ltr'>tertiam</span> <span class='ocrx_word' id='word_1_348' title='bbox 320 2246 522 2287; x_wconf 83' lang='lat' dir='ltr'>loricatam</span> <span class='ocrx_word' id='word_1_349' title='bbox 563 2246 601 2285; x_wconf 90' lang='lat' dir='ltr'>in</span> <span class='ocrx_word' id='word_1_350' title='bbox 643 2245 790 2299; x_wconf 83' lang='lat' dir='ltr'>templo</span> <span class='ocrx_word' id='word_1_351' title='bbox 939 2242 995 2301; x_wconf 83' lang='grc'>10)</span> <span class='ocrx_word' id='word_1_352' title='bbox 1038 2244 1242 2299; x_wconf 87' lang='lat' dir='ltr'>ponendas</span> <span class='ocrx_word' id='word_1_353' title='bbox 1285 2246 1449 2285; x_wconf 86' lang='lat' dir='ltr'>censuit.</span> <span class='ocrx_word' id='word_1_354' title='bbox 1492 2265 1546 2271; x_wconf 76' lang='lat'>-—</span> <span class='ocrx_word' id='word_1_355' title='bbox 1588 2246 1733 2283; x_wconf 84' lang='lat' dir='ltr'>Romae.</span> 
     </span>
     <span class='ocr_line' id='line_1_36' title="bbox 124 2305 1734 2356; baseline -0.001 -12"><span class='ocrx_word' id='word_1_356' title='bbox 124 2309 220 2345; x_wconf 87' lang='lat' dir='ltr'>Grut.</span> <span class='ocrx_word' id='word_1_357' title='bbox 262 2320 295 2356; x_wconf 91' lang='lat' dir='ltr'>p.</span> <span class='ocrx_word' id='word_1_358' title='bbox 329 2307 424 2344; x_wconf 81' lang='lat'>375.</span> <span class='ocrx_word' id='word_1_359' title='bbox 471 2307 566 2344; x_wconf 89' lang='lat' dir='ltr'>Orel.</span> <span class='ocrx_word' id='word_1_360' title='bbox 600 2306 724 2343; x_wconf 82' lang='lat'>3573.</span> <span class='ocrx_word' id='word_1_361' title='bbox 777 2307 1004 2343; x_wconf 88' lang='lat' dir='ltr'>Kellermann</span> <span class='ocrx_word' id='word_1_362' title='bbox 1050 2306 1154 2353; x_wconf 79' lang='lat' dir='ltr'>Vigil.</span> <span class='ocrx_word' id='word_1_363' title='bbox 1195 2317 1283 2342; x_wconf 92' lang='lat' dir='ltr'>rom.</span> <span class='ocrx_word' id='word_1_364' title='bbox 1327 2307 1385 2342; x_wconf 87' lang='lat' dir='ltr'>lat.</span> <span class='ocrx_word' id='word_1_365' title='bbox 1426 2318 1460 2353; x_wconf 87' lang='lat' dir='ltr'>p.</span> <span class='ocrx_word' id='word_1_366' title='bbox 1494 2305 1559 2341; x_wconf 78' lang='lat'>37.</span> <span class='ocrx_word' id='word_1_367' title='bbox 1600 2316 1632 2341; x_wconf 88' lang='lat' dir='ltr'>n.</span> <span class='ocrx_word' id='word_1_368' title='bbox 1664 2305 1734 2342; x_wconf 81' lang='lat'>42.</span> 
     </span>
     <span class='ocr_line' id='line_1_37' title="bbox 124 2363 1730 2415; baseline -0.002 -11"><span class='ocrx_word' id='word_1_369' title='bbox 124 2378 228 2415; x_wconf 88' lang='lat' dir='ltr'>quem</span> <span class='ocrx_word' id='word_1_370' title='bbox 259 2367 371 2404; x_wconf 86' lang='lat' dir='ltr'>secuti</span> <span class='ocrx_word' id='word_1_371' title='bbox 402 2378 531 2403; x_wconf 89' lang='lat' dir='ltr'>sumus.</span> <span class='ocrx_word' id='word_1_372' title='bbox 564 2366 616 2402; x_wconf 82' lang='lat' dir='ltr'>cf.</span> <span class='ocrx_word' id='word_1_373' title='bbox 649 2367 783 2402; x_wconf 83' lang='lat' dir='ltr'>Roulez</span> <span class='ocrx_word' id='word_1_374' title='bbox 817 2365 1021 2412; x_wconf 75' lang='lat' dir='ltr'>magistrats</span> <span class='ocrx_word' id='word_1_375' title='bbox 1053 2364 1205 2402; x_wconf 88' lang='lat' dir='ltr'>romains</span> <span class='ocrx_word' id='word_1_376' title='bbox 1239 2365 1324 2400; x_wconf 81' lang='lat' dir='ltr'>(lans</span> <span class='ocrx_word' id='word_1_377' title='bbox 1356 2365 1386 2401; x_wconf 90' lang='lat' dir='ltr'>la</span> <span class='ocrx_word' id='word_1_378' title='bbox 1411 2364 1584 2411; x_wconf 82' lang='lat' dir='ltr'>Belgique</span> <span class='ocrx_word' id='word_1_379' title='bbox 1607 2375 1641 2412; x_wconf 89' lang='lat' dir='ltr'>p.</span> <span class='ocrx_word' id='word_1_380' title='bbox 1663 2363 1730 2400; x_wconf 88' lang='grc'>41.</span> 
     </span>
     <span class='ocr_line' id='line_1_38' title="bbox 123 2422 1733 2462; baseline -0.001 0"><span class='ocrx_word' id='word_1_381' title='bbox 123 2426 178 2462; x_wconf 91' lang='lat' dir='ltr'>in:</span> <span class='ocrx_word' id='word_1_382' title='bbox 211 2426 407 2462; x_wconf 83' lang='lat' dir='ltr'>Nouveaux</span> <span class='ocrx_word' id='word_1_383' title='bbox 439 2425 626 2462; x_wconf 84' lang='lat' dir='ltr'>illemoires</span> <span class='ocrx_word' id='word_1_384' title='bbox 660 2425 704 2461; x_wconf 88' lang='lat' dir='ltr'>de</span> <span class='ocrx_word' id='word_1_385' title='bbox 737 2424 944 2462; x_wconf 75' lang='lat' dir='ltr'>l&#39;academie</span> <span class='ocrx_word' id='word_1_386' title='bbox 971 2425 1016 2462; x_wconf 88' lang='lat' dir='ltr'>de</span> <span class='ocrx_word' id='word_1_387' title='bbox 1038 2424 1236 2461; x_wconf 83' lang='lat' dir='ltr'>Bruxelles.</span> <span class='ocrx_word' id='word_1_388' title='bbox 1269 2424 1366 2460; x_wconf 89' lang='lat' dir='ltr'>Tom.</span> <span class='ocrx_word' id='word_1_389' title='bbox 1388 2423 1498 2460; x_wconf 85' lang='lat' dir='ltr'>XVII.</span> <span class='ocrx_word' id='word_1_390' title='bbox 1530 2422 1733 2460; x_wconf 86' lang='lat' dir='ltr'>Rheiniscb.</span> 
     </span>
    </p>
   </div>
   <div class='ocr_carea' id='block_1_8' title="bbox 123 2483 504 2522">
    <p class='ocr_par' dir='ltr' id='par_1_8' title="bbox 123 2483 504 2522">
     <span class='ocr_line' id='line_1_39' title="bbox 123 2483 504 2522; baseline -0.005 0"><span class='ocrx_word' id='word_1_391' title='bbox 123 2484 315 2522; x_wconf 82' lang='lat' dir='ltr'>Jahrbuch.</span> <span class='ocrx_word' id='word_1_392' title='bbox 346 2485 372 2521; x_wconf 95' lang='grc' dir='ltr'>Ι.</span> <span class='ocrx_word' id='word_1_393' title='bbox 409 2483 504 2521; x_wconf 83' lang='lat'>106.</span> 
     </span>
    </p>
   </div>
   <div class='ocr_carea' id='block_1_9' title="bbox 125 2567 1732 2680">
    <p class='ocr_par' dir='ltr' id='par_1_9' title="bbox 125 2567 1732 2680">
     <span class='ocr_line' id='line_1_40' title="bbox 232 2567 1732 2621; baseline 0 -12"><span class='ocrx_word' id='word_1_394' title='bbox 232 2598 238 2604; x_wconf 93' lang='grc'>.</span> <span class='ocrx_word' id='word_1_395' title='bbox 266 2572 387 2609; x_wconf 81' lang='grc'>1589.</span> <span class='ocrx_word' id='word_1_396' title='bbox 449 2569 491 2610; x_wconf 88' lang='lat' dir='ltr'>L.</span> <span class='ocrx_word' id='word_1_397' title='bbox 523 2568 739 2610; x_wconf 83' lang='lat' dir='ltr'>Betilienus</span> <span class='ocrx_word' id='word_1_398' title='bbox 762 2569 804 2610; x_wconf 94' lang='lat' dir='ltr'>L.</span> <span class='ocrx_word' id='word_1_399' title='bbox 827 2569 868 2609; x_wconf 92' lang='lat' dir='ltr'>F.</span> <span class='ocrx_word' id='word_1_400' title='bbox 893 2570 1044 2610; x_wconf 85' lang='lat' dir='ltr'>Vaarus</span> <span class='ocrx_word' id='word_1_401' title='bbox 1066 2567 1163 2609; x_wconf 89' lang='lat' dir='ltr'>haec</span> <span class='ocrx_word' id='word_1_402' title='bbox 1189 2568 1318 2609; x_wconf 86' lang='lat' dir='ltr'>omnia</span> <span class='ocrx_word' id='word_1_403' title='bbox 1341 2580 1441 2621; x_wconf 87' lang='lat' dir='ltr'>quae</span> <span class='ocrx_word' id='word_1_404' title='bbox 1462 2567 1561 2608; x_wconf 79' lang='lat' dir='ltr'>infra</span> <span class='ocrx_word' id='word_1_405' title='bbox 1586 2567 1732 2621; x_wconf 84' lang='lat' dir='ltr'>scripta</span> 
     </span>
     <span class='ocr_line' id='line_1_41' title="bbox 125 2626 1730 2680; baseline -0.001 -11"><span class='ocrx_word' id='word_1_406' title='bbox 125 2632 217 2670; x_wconf 86' lang='lat' dir='ltr'>sont</span> <span class='ocrx_word' id='word_1_407' title='bbox 247 2627 296 2669; x_wconf 91' lang='lat' dir='ltr'>de</span> <span class='ocrx_word' id='word_1_408' title='bbox 329 2632 492 2669; x_wconf 87' lang='lat' dir='ltr'>senatus</span> <span class='ocrx_word' id='word_1_409' title='bbox 522 2629 720 2669; x_wconf 84' lang='lat' dir='ltr'>sententia</span> <span class='ocrx_word' id='word_1_410' title='bbox 751 2628 934 2669; x_wconf 85' lang='lat' dir='ltr'>facienda</span> <span class='ocrx_word' id='word_1_411' title='bbox 966 2627 1154 2669; x_wconf 87' lang='lat' dir='ltr'>coiravit:</span> <span class='ocrx_word' id='word_1_412' title='bbox 1186 2628 1346 2668; x_wconf 83' lang='lat' dir='ltr'>semitas</span> <span class='ocrx_word' id='word_1_413' title='bbox 1378 2628 1416 2668; x_wconf 88' lang='lat' dir='ltr'>in</span> <span class='ocrx_word' id='word_1_414' title='bbox 1449 2626 1567 2680; x_wconf 88' lang='lat' dir='ltr'>opido</span> <span class='ocrx_word' id='word_1_415' title='bbox 1590 2627 1730 2680; x_wconf 90' lang='lat' dir='ltr'>omnis,</span> 
     </span>
    </p>
   </div>
   <div class='ocr_carea' id='block_1_10' title="bbox 126 2791 1731 3026">
    <p class='ocr_par' dir='ltr' id='par_1_10' title="bbox 126 2791 1731 3026">
     <span class='ocr_line' id='line_1_42' title="bbox 267 2791 1731 2836; baseline 0.001 -10"><span class='ocrx_word' id='word_1_416' title='bbox 267 2792 302 2836; x_wconf 84' lang='lat'>1)</span> <span class='ocrx_word' id='word_1_417' title='bbox 329 2793 506 2827; x_wconf 78' lang='lat' dir='ltr'>sufficiens.</span> <span class='ocrx_word' id='word_1_418' title='bbox 532 2809 576 2815; x_wconf 90' lang='lat'><strong>—</strong></span> <span class='ocrx_word' id='word_1_419' title='bbox 602 2791 640 2835; x_wconf 90' lang='grc'>2)</span> <span class='ocrx_word' id='word_1_420' title='bbox 668 2793 832 2827; x_wconf 83' lang='lat' dir='ltr'>coloniae.</span> <span class='ocrx_word' id='word_1_421' title='bbox 861 2812 902 2817; x_wconf 92' lang='lat'>—</span> <span class='ocrx_word' id='word_1_422' title='bbox 929 2791 968 2836; x_wconf 79' lang='lat'>3)</span> <span class='ocrx_word' id='word_1_423' title='bbox 995 2792 1147 2826; x_wconf 87' lang='lat' dir='ltr'>coloniae</span> <span class='ocrx_word' id='word_1_424' title='bbox 1174 2792 1490 2836; x_wconf 81' lang='lat' dir='ltr'>Sarmizegethusae</span> <span class='ocrx_word' id='word_1_425' title='bbox 1520 2792 1731 2836; x_wconf 82' lang='lat' dir='ltr'>metropolis.</span> 
     </span>
     <span class='ocr_line' id='line_1_43' title="bbox 128 2838 1728 2883; baseline -0.002 -8"><span class='ocrx_word' id='word_1_426' title='bbox 128 2859 168 2864; x_wconf 81' lang='lat'>—-</span> <span class='ocrx_word' id='word_1_427' title='bbox 194 2838 232 2882; x_wconf 79' lang='lat'>4)</span> <span class='ocrx_word' id='word_1_428' title='bbox 259 2841 493 2874; x_wconf 80' lang='lat' dir='ltr'>Talancorum.</span> <span class='ocrx_word' id='word_1_429' title='bbox 520 2839 690 2874; x_wconf 80' lang='lat' dir='ltr'>Cardinal.</span> <span class='ocrx_word' id='word_1_430' title='bbox 724 2858 768 2863; x_wconf 92' lang='lat'>—</span> <span class='ocrx_word' id='word_1_431' title='bbox 800 2839 836 2883; x_wconf 89' lang='grc'>5)</span> <span class='ocrx_word' id='word_1_432' title='bbox 865 2841 964 2873; x_wconf 81' lang='lat' dir='ltr'>Marci</span> <span class='ocrx_word' id='word_1_433' title='bbox 991 2841 1057 2873; x_wconf 83' lang='lat' dir='ltr'>filio</span> <span class='ocrx_word' id='word_1_434' title='bbox 1092 2839 1204 2880; x_wconf 85' lang='lat' dir='ltr'>Quinti</span> <span class='ocrx_word' id='word_1_435' title='bbox 1230 2843 1344 2883; x_wconf 80' lang='lat' dir='ltr'>nepoti</span> <span class='ocrx_word' id='word_1_436' title='bbox 1371 2841 1527 2873; x_wconf 83' lang='lat' dir='ltr'>Arniensi</span> <span class='ocrx_word' id='word_1_437' title='bbox 1551 2840 1649 2873; x_wconf 87' lang='lat' dir='ltr'>tribu.</span> <span class='ocrx_word' id='word_1_438' title='bbox 1686 2857 1728 2863; x_wconf 93' lang='lat'>—-</span> 
     </span>
     <span class='ocr_line' id='line_1_44' title="bbox 127 2886 1729 2933; baseline 0 -13"><span class='ocrx_word' id='word_1_439' title='bbox 127 2886 166 2929; x_wconf 87' lang='grc'>6)</span> <span class='ocrx_word' id='word_1_440' title='bbox 191 2887 290 2921; x_wconf 86' lang='lat' dir='ltr'>aedili</span> <span class='ocrx_word' id='word_1_441' title='bbox 317 2889 499 2933; x_wconf 77' lang='lat' dir='ltr'>quaestori.</span> <span class='ocrx_word' id='word_1_442' title='bbox 527 2906 567 2910; x_wconf 92' lang='lat'>——</span> <span class='ocrx_word' id='word_1_443' title='bbox 596 2887 633 2928; x_wconf 83' lang='grc'>7)</span> <span class='ocrx_word' id='word_1_444' title='bbox 659 2887 830 2921; x_wconf 81' lang='lat' dir='ltr'>Stellatina</span> <span class='ocrx_word' id='word_1_445' title='bbox 858 2888 955 2920; x_wconf 90' lang='lat' dir='ltr'>tribu.</span> <span class='ocrx_word' id='word_1_446' title='bbox 984 2905 1024 2909; x_wconf 84' lang='lat'><strong>—</strong></span> <span class='ocrx_word' id='word_1_447' title='bbox 1051 2886 1090 2926; x_wconf 72' lang='grc'>8)</span> <span class='ocrx_word' id='word_1_448' title='bbox 1109 2887 1287 2930; x_wconf 76' lang='lat' dir='ltr'>praesecto</span> <span class='ocrx_word' id='word_1_449' title='bbox 1307 2887 1486 2931; x_wconf 84' lang='lat' dir='ltr'>praetorio.</span> <span class='ocrx_word' id='word_1_450' title='bbox 1515 2905 1552 2909; x_wconf 81' lang='lat'><strong>—</strong></span> <span class='ocrx_word' id='word_1_451' title='bbox 1581 2886 1620 2930; x_wconf 88' lang='grc'>9)</span> <span class='ocrx_word' id='word_1_452' title='bbox 1638 2886 1729 2921; x_wconf 87' lang='lat' dir='ltr'>Gru-</span> 
     </span>
     <span class='ocr_line' id='line_1_45' title="bbox 126 2932 1728 2980; baseline 0.001 -14"><span class='ocrx_word' id='word_1_453' title='bbox 126 2939 234 2967; x_wconf 67' lang='lat' dir='ltr'>tei-usa</span> <span class='ocrx_word' id='word_1_454' title='bbox 257 2941 441 2974; x_wconf 71' lang='lat' dir='ltr'>armatam,</span> <span class='ocrx_word' id='word_1_455' title='bbox 468 2935 555 2979; x_wconf 89' lang='lat' dir='ltr'>quod</span> <span class='ocrx_word' id='word_1_456' title='bbox 584 2941 755 2978; x_wconf 80' lang='lat' dir='ltr'>praestare</span> <span class='ocrx_word' id='word_1_457' title='bbox 781 2935 925 2967; x_wconf 72' lang='lat' dir='ltr'>videtur.</span> <span class='ocrx_word' id='word_1_458' title='bbox 955 2951 1001 2957; x_wconf 88' lang='lat'>—</span> <span class='ocrx_word' id='word_1_459' title='bbox 1028 2932 1087 2976; x_wconf 75' lang='lat'>10)</span> <span class='ocrx_word' id='word_1_460' title='bbox 1114 2934 1276 2978; x_wconf 84' lang='lat' dir='ltr'>Burghes.</span> <span class='ocrx_word' id='word_1_461' title='bbox 1304 2934 1392 2978; x_wconf 87' lang='lat' dir='ltr'>apud</span> <span class='ocrx_word' id='word_1_462' title='bbox 1419 2934 1619 2970; x_wconf 81' lang='lat' dir='ltr'>Kellerman.</span> <span class='ocrx_word' id='word_1_463' title='bbox 1642 2941 1728 2980; x_wconf 86' lang='lat' dir='ltr'>sup-</span> 
     </span>
     <span class='ocr_line' id='line_1_46' title="bbox 127 2979 954 3026; baseline 0 -12"><span class='ocrx_word' id='word_1_464' title='bbox 127 2979 290 3025; x_wconf 88' lang='lat' dir='ltr'>plendum</span> <span class='ocrx_word' id='word_1_465' title='bbox 314 2987 444 3016; x_wconf 88' lang='lat' dir='ltr'>censet:</span> <span class='ocrx_word' id='word_1_466' title='bbox 471 2983 506 3015; x_wconf 82' lang='lat' dir='ltr'>in</span> <span class='ocrx_word' id='word_1_467' title='bbox 531 2980 647 3026; x_wconf 73' lang='lat' dir='ltr'>templo</span> <span class='ocrx_word' id='word_1_468' title='bbox 672 2981 791 3015; x_wconf 80' lang='lat' dir='ltr'>Martis</span> <span class='ocrx_word' id='word_1_469' title='bbox 821 2980 954 3014; x_wconf 78' lang='lat' dir='ltr'>Ultoris.</span> 
     </span>
    </p>
   </div>
  </div>
 </body>
</html>
