1877 3313
620 156 651 197 §.
677 154 708 187 6.
758 152 863 198 Leges
890 159 923 187 et
947 153 1135 198 plebiscita.
1589 152 1673 194 259

77 259 192 312 gibus
224 257 495 299 Thermesium
528 258 718 300 maiorum
738 257 775 313 ¹)
807 258 1022 300 Pisidarum
1053 264 1144 299 aute
1175 258 1212 299 k.
1235 258 1359 312 april„
1390 270 1490 311 quae
1513 256 1675 299 fuerunt

77 317 120 357 L.
154 317 277 357 Gellio
293 315 334 371 ¹⁴)
368 316 436 357 Cn.
470 316 636 358 Lentulo
668 330 789 368 coss„
821 317 1057 358 Ttiermes‹›s
1088 318 1258 358 maiores
1282 317 1433 357 Pisidae
1457 315 1546 357 facti
1569 321 1675 366 sunt,

78 376 252 427 quelque
283 376 330 415 ab
345 372 386 429 3]
418 375 489 416 ieis
521 377 702 428 prognati
734 380 823 416 sunt
855 380 983 426 erunt,
1016 376 1066 415 iei
1098 388 1234 416 omnes
1265 376 1518 429 postereique
1538 387 1674 416 eorum

77 434 315 474 Thermeses
346 435 514 474 maiores
545 434 722 486 Peisidae
754 434 890 474 leiberi
922 435 1058 474 amicei
1089 435 1293 486 soen-ique
1330 433 1487 487 populei
1525 433 1675 474 romani

77 497 217 543 sunto,
248 493 363 545 eique
395 492 551 544 iegibus
582 492 690 533 sueis
722 493 772 532 ita
803 496 954 541 utunto,
985 492 1117 544 itaque
1158 493 1230 532 ieis
1262 493 1445 534 omnibus
1474 493 1581 532 sueis
1613 491 1676 530 le-

75 551 190 604 gibus
221 547 526 604 Thermensis‘1)
569 551 781 591 maioribus
823 550 988 591 Pisideis
1030 551 1107 591 utei
1148 550 1288 602 liceto,
1330 550 1437 603 quod
1479 550 1675 592 advorsus

77 609 175 650 lianc
206 608 336 661 legem
368 620 446 649 non
482 608 560 649 fiat.

216 678 315 726 Quei
346 678 432 731 agri
464 690 567 731 quae
597 679 684 720 loca
720 678 892 719 aedificia
929 678 1083 731 publica
1114 679 1341 732 preivatave
1373 677 1674 719 'rhei-mensium

76 737 266 778 maiorum
300 736 514 776 Pisidarum
546 738 646 777 intra
679 737 790 777 fineis
822 750 959 778 eorum
997 742 1086 777 sunt
1124 734 1387 791 fueruntve⁵]
1420 737 1492 778 ieis
1524 748 1675 778 conso-

75 794 198 845 libus,
231 796 325 848 quei
357 807 475 848 supra
507 797 666 848 scriptei
697 801 805 844 sunt,
843 795 1029 848 quodque
1063 808 1195 835 earum
1228 808 1360 836 rerum
1391 797 1463 836 ieis
1496 795 1674 836 consuli-

75 855 148 893 bus
179 854 230 893 iei
264 853 484 894 babuerunt
524 854 779 907 possiderunt
794 852 834 908 ⁰)
866 855 950 894 usei
992 854 1185 894 fructeive
1227 860 1336 906 sunt,
1378 866 1480 907 quae
1521 855 1571 893 de
1602 853 1674 894 ieis

74 912 195 952 rebus
231 907 378 965 [iocata
420 924 499 952 non
530 917 622 952 sunt
653 909 754 967 utei]
798 908 935 965 an[tea
968 912 1134 953 habeant
1174 909 1449 967 possideant],
1490 924 1675 965 quaeque

75 971 124 1010 de
155 971 199 1010 iis
230 971 353 1011 rebus
386 967 541 1025 [agreis
574 970 698 1010 loceis
730 971 941 1011 aedilicieis
972 971 1097 1011 locata
1122 968 1233 1025 sunt]
1261 971 1355 1011 baec
1377 983 1427 1011 ne
1450 966 1675 1025 [locent]ur

78 1025 290 1081 [sancitum
333 1035 395 1069 est
436 1029 615 1069 santione
658 1026 783 1083 q]uae
825 1029 926 1070 facta
964 1034 1024 1069 est
1057 1026 1130 1083 [ex
1172 1028 1262 1083 lege
1303 1034 1440 1082 rogata
1473 1028 1513 1069 L.
1547 1028 1673 1070 Gellio

76 1088 144 1128 Cn.
176 1086 344 1128 Lentulo
375 1087 487 1128 Coss.
521 1085 591 1142 e]a
623 1088 752 1128 omnia
784 1084 1045 1142 The[rmeses
1078 1088 1248 1128 maiores
1279 1087 1458 1128 Peisidae
1484 1083 1673 1141 habeant]

73 1145 303 1198 possideant
333 1146 485 1197 ieisque
521 1141 662 1198 [rebus
693 1146 817 1186 loceis
859 1147 990 1199 agreis
1030 1145 1243 1186 aedificieis
1284 1144 1464 1201 ujtantur
1494 1145 1674 1186 fruantur

74 1205 125 1244 ita
157 1205 237 1244 utei
269 1199 382 1256 an[te
414 1204 555 1244 bellum
588 1204 792 1244 Mitridatis
825 1202 951 1259 quod]
987 1205 1177 1257 preimum
1204 1203 1273 1244 fuit
1300 1204 1520 1244 babuerunt
1555 1199 1674 1258 [pos-

74 1261 265 1303 sederunt
295 1263 380 1302 usei
412 1260 629 1317 l‘i·uctei]ve
661 1267 762 1303 sunt.
778 1259 819 1316 τ)

215 1320 325 1368 Quae
357 1320 654 1361 Therinensium
678 1333 866 1361 maiorum
887 1318 1101 1360 Pisidarum
1123 1319 1278 1373 publica
1301 1320 1529 1373 preivatave
1550 1332 1674 1373 prae-=

75 1384 135 1419 ter
164 1379 251 1420 loca
282 1391 402 1432 agros
433 1378 608 1418 aedificia
642 1383 734 1419 sunt
766 1378 977 1418 l'ueruntve
1010 1383 1099 1418 ante
1132 1378 1272 1418 bellum
1305 1378 1532 1429 Mitridatis,
1564 1377 1672 1432 quod

73 1438 262 1490 preimum
293 1436 436 1477 sactum
470 1442 543 1486 est,
576 1436 762 1490 quodque
795 1449 930 1476 earum
962 1449 1094 1476 rerum
1124 1437 1172 1476 iei
1195 1442 1308 1476 antea
1331 1437 1550 1477 babuerunt
1574 1449 1674 1490 pos-

73 1495 264 1536 sederunt
304 1495 388 1535 usei
428 1494 619 1535 fructeive
662 1500 772 1544 sunt,
815 1495 921 1546 quod
963 1497 1049 1535 eius
1090 1495 1188 1547 ipsei
1220 1507 1290 1535 sua
1330 1495 1504 1535 volutate
1546 1496 1594 1535 ab
1627 1507 1673 1535 se

72 1566 151 1594 non
194 1553 486 1602 abalienarunt,
535 1566 580 1593 ea
623 1554 750 1594 omnia
793 1553 1087 1593 'thei-mensium
1130 1553 1319 1594 maiorum
1360 1553 1575 1593 Pisidarum
1618 1553 1674 1593 uti

71 1617 161 1653 sunt
199 1611 383 1662 fuerunt,
424 1612 475 1652 ita
516 1617 656 1663 sunm,
700 1612 872 1665 itemque
915 1612 986 1652 ieis
1019 1624 1065 1652 ea
1107 1612 1236 1653 omnia
1276 1611 1422 1652 babere
1462 1610 1671 1665 possidere

71 1671 179 1712 uutei
210 1669 391 1723 frueique
424 1670 552 1711 liceto.

211 1728 319 1776 Quos
352 1729 619 1769 'l'liermenses
652 1730 821 1770 maiores
854 1728 1005 1769 Pisidae
1037 1728 1209 1769 leiberos
1241 1741 1436 1770 servosve
1466 1728 1569 1770 bello
1590 1728 1670 1771 Mi-

70 1786 221 1828 tridatis
253 1788 516 1837 ameiserunt‚
548 1789 798 1841 magistratus
829 1784 999 1841 pr[ove]
1035 1789 1286 1840 magistratu,
1317 1788 1434 1840 quoia
1466 1787 1516 1828 de
1547 1799 1592 1828 ea
1625 1800 1670 1829 re

70 1845 285 1886 iurisdictio
318 1846 409 1896 erit,
450 1842 615 1900 qu[um]
650 1845 699 1886 de
731 1858 777 1886 ea
809 1859 853 1886 re
886 1848 922 1886 in
955 1846 1042 1886 ious
1075 1845 1219 1886 aditum
1252 1847 1348 1895 erit,
1380 1847 1430 1886 ita
1464 1845 1513 1886 de
1545 1858 1593 1886 ea
1626 1858 1670 1886 re

69 1905 157 1945 ious
190 1903 376 1945 deicunto
406 1904 546 1945 iudicia
577 1901 957 1958 recuperationes&
992 1903 1109 1945 danto
1140 1905 1220 1944 utei
1250 1905 1300 1944 iei
1332 1916 1403 1946 eos
1429 1915 1671 1957 recuperare

69 1962 235 2016 possint.

207 2020 278 2061 Nei
310 2022 396 2074 quis
427 2021 680 2075 magistratus
712 2034 835 2075 prove
868 2021 1096 2075 magistratu
1118 2021 1270 2075 legatus
1294 2018 1440 2075 nev[e]
1464 2021 1549 2074 quis
1572 2019 1668 2060 alius

69 2079 235 2120 meilites
264 2079 302 2120 in
335 2079 518 2132 oppidum
551 2080 823 2120 Thermesium
856 2081 1043 2120 maiorum
1083 2079 1274 2120 hiemandi
1315 2092 1454 2120 caussa
1486 2080 1669 2119 introdu-

70 2139 161 2189 cito,
192 2139 308 2178 neive
340 2137 458 2178 facito
491 2150 570 2192 quo
603 2139 689 2191 quis
722 2151 771 2179 eo
794 2139 960 2178 meilites
980 2138 1211 2186 introducat,
1244 2150 1376 2190 quove
1403 2138 1478 2177 ibei
1502 2138 1667 2177 meilites

68 2197 263 2246 hiemant,
296 2197 395 2237 nisei
426 2201 586 2237 senatus
619 2197 843 2238 nominatim
874 2197 954 2237 utei
985 2197 1255 2237 Thermesium
1293 2197 1481 2237 maiorum
1514 2194 1669 2236 Pisida-

69 2267 155 2295 rum
185 2255 222 2295 in
254 2254 504 2295 hibernacula
535 2254 702 2296 meilites
747 2255 992 2296 deducantur
1025 2254 1272 2304 decreverit;
1314 2256 1429 2295 neive
1460 2254 1546 2307 quis
1579 2265 1667 2293 ma—

69 2314 260 2367 gistratus
301 2325 427 2366 prove
469 2314 698 2368 magistratu
739 2313 893 2368 legatus
935 2326 1015 2354 neu
1057 2314 1143 2366 quis
1184 2313 1280 2354 alius
1326 2313 1441 2354 neive
1487 2313 1667 2367 inperato

208 2474 245 2519 1)
270 2477 427 2510 vaniorem
452 2476 562 2511 tabula
589 2476 763 2511 mendose.
803 2477 960 2511 Editores
987 2477 1042 2510 alii
1066 2476 1233 2518 Peisidae‚
1259 2477 1314 2510 alii
1340 2475 1480 2510 Pisidae.
1522 2474 1667 2509 Tabula:

68 2522 217 2557 Peisidae
242 2529 275 2557 et
300 2534 377 2557 mox
404 2524 508 2557 altera
533 2525 714 2568 scriptione
740 2523 938 2557 Pisidarum.
965 2541 1007 2545 —
1034 2523 1072 2565 2)
1098 2524 1135 2557 L.
1163 2523 1284 2557 Gallio.
1309 2523 1427 2556 Μυκη.
1455 2540 1496 2546 -
1522 2522 1561 2563 3)
1585 2532 1667 2565 spa-

68 2572 150 2603 tium
176 2571 263 2603 inter
287 2570 326 2603 ab
350 2577 385 2604 et
410 2571 450 2603 iis
475 2570 626 2604 relictum
652 2576 702 2603 est
719 2569 762 2603 ob
786 2572 874 2603 aeris
892 2571 1026 2614 aliquod
1046 2571 1332 2614 impedimentum,
1356 2580 1467 2613 neque
1485 2569 1668 2614 quidquam

69 2617 203 2650 excidit.
230 2616 386 2661 Gottling.
421 2617 486 2650 Pro
510 2618 645 2661 queique
670 2617 890 2650 Muratorius:
915 2618 1034 2660 queive.
1072 2635 1108 2639 —
1138 2615 1177 2659 4)
1204 2617 1365 2650 mendose
1389 2625 1451 2659 pro
1476 2614 1666 2649 Thermen-

69 2663 170 2697 sibus.
200 2681 238 2686 —
267 2661 304 2705 5]
328 2665 472 2705 suerunt.
500 2664 616 2697 Mutat.
644 2681 686 2686 —
713 2662 751 2705 6)
774 2664 984 2708 possederunt
1008 2664 1126 2697 Murat.
1153 2663 1261 2696 Litera
1287 2663 1299 2696 I
1325 2664 1357 2695 in
1377 2662 1582 2705 possiderunt
1598 2672 1665 2696 non

69 2711 147 2743 satis
172 2709 265 2743 clare
290 2710 456 2744 scribitur.
483 2709 641 2754 Gonting.
670 2727 710 2732 -
737 2710 776 2751 7)
805 2709 967 2744 Lacerum
993 2709 1102 2744 locum
1129 2710 1328 2743 Muratorius
1353 2709 1396 2741 ita
1422 2713 1457 2741 ut
1481 2709 1512 2741 in
1537 2714 1664 2742 textum

69 2758 258 2800 recepimus
285 2758 449 2797 restituit,
485 2763 718 2801 praeterquam
745 2757 834 2800 quod
862 2767 923 2800 pro
948 2757 1029 2790 haec
1062 2768 1103 2790 ne
1127 2756 1274 2789 Mur-ator
1298 2754 1437 2788 exhibet
1459 2765 1500 2788 ac
1524 2766 1584 2797 ne3
1609 2761 1663 2789 ta-

70 2801 147 2835 bula
174 2802 247 2836 dat:
270 2802 334 2836 lmc
358 2815 408 2836 ue.
446 2803 511 2836 Pro
538 2803 685 2836 locentur
709 2803 820 2836 tabula
839 2803 958 2836 habet:
984 2803 1136 2836 locentve.
1165 2820 1205 2825 —
1231 2802 1269 2842 8)
1292 2801 1556 2844 recuperationes
1572 2801 1663 2836 clara

71 2850 232 2893 scriptura
258 2850 289 2882 in
315 2849 425 2882 tabula
453 2855 522 2890 est,
549 2855 583 2882 ut
609 2851 802 2883 coniectura
829 2849 918 2882 Sellii
945 2847 1025 2890 (Die
1051 2849 1273 2890 Recuperatio
1300 2846 1360 2880 der
1384 2846 1507 2881 Romer
1527 2859 1559 2892 p.
1576 2847 1662 2890 329)

70 2895 194 2928 iudicia
216 2896 462 2940 recuperatoria
486 2906 552 2929 non
578 2896 805 2939 indigeamus:
832 2906 909 2930 nam
935 2895 1058 2929 iudicia
1082 2894 1342 2939 rewperae-iones
1365 2893 1453 2928 idem
1478 2900 1529 2929 est
1553 2895 1662 2941 quod:

71 2940 194 2976 iudicia
216 2941 270 2976 vel
292 2943 563 2988 recuperationes.
589 2941 747 2986 Gonting.
