1877 3313
637 176 667 217 ς,
697 176 726 210 1.
774 175 880 220 Leges
906 181 939 210 et
963 174 1148 219 plebiscita.
1599 176 1686 218 209

234 281 380 338 [Quem
421 294 556 336 agrum
598 281 726 322 locum
769 294 821 321 ex
849 281 886 321 h.
917 281 942 321 l.
975 282 1110 321 venire
1149 281 1231 322 (lari
1272 280 1436 322 reddivc
1478 283 1689 338 oportebit,

95 354 174 396 quo
206 344 333 382 minus
366 342 398 382 is
429 342 480 382 ita
512 338 613 395 ut]ei
644 345 718 391 est,
750 340 838 391 siet,
870 351 921 379 ex
952 339 986 379 h.
1020 339 1042 380 l.
1076 352 1110 379 n.
1143 353 1175 380 r.
1196 338 1231 394 ¹)

787 421 908 474 Caput
938 420 996 461 111.

233 493 333 542 Quei
372 506 469 546 ager
511 493 623 534 locus
663 492 844 546 publicus
886 491 1020 545 populi
1061 493 1236 534 romanei
1278 494 1316 534 in
1356 498 1463 535 terra
1501 494 1608 535 Italia
1648 494 1690 534 P.

94 553 252 595 Muucio
285 552 326 592 L.
360 552 568 605 Calpurnio
601 564 681 592 cos.
714 550 807 601 fuit,
849 555 961 591 extra
1003 564 1091 591 eum
1125 564 1261 605 agrum
1293 552 1438 604 locum,
1471 553 1563 605 quei
1594 565 1694 607 ager

96 611 268 664 exlege
308 607 526 665 pl[ebei]ve
568 608 711 665 [scito‚
754 609 859 662 quod
900 609 939 649 C.
983 609 1237 662 Sempronius
1279 611 1335 651 Ti.
1368 610 1394 652 f.
1426 616 1473 652 tr.
1507 612 1557 664 pl.
1589 624 1693 665 rog„

95 674 326 722 exsceptum
365 670 610 721 cavitumque
653 673 712 708 est
753 669 817 708 nei
861 667 1123 718 divideretur,
1166 668 1380 724 ejxtraque
1423 683 1513 711 eum
1555 682 1695 723 agrum

42 777 45 779 .
97 741 211 781 quem
244 731 357 768 vetus
398 740 612 781 possessor
654 739 706 766 ex
744 727 833 779 lege
866 724 1069 781 plebciv[e
1101 728 1200 767 scito
1244 729 1344 768 sibei
1384 741 1522 783 agrum
1562 728 1696 769 locum

95 787 261 840 sumpsit
290 785 509 838 reliquitve‚
542 785 645 838 quod
678 797 756 825 non
789 785 931 825 modus
963 787 1087 826 maior
1108 786 1194 836 siet,
1227 799 1340 839 quam
1369 792 1553 839 quantum
1575 799 1695 827 unum

95 845 289 886 hominem
322 845 420 884 sibei
451 856 607 884 sumere
639 844 914 895 relinquercve
948 848 1151 896 oporteat,
1194 857 1311 897 quom
1352 846 1437 898 quis
1470 846 1591 886 ceivis
1622 857 1696 886 ro-

97 916 233 944 manus
266 903 350 957 agri
382 902 539 943 colendi
570 900 711 956 caujlsa
741 903 779 942 in
824 914 912 941 eum
955 915 1091 955 agrum
1124 904 1211 956 agri
1252 904 1389 958 iugera
1420 916 1500 945 non
1531 904 1696 958 amplius

96 962 208 1003 XXX
237 961 456 1015 possidebit
489 962 704 1012 habetitve,
737 962 768 1001 is
801 973 899 1014 ager
929 962 1103 1013 privatus
1137 966 1236 1002 esto.

782 1043 906 1095 Caput
937 1042 1011 1083 llll.

237 1115 337 1163 Quei
369 1115 407 1154 in
439 1127 576 1168 agrum
609 1125 886 1166 compascuom
918 1113 1096 1166 pequdes
1129 1115 1298 1156 maiores
1329 1128 1408 1157 non
1436 1116 1523 1170 plus
1543 1116 1580 1157 X
1601 1127 1698 1169 pas-

100 1171 220 1229 cet2)
254 1169 442 1226 quai[que
474 1185 525 1213 ex
556 1173 613 1212 eis
645 1173 947 1215 1ninus.annum
971 1177 1113 1225 gnatae
1136 1178 1263 1224 erunt,
1294 1179 1435 1227 postea
1459 1187 1570 1227 quain
1593 1187 1700 1229 gna-

99 1239 160 1273 tae
193 1237 320 1282 erunt,
353 1232 497 1284 queive
528 1230 708 1283 pequdes
743 1232 914 1271 minores
946 1243 1025 1271 non
1057 1231 1143 1282 plus
1176 1228 1226 1285 L]
1250 1237 1398 1284 pascet,
1431 1245 1615 1286 quaeque
1649 1245 1702 1274 ex

100 1292 157 1332 eis
189 1292 316 1331 minus
348 1303 490 1331 annum
521 1295 662 1343 gnatae
695 1294 824 1339 erunt,
857 1294 946 1341 post
979 1301 1024 1328 ea
1057 1286 1196 1343 qu[am
1229 1296 1372 1343 gnatae
1404 1297 1532 1342 erunt,
1563 1293 1596 1332 is
1627 1304 1701 1345 pro

100 1362 149 1391 eo
181 1361 345 1390 numero
376 1348 589 1402 pequdum,
623 1359 722 1400 quae
754 1348 791 1387 in
825 1359 873 1387 eo
905 1359 1002 1399 agro
1034 1353 1259 1399 pascentur,
1292 1349 1437 1402 populo
1471 1354 1535 1390 aut
1564 1350 1703 1402 publi-

100 1421 199 1449 cano
230 1408 438 1461 pequniam
480 1407 713 1458 scripturam
756 1405 974 1459 vectigalvc
1016 1405 1111 1445 dare
1153 1407 1218 1446 nei
1259 1405 1425 1459 debeto,
1468 1410 1585 1448 neive
1618 1409 1703 1449 eius

100 1469 296 1520 pequniae
328 1466 485 1506 nomine
518 1462 628 1519 satis]
664 1464 753 1504 (lato
785 1464 901 1504 neive
933 1463 1089 1505 solvito.

241 1614 351 1658 Quem
384 1624 507 1659 agrum
542 1614 656 1650 locum
689 1625 733 1649 ex
766 1613 832 1649 hac
874 1614 955 1660 lege
989 1613 1134 1659 venire,
1177 1614 1274 1660 dari,
1314 1614 1463 1652 reddive
1503 1617 1702 1665 oportebit,

109 1684 180 1721 quo
214 1673 324 1709 minus
357 1672 383 1709 is
416 1673 464 1708 ita
497 1672 545 1708 uti
577 1676 644 1718 est,
677 1673 732 1718 sit,
764 1684 809 1708 ex
841 1672 907 1708 hac
939 1672 1022 1719 lege
1054 1672 1136 1708 nihil
1167 1678 1327 1720 rogatur.

803 1754 915 1802 Caput
948 1754 1007 1790 111.

241 1824 306 1869 Qui
338 1836 426 1872 ager
457 1825 557 1861 locus
589 1824 748 1872 publicus
781 1824 904 1872 populi
936 1825 1069 1861 romani
1102 1825 1134 1861 in
1168 1829 1259 1862 terra
1292 1826 1390 1864 Italia
1423 1829 1457 1865 P.
1490 1828 1628 1875 Mucio,
1670 1829 1706 1866 L.

102 1883 294 1931 Calpurnio
327 1884 530 1920 consulibus
565 1883 628 1919 fuit
660 1888 760 1919 extra
793 1895 870 1919 eum
903 1895 1039 1930 agrurn,
1073 1884 1129 1931 qui
1154 1896 1242 1930 ager
1264 1887 1415 1933 exlege
1439 1887 1579 1935 plebive
1603 1888 1708 1932 scito,

104 1943 202 1989 quod
235 1942 272 1978 C.
305 1942 535 1990 Sempronius
569 1942 698 1978 Tiberii
730 1942 818 1978 filius
852 1942 1010 1978 tribunus
1042 1942 1153 1990 plebis
1187 1944 1349 1990 rogavit,
1393 1951 1583 1993 exceptum
1617 1957 1708 1982 cau-

104 2005 249 2047 tumque
281 2005 335 2036 est
367 2012 410 2036 ne
452 2001 690 2046 divideretur,
734 2005 906 2048 extraque
939 2013 1016 2037 eum
1050 2013 1194 2046 agrum,
1241 2013 1344 2049 quem
1377 2008 1478 2039 vetus
1519 2014 1710 2052 possessor

106 2070 152 2095 ex
183 2059 267 2105 lege
298 2059 442 2107 plebive
474 2059 563 2096 scito
597 2059 661 2095 sibi
694 2071 818 2106 agrum
850 2060 966 2096 locum
997 2060 1141 2107 sumpsit
1171 2060 1372 2108 reliquitve,
1407 2063 1502 2110 quod
1528 2074 1598 2099 non
1624 2073 1706 2099 mo-

106 2118 170 2153 dus
203 2118 314 2155 maior
345 2118 410 2163 sit,
451 2130 553 2165 quam
595 2122 761 2165 quantum
803 2129 908 2154 unum
950 2118 1124 2155 hominem
1168 2119 1233 2154 sibi
1276 2131 1415 2156 sumere
1457 2120 1707 2169 relinquereve

108 2181 290 2224 oporteat,
323 2188 426 2224 quum
459 2177 533 2223 quis
567 2176 651 2212 civis
683 2188 847 2213 romanus
881 2177 958 2223 agri
992 2177 1132 2213 colendi
1166 2189 1268 2213 causa
1301 2178 1333 2214 in
1368 2191 1446 2215 eum
1479 2191 1601 2226 agrum
1629 2178 1707 2227 agri

107 2235 232 2281 iugera
264 2247 333 2272 non
367 2236 513 2283 amplius
545 2235 688 2282 triginta
721 2235 920 2283 possidebit
951 2236 1156 2281 habebitve,
1188 2236 1214 2272 is
1247 2248 1336 2284 ager
1367 2238 1525 2286 privatus
1559 2243 1651 2276 esto.

810 2317 922 2366 Caput
954 2318 1028 2354 1111.

253 2386 319 2430 Qui
350 2387 383 2423 in
416 2398 539 2433 agrum
572 2398 820 2435 compascuum
852 2389 1008 2436 pecudes
1041 2388 1190 2424 maiores
1223 2400 1294 2426 non
1326 2390 1401 2438 plus
1425 2391 1546 2427 decem
1570 2395 1708 2438 pascet,

113 2456 276 2492 quaeque
310 2446 358 2481 eis
391 2445 500 2481 minus
533 2457 658 2482 annum
691 2451 825 2492 gnatae
859 2452 961 2483 erunt
993 2452 1073 2494 post
1106 2459 1146 2482 ea
1179 2459 1279 2494 quam
1306 2454 1436 2495 gnatae
1461 2454 1574 2494 erunt,
1607 2450 1712 2497 quive

113 2503 271 2551 pecudes
305 2504 458 2540 minores
491 2515 560 2540 non
591 2505 668 2552 plus
700 2505 953 2552 quinquaginta
986 2509 1122 2553 pascet,
1156 2517 1318 2553 quaeque
1353 2520 1397 2544 ex
1430 2508 1478 2544 eis
1512 2509 1620 2544 minus
1646 2520 1714 2544 an-

113 2573 193 2598 num
224 2566 353 2608 gnatae
386 2567 488 2598 erunt
520 2568 603 2610 post
633 2574 674 2599 ea
706 2575 809 2611 quam
841 2569 973 2611 gnatae
1015 2568 1139 2609 erunt,
1183 2564 1210 2600 is
1251 2577 1317 2612 pro
1362 2578 1406 2602 eo
1449 2577 1596 2603 numero
1643 2579 1713 2615 pe-

120 2620 271 2666 cudum,
328 2632 417 2668 quae
459 2621 493 2657 in
535 2632 579 2657 eo
624 2632 714 2667 agro
756 2628 968 2670 pascentur,
1018 2623 1153 2670 populo
1196 2628 1254 2659 aut
1293 2625 1481 2672 publicano
1532 2626 1717 2673 pecuniam

119 2679 332 2727 scripturam
372 2679 576 2726 vectigalve
607 2680 693 2717 dare
724 2692 769 2718 ne
800 2681 955 2728 debeto,
995 2692 1086 2717 neve
1129 2680 1202 2717 eius
1233 2684 1406 2730 pecuniae
1449 2684 1591 2721 nomine
1633 2684 1716 2721 satis

120 2736 228 2785 dato,
258 2749 351 2775 neve
382 2739 526 2775 solvito.

265 2919 303 2962 1)
329 2932 370 2954 ex
394 2922 458 2955 hac
483 2922 559 2966 lege
585 2922 666 2956 nihil
691 2930 840 2968 rogatur.
868 2941 908 2948 ·-
935 2922 972 2966 2)
998 2930 1110 2969 pascet
1133 2926 1307 2972 suppletur
1332 2935 1373 2960 ex
1393 2938 1467 2971 pas,
1491 2927 1582 2973 quod
1600 2925 1719 2962 Goett-

131 2964 212 3009 ling.
237 2966 328 3010 legit.
355 2968 509 3001 Rudorff:
532 2970 647 3013 paslei.

186 3022 220 3047 Ze
228 3023 236 3047 l
244 3023 266 3054 l,
284 3024 405 3058 inscripti.
424 3026 541 3052 delectus.
1459 3033 1513 3076 14
