1877 3313
167 180 253 224 264
608 175 713 213 inser.
736 177 910 223 profanae.
958 177 1039 223 Cap.
1064 176 1104 212 Π.
1152 175 1309 213 Tabulae.

168 290 287 335 esset,
319 283 355 324 h.
386 282 412 324 l.
443 282 646 337 profiter-ei
676 283 872 336 oportebit
890 281 940 339 ¹),
971 283 1061 324 item
1093 282 1298 336 isdemque
1320 281 1459 324 diebus
1479 283 1528 324 ad
1551 295 1633 326 cos.
1654 295 1756 337 pro-

167 344 431 448 fistmmguem
463 400 499 440 h.
530 399 554 440 1.
587 398 633 440 ad
667 411 749 441 cos.
780 400 979 453 profiterei
1011 399 1233 453 oportebit,
1273 399 1331 439 sei
1362 401 1395 439 is
1426 411 1540 453 pop,
1570 400 1680 440 seive
1711 412 1758 441 ea

167 471 218 512 rq
250 460 336 507 erit,
370 464 450 498 tum
484 459 573 510 quei
606 458 688 498 vius
720 471 810 512 pup.
842 470 943 509 que
976 462 1080 498 tutor
1112 458 1207 508 erit,
1250 458 1341 497 item
1384 458 1600 511 eademque
1630 459 1758 498 omnia

166 519 203 558 in
238 516 373 556 iisdem
413 515 548 556 diebus
590 516 637 556 ad
676 527 757 556 cos.
789 516 1057 570 profitemino,
1099 516 1152 555 ita
1187 516 1268 556 utei
1300 520 1339 555 et
1370 528 1494 568 quae,
1535 516 1759 568 quibusque

167 575 318 624 diibus,
351 587 438 615 eum
471 586 621 624 eamve,
654 575 712 614 sei
743 586 834 628 pup.
868 587 969 626 que
1003 586 1080 614 non
1110 579 1183 623 est,
1216 574 1251 614 h.
1274 573 1298 614 l.
1320 573 1519 627 profiter-ei
1541 579 1757 626 oporteret.

305 643 368 684 Sei
401 656 481 685 cos.
515 649 631 696 atque
649 641 688 697 ²)
721 644 756 684 h.
789 643 812 684 l.
845 642 1119 697 professiones
1152 643 1261 683 fierei
1293 644 1491 696 oportebit
1512 643 1658 684 Romae
1681 656 1759 684 non

167 703 254 751 erit,
287 707 363 743 tum
397 703 445 753 is,
476 715 593 756 quem
627 701 823 755 profiterei
847 703 1053 754 oportebit,
1086 700 1188 753 quod
1218 714 1305 741 eum
1328 701 1527 754 profiterei
1549 702 1760 754 oportebit,

168 763 215 803 ad
251 773 307 813 pr.
340 760 438 811 urb,
469 765 547 809 aut,
580 761 638 800 sei
670 761 701 800 is
733 760 880 800 Romae
912 772 988 800 non
1021 760 1107 809 erit,
1139 759 1185 799 ad
1219 771 1308 799 eum
1341 771 1398 811 pr.
1431 760 1523 811 quei
1554 760 1657 807 inter
1686 773 1761 813 pe-

167 820 352 871 regrinos
384 818 444 859 ius
477 819 618 870 deicet,
651 817 910 871 profitemino,
943 819 992 858 ita
1016 818 1095 858 utei
1117 830 1207 857 eum
1231 817 1279 858 ad
1302 829 1399 868 cos„
1431 819 1488 858 sei
1511 822 1591 858 tum
1611 817 1760 858 Romae

169 881 301 927 esset,
335 876 370 916 b.
403 877 426 917 l.
459 876 662 930 profiterei
693 880 905 929 oporteret.

308 947 374 988 Sei
405 959 457 987 ex
486 947 532 987 iis
563 958 645 987 cos.
679 951 717 986 et
747 958 828 999 pr.,
869 945 916 986 ad
949 957 1050 998 quos
1083 944 1118 985 b.
1151 945 1174 985 l.
1209 945 1481 998 professiones
1522 945 1604 985 sieri
1637 957 1762 998 opor-

168 1004 266 1055 tibit,
297 1017 412 1045 nemo
445 1017 581 1046 eorum
613 1004 760 1045 Romae
788 1005 873 1053 erit,
907 1009 985 1043 tum
1009 1004 1041 1043 is
1065 1016 1178 1056 quem
1202 1003 1404 1056 profiterei
1427 1003 1636 1055 oportebit,
1668 1000 1761 1057 et3)

168 1063 275 1116 quod
317 1060 460 1118 eum4)
504 1063 703 1116 profiterei
747 1062 965 1115 oportebit,
1007 1060 1054 1101 ed
1098 1066 1144 1100 tr.
1186 1061 1236 1113 pt.
1278 1061 1549 1113 profitemino,
1591 1062 1640 1101 ita
1683 1063 1762 1102 utci

168 1134 258 1162 eum
292 1121 338 1162 ad
371 1134 453 1162 cos.
486 1133 543 1174 pr.
577 1121 663 1161 urb.
697 1133 863 1173 eumque
896 1121 984 1173 quei
1027 1120 1129 1159 inter
1160 1120 1396 1172 peregrinos
1429 1121 1488 1159 ius
1521 1119 1674 1170 deicet,
1705 1124 1762 1160 sei

168 1183 250 1221 tum
282 1179 429 1221 Romae
461 1184 582 1230 esset,
614 1178 648 1218 b.
682 1179 705 1219 l.
738 1178 938 1231 profiterei
972 1182 1185 1230 oporteret.

310 1249 424 1298 Quod
466 1261 704 1303 quemquem
738 1248 772 1288 b.
806 1249 828 1288 l.
862 1248 1060 1300 profiterei
1104 1248 1323 1300 oportebit,
1364 1248 1395 1287 is
1427 1246 1527 1300 apud
1569 1260 1683 1300 quem
1717 1261 1762 1287 ea

168 1307 366 1362 professio
404 1307 470 1348 fiet
511 1304 732 1360 eiusque5)
776 1306 1020 1359 profitebitur
1060 1318 1225 1355 nomen,
1268 1311 1306 1346 et
1337 1317 1382 1346 ea
1416 1318 1518 1357 quae
1558 1305 1764 1358 professus

170 1472 313 1518 omnia,
345 1484 435 1520 quae
468 1483 570 1517 eum,
602 1471 696 1507 cuius
730 1471 872 1516 negotia
906 1470 1062 1515 curabit,
1093 1471 1119 1507 si
1152 1471 1282 1506 Romae
1315 1474 1428 1515 esset,
1462 1471 1527 1506 bac
1560 1470 1643 1517 lege
1674 1482 1764 1519 pro-

172 1530 262 1567 fiteri
295 1535 506 1578 oporteret,
538 1530 620 1566 item
653 1530 848 1576 iisdemque
881 1530 1003 1565 diebus
1039 1529 1082 1565 ad
1115 1529 1295 1565 consulem
1329 1530 1528 1576 profitetor.

315 1589 425 1633 Quem
460 1590 524 1624 hac
555 1589 636 1633 lege
669 1588 710 1623 ad
745 1588 923 1623 consulem
958 1587 1116 1636 profiteri
1151 1587 1345 1635 oportebit,
1378 1588 1407 1623 si
1439 1588 1465 1623 is
1497 1587 1658 1635 pupillus,
1690 1588 1764 1623 sive

174 1658 215 1684 ea
248 1648 379 1695 pupilla
412 1647 492 1689 erit,
525 1650 595 1682 tum
628 1646 684 1692 qui
718 1646 789 1681 eius
822 1646 940 1694 pupilli
972 1646 1173 1693 pupillaeve
1207 1650 1303 1681 tutor
1335 1645 1421 1690 erit,
1453 1646 1537 1682 item
1570 1647 1766 1693 eademque

176 1706 307 1749 omnia,
340 1705 372 1741 in
406 1705 527 1740 iisdem
562 1705 684 1740 diebus
717 1705 759 1739 nd
792 1706 972 1740 consulem
1004 1704 1206 1751 profitetor,
1239 1704 1297 1748 ita,
1331 1704 1378 1739 uti
1410 1708 1445 1739 et
1482 1716 1584 1751 quae,
1618 1705 1766 1751 quibus-

174 1775 243 1811 que
276 1764 410 1808 diebus,
444 1774 521 1799 eum
554 1773 688 1807 eamve,
720 1762 748 1797 si
780 1763 930 1810 pupillus
962 1763 1140 1810 pupittave
1173 1773 1241 1798 nou
1276 1767 1383 1807 esset,
1416 1763 1480 1798 hac
1502 1764 1584 1809 lege
1607 1762 1766 1810 profiteri

174 1826 374 1870 oporteret.

314 1879 351 1915 Si
384 1879 529 1924 consul,
571 1880 612 1915 ad
646 1890 747 1926 quem
781 1879 846 1914 liae
878 1879 960 1924 iege
1000 1879 1242 1926 professiones
1286 1878 1360 1914 lieri
1392 1879 1595 1926 oportebit,
1637 1870 1767 1914 Romae

175 1949 245 1976 non
278 1938 367 1982 erit,
402 1942 474 1972 tum
506 1937 559 1982 is,
593 1949 693 1984 quem
726 1937 884 1985 profiteri
917 1937 1110 1984 oportebit,
1144 1937 1237 1983 quod
1272 1948 1349 1972 eum
1381 1937 1540 1985 profiteri
1572 1937 1768 1984 oportebit,

175 1996 218 2033 ad
252 2000 456 2044 praetorem
489 1996 684 2041 urbanum,
726 2000 808 2040 aut,
840 1995 869 2031 si
900 1995 926 2030 is
959 1995 1089 2031 Romae
1131 2006 1200 2031 non
1234 1996 1320 2040 erit,
1365 1996 1408 2030 od
1441 2007 1519 2031 eum
1550 2000 1767 2043 praetorem,

174 2054 232 2102 qui
265 2054 356 2090 inter
388 2054 599 2101 peregrinos
632 2054 682 2089 ius
717 2054 833 2099 dicet,
874 2054 1085 2100 prolitetor⁷
1126 2053 1195 2096 ita,
1239 2053 1285 2088 uti
1320 2064 1396 2089 eum
1429 2054 1472 2089 ed
1506 2054 1708 2098 consulem,
1740 2054 1767 2089 si

174 2117 246 2148 turn
279 2112 409 2148 Romae
441 2116 558 2157 esset,
601 2113 665 2147 bae
695 2112 778 2158 lege
820 2112 979 2159 profiteri
1022 2115 1219 2159 oporteret.
1281 2112 1318 2147 Si
1351 2123 1395 2147 ex
1427 2111 1466 2147 iis
1499 2111 1700 2147 consulibus
1733 2116 1768 2147 et

173 2171 424 2219 praetoribus,
467 2170 510 2205 ad
542 2181 630 2216 quos
662 2171 727 2206 hac
760 2171 840 2216 lege
883 2170 1123 2217 professiones
1157 2170 1230 2205 lieri
1264 2170 1467 2217 oportebit,
1509 2180 1613 2205 nemo
1646 2181 1767 2206 eorum

175 2230 309 2266 Romae
341 2228 431 2273 erit,
463 2233 535 2263 tum
566 2228 616 2273 is,
659 2239 761 2275 quem
791 2228 959 2277 *profiteri
999 2228 1183 2275 oportebit
1214 2228 1309 2274 quod
1343 2239 1420 2264 euin
1460 2227 1618 2275 profiteri
1652 2239 1767 2275 opor-

176 2288 291 2332 tebit,
334 2287 376 2323 ad
410 2286 582 2323 tribunum
625 2286 736 2334 plebis
767 2286 977 2334 profitetor‚
1020 2286 1066 2322 ita
1098 2286 1146 2322 uti
1186 2297 1264 2321 eum
1296 2285 1338 2321 ad
1372 2286 1575 2330 consulem,
1617 2290 1766 2333 praeto-

176 2357 251 2381 rem
284 2346 464 2389 urbanum,
497 2355 621 2380 eumve
653 2345 708 2391 qui
742 2345 832 2381 iuter
862 2344 1074 2392 peregrinos
1107 2344 1157 2380 ius
1191 2344 1307 2389 dicet,
1337 2343 1364 2379 si
1396 2348 1466 2380 tum
1499 2343 1630 2380 Romae
1661 2349 1766 2389 esset,

176 2404 243 2440 hac
274 2404 356 2450 lege
388 2402 547 2452 profiteri
579 2407 774 2450 oporteret.

267 2475 269 2478 ’
319 2462 421 2506 Quod
455 2472 663 2508 quemquern
706 2461 771 2498 bac
803 2462 885 2508 lege
926 2461 1086 2509 profiteri
1129 2460 1333 2508 oportebit,
1377 2461 1425 2506 is,
1467 2460 1559 2508 apud
1591 2471 1694 2507 quem
1726 2472 1766 2496 ea

177 2520 357 2568 professio
389 2520 450 2556 fiet·
480 2514 567 2571 [et]
600 2519 695 2565 eius,
738 2519 795 2567 qui
826 2520 1073 2567 profitebitur,
1116 2529 1267 2564 nomen,
1299 2522 1335 2554 et
1366 2529 1431 2564 ea,
1463 2529 1553 2566 quae
1584 2519 1766 2566 professus

317 2675 356 2718 1)
381 2675 533 2719 oportebit
557 2674 669 2707 tabula
696 2681 729 2707 et
753 2685 869 2708 omnes
895 2675 1061 2715 editores,
1096 2674 1154 2706 sod
1181 2673 1267 2706 haud
1297 2673 1397 2706 dubie
1431 2674 1583 2706 oratione
1607 2673 1767 2706 indirecta

179 2723 424 2756 coniunctivum
451 2721 635 2763 flagitante,
661 2722 898 2762 corrigendum
924 2733 997 2754 esse
1023 2723 1070 2753 in:
1096 2726 1254 2764 oporteret
1279 2720 1506 2752 demonstrant
1529 2721 1681 2763 proxime
1711 2731 1767 2753 se-

180 2775 320 2813 quentes
344 2779 471 2801 versuS.
498 2768 620 2801 Marez.
649 2785 687 2790 —
723 2768 760 2810 2)
785 2775 879 2812 atque
902 2769 947 2800 ad
975 2779 1066 2811 quem
1091 2767 1121 2799 11.
1148 2767 1171 2799 Ι.
1194 2766 1428 2810 corrigendum
1454 2772 1569 2799 censet
1594 2766 1767 2799 Maittaire.

182 2831 218 2837 -
257 2815 295 2857 3)
321 2816 384 2848 Pro
419 2821 448 2848 ec
471 2815 723 2847 necnecessario
757 2814 913 2848 blarezoll
948 2814 1183 2847 emendaturus
1208 2819 1274 2845 est:
1300 2813 1347 2845 uti
1372 2819 1409 2845 et.
1448 2829 1486 2834 —
1521 2809 1560 2851 4(
1585 2812 1766 2845 Maittaire:

180 2872 252 2893 enm
276 2873 358 2901 enm,
384 2861 471 2905 quod
499 2863 567 2905 ipse
593 2862 730 2903 corrigit
755 2873 824 2893 enm
849 2866 930 2900 Ιιιιηζ,
965 2859 1170 2892 Conrndius:
1197 2871 1267 2891 eum
1293 2870 1371 2891 eam.
1414 2858 1478 2891 Sed
1505 2858 1616 2891 tabula
1643 2869 1767 2891 secun-

181 2906 259 2938 dum
285 2907 517 2951 Gottlingium:
543 2918 612 2940 eum
637 2907 786 2949 simplice
816 2908 897 2940 rice.
927 2925 961 2928 ⁴—
995 2907 1030 2947 5)
1058 2905 1213 2939 Marezolt
1241 2907 1394 2938 coniicit:
1421 2906 1547 2948 eiusque
1571 2905 1642 2948 quei
1670 2904 1721 2937 vel
1740 2911 1768 2936 r!

182 2963 248 2985 ems
272 2963 353 2997 quez.
