1877 3313
137 156 224 201 288
581 153 685 187 Inser.
710 153 883 198 profanae.
931 151 1080 197 Cap.11.
1127 153 1288 189 Tabulae.

142 275 219 317 que
249 272 383 302 rerum
415 271 508 301 esse
539 259 739 312 censebit,
782 260 819 300 ei
851 272 996 313 agere,
1027 258 1186 312 facere,
1229 260 1290 300 ius
1321 263 1578 313 potestasque
1609 261 1660 302 sit
1689 261 1741 303 ita

139 321 193 361 uti
226 319 316 360 divo
340 318 443 372 Aug.
477 318 716 372 Tiber10que
745 319 842 360 Iulio
875 319 1036 359 Caesari
1065 317 1167 372 Aug.
1191 318 1430 371 Tiberioque
1453 318 1614 361 Claudio
1635 319 1741 360 Cae—

138 379 219 420 sari
259 379 364 431 Aug.
409 378 644 418 Germanico
686 377 780 427 fuit3
831 378 966 429 utique
1009 377 1148 429 quibus
1199 377 1354 429 legibus
1396 376 1594 429 pebeique
1634 379 1741 419 scitis

134 438 325 490 seriptum
358 434 430 476 fuit
459 449 511 476 ne
543 435 654 476 divus
675 435 779 489 Aug.
811 436 1073 488 Tiberiusque
1095 434 1214 475 lulius
1236 434 1497 488 Caesar-Aug.
1531 435 1740 478 Tiberius-

139 508 218 548 que
251 493 437 535 Claudius
470 495 618 534 Caesar
647 493 748 548 Aug.
793 494 1051 534 Germanicus
1094 498 1347 545 tenerentur,
1388 494 1433 534 iis
1464 493 1620 547 legibus
1652 495 1742 547 ple-

139 555 279 606 bisque
311 554 420 594 scitis
462 552 554 605 Imp.
589 552 736 593 Caesar
767 553 1033 605 Vespasianus
1066 552 1220 593 solutus
1243 553 1316 600 sit;
1350 564 1533 604 quaeque
1556 564 1608 592 ex
1636 565 1742 606 qua-

138 626 217 666 que
249 612 362 666 lege‚
394 613 604 664 rogatione
637 611 767 652 divum
797 611 901 664 Aug.
936 611 1185 651 Tiberiumve
1226 610 1361 651 Iulium
1395 610 1606 651 Caesarem
1637 612 1741 665 Aug.

133 671 386 713 Tiberiumve
419 670 622 711 Claudium
655 670 865 711 Caesarem
907 668 1007 721 Aug.
1052 668 1327 709 Germanicum
1369 668 1508 709 faeere
1551 671 1741 722 oportuit,

138 742 186 771 ea
217 730 346 771 omnia
376 727 467 782 lmp.
500 728 658 769 Caesari
690 729 934 781 Vespasiano
977 727 1080 781 Aug.
1120 727 1256 768 faeere
1294 727 1430 776 liceat3
1473 727 1607 780 utique
1640 740 1741 780 quae

136 793 228 830 ante
260 789 360 829 hane
389 787 519 842 legem
551 792 728 841 rogatam
759 792 856 838 acta,
889 791 1019 839 gesta,
1051 785 1227 836 decreta,
1258 786 1449 839 imperata
1480 786 1529 826 ab
1560 786 1741 840 Impera-

142 859 230 889 tore
261 846 434 887 Caesare
465 846 709 899 Vespasiano
740 845 843 898 Aug.
876 846 987 885 iussu
1018 846 1282 896 mandatuque
1305 845 1390 884 eius
1412 856 1433 884 a
1455 856 1617 898 quoque
1635 850 1741 897 sunt,

139 919 187 948 ea
218 905 382 960 perinde
412 905 514 946 iusta
543 909 710 957 rataque
741 904 819 946 sint
849 916 895 944 ac
926 904 960 944 si
990 903 1123 956 populi
1154 902 1332 956 plebisve
1354 904 1465 944 iussu
1483 908 1570 945 acta
1592 908 1740 945 essent.

857 972 1027 1014 Sanctio.

278 1034 406 1088 Siquis
437 1034 600 1074 huiusce
631 1032 733 1086 legis
764 1044 863 1084 ergo
896 1030 1090 1071 adversus
1122 1031 1247 1084 leges,
1279 1032 1509 1084 rogationes
1535 1031 1740 1085 plebisque

141 1095 250 1146 seila,
282 1097 495 1134 senatusve
526 1091 703 1133 consulta
734 1089 848 1139 fecit,
879 1088 1043 1139 feeerit,
1075 1089 1160 1129 sive
1193 1088 1299 1142 quod
1331 1102 1418 1130 eum
1452 1102 1504 1130 ex
1533 1090 1637 1144 lege,
1667 1103 1741 1132 ro-

138 1154 300 1207 gatione
333 1151 509 1205 plebisve
549 1151 648 1191 seito
681 1149 718 1191 S.
751 1161 800 1188 ve
832 1148 874 1188 C.
894 1145 929 1201 ¹)
965 1146 1099 1187 facere
1130 1148 1329 1200 oportebit
1370 1161 1449 1189 non
1490 1147 1632 1188 fecerit
1662 1148 1741 1189 hu-

139 1213 200 1252 ius
231 1211 332 1265 legis
363 1222 487 1263 ergo,
518 1209 556 1249 id
588 1209 625 1248 ei
657 1220 707 1248 ne
738 1206 866 1247 fraudi
898 1210 1006 1256 esto,
1039 1218 1142 1246 neve
1174 1207 1257 1258 quit
1271 1203 1312 1260 ²)
1344 1207 1395 1247 ob
1428 1218 1515 1247 eam
1546 1219 1631 1247 rem
1663 1219 1741 1260 po-

141 1269 236 1323 pulo
269 1270 363 1310 dare
395 1269 553 1319 debete,
584 1278 686 1307 neve
719 1266 781 1306 cui
813 1264 861 1305 de
892 1277 939 1305 ea
971 1276 1016 1304 re
1046 1267 1149 1305 actio
1183 1277 1283 1305 neve
1305 1265 1487 1307 iudicatio
1508 1268 1611 1318 esto,
1637 1278 1741 1307 neve

138 1341 242 1370 neve
273 1328 361 1382 quis
393 1327 443 1368 de
474 1339 521 1368 ea
552 1338 597 1366 re
629 1324 733 1378 apud
763 1355 773 1364 .
793 1355 800 1364 .
821 1355 829 1365 .
849 1319 890 1377 ³)
910 1323 975 1377 agi
1006 1323 1135 1364 sinito.

590 1453 718 1496 Legis
744 1454 949 1486 incertae
976 1452 1288 1495 fragmentum.

284 1551 405 1589 1687.
466 1551 689 1588 Adservatur
719 1550 753 1587 iu
784 1561 907 1586 museo
948 1550 1179 1595 Florentino,
1221 1554 1401 1598 superstes
1433 1550 1466 1588 in
1499 1562 1594 1588 aere.
1649 1551 1739 1588 Edi-

140 1617 211 1648 tum
244 1606 332 1662 (sed
365 1609 447 1647 satis
480 1604 677 1662 mendose)
710 1609 744 1646 in
777 1609 874 1645 Gorii
915 1609 1091 1656 Inscripti.
1125 1609 1231 1656 antiq.
1270 1609 1295 1647 Ι.
1330 1609 1406 1655 883
1448 1614 1519 1646 tum
1550 1609 1584 1646 in
1617 1609 1741 1646 Blumii

141 1671 212 1706 lter
243 1671 352 1706 italie.
385 1670 480 1706 Tom.
512 1669 554 1705 Il.
586 1681 620 1717 p.
653 1668 718 1705 87.
766 1667 926 1704 llanbold
958 1668 1108 1704 Menum.
1140 1668 1247 1714 legal.
1278 1680 1312 1716 p.
1343 1667 1438 1705 299.
1493 1669 1618 1716 Egger
1649 1669 1741 1706 Ser-

140 1740 233 1766 men.
266 1729 363 1776 reliq.
395 1741 429 1776 p.
462 1727 557 1764 361.

279 1855 319 1896 In
352 1867 418 1896 res
449 1853 628 1909 singulas
660 1853 719 1895 llS
750 1854 786 1894 X
818 1795 955 1908 Clffae)
982 1795 1026 1892 D.
1059 1853 1104 1893 D.
1138 1853 1179 1894 E.
1199 1851 1236 1909 5)
1271 1854 1386 1907 isque
1417 1854 1530 1895 locus
1561 1853 1626 1895 ubi
1654 1854 1741 1908 quis

140 1913 331 1955 adversus
363 1926 411 1954 ea
442 1914 624 1955 humatus
657 1912 888 1966 sepultusve
921 1912 1006 1962 erit,
1038 1924 1160 1965 purus
1189 1918 1226 1952 et
1248 1913 1441 1968 religione
1462 1912 1617 1954 solutus
1640 1917 1742 1965 esto,

140 1985 312 2025 eumque
345 1973 382 2015 S.
415 1972 456 2014 F.
490 1972 528 2015 S.
544 1969 585 2027 ⁶)
619 1972 684 2024 qui
714 1975 822 2012 tenet
852 1975 1028 2011 exarato.
1074 1970 1133 2011 Ne
1166 1972 1254 2024 quis
1290 1972 1399 2013 alvos
1431 1972 1623 2025 apium...

139 2103 223 2143 eius
257 2102 298 2142 C.
332 2103 383 2142 ita
415 2103 470 2142 uti
511 2101 602 2155 lege
643 2097 831 2155 Ae1n[ilia
864 2041 1048 2154 {gh-1³11]
1064 2097 1104 2154 ⁷)
1137 2105 1197 2140 est
1227 2100 1272 2140 D.
1306 2101 1352 2142 D.
1385 2100 1433 2142 ad
1464 2113 1522 2154 pr.
1536 2097 1580 2154 ³)
1612 2099 1663 2141 de
1694 2111 1742 2141 ea

138 2173 183 2203 re
214 2157 413 2215 refe[rre]
431 2157 470 2214 ⁰)
502 2160 744 2213 edicereque
775 2158 921 2200 debete
952 2171 1037 2200 eam
1070 2155 1263 2213 steini...

672 2320 708 2357 §—
740 2316 774 2352 2.
835 2315 997 2352 Semnus
1028 2314 1210 2351 consulta.

296 2441 483 2475 Senatus
509 2440 761 2475 consultum
788 2441 882 2474 sive
907 2439 1110 2474 Edictum
1138 2438 1187 2473 de
1214 2437 1585 2473 Bacchanalibus.

287 2537 409 2574 1688.
471 2538 626 2574 Tabulae
658 2549 791 2574 aeneae
823 2537 1032 2586 insculptum
1064 2541 1116 2574 est
1145 2541 1311 2584 repertae
1335 2547 1427 2573 anno
1453 2535 1562 2572 1640
1593 2535 1626 2573 iu
1658 2535 1739 2573 vico

140 2597 294 2645 quodam
319 2595 502 2634 Calabriae
524 2591 659 2647 [Terra
682 2596 715 2633 di
737 2590 922 2648 Teriolo),
941 2596 1020 2633 hinc
1043 2595 1213 2644 Neapolin
1236 2599 1272 2631 et
1292 2599 1509 2644 postremum
1527 2595 1561 2632 in
1583 2606 1740 2632 museum

283 2721 320 2765 1)
347 2728 529 2755 senatusve
556 2723 720 2757 consulto.
756 2740 797 2745 ——
833 2719 868 2764 2)
894 2733 972 2765 pro:
999 2722 1086 2766 quid,
1122 2740 1163 2744 —
1199 2720 1236 2763 3)
1263 2721 1298 2755 ln
1324 2721 1480 2766 exemplo
1513 2720 1740 2765 Gottlingiano

141 2770 284 2812 vestigia
319 2769 436 2802 literae
461 2769 482 2802 S
508 2770 738 2812 significantur
769 2770 905 2802 minimo
940 2769 1120 2802 intervallo
1149 2780 1166 2802 a
1193 2769 1298 2802 verbo
1332 2769 1384 2812 aqi
1418 2775 1605 2810 separatae.
1646 2768 1740 2810 Qua-

143 2821 282 2858 propter
305 2816 395 2859 npud
418 2827 450 2848 se
474 2815 654 2858 legendum
690 2827 764 2850 esse
789 2816 934 2849 videtur.
971 2834 1011 2838 —
1046 2814 1084 2857 4]
1112 2816 1158 2849 Ita
1185 2815 1289 2848 Blum.
1324 2815 1422 2858 Apud
1456 2815 1546 2848 Gori.
1580 2814 1660 2848 ClC.
1694 2833 1738 2838 —-

144 2862 180 2901 5)
207 2861 287 2894 dare
315 2863 453 2895 damnas
479 2869 562 2895 esto.
591 2879 631 2884 —-
659 2861 696 2904 6)
722 2865 795 2896 sine
820 2862 937 2896 fraude
963 2874 1032 2895 sua.
1061 2880 1101 2884 —
1129 2860 1166 2903 7)
1193 2862 1368 2905 Supplevit
1392 2861 1499 2894 Blum.
1535 2873 1576 2884 -⁴
1609 2860 1648 2904 8)
1675 2861 1738 2894 dc-

146 2913 240 2940 creto
277 2908 498 2942 decurionum
530 2909 573 2942 ad
604 2915 809 2953 praetorem.
845 2926 885 2932 —
921 2906 958 2950 9)
992 2908 1100 2942 Blum.
1133 2908 1323 2953 supplevit:
1354 2908 1480 2951 referre
1511 2909 1618 2953 isque,
1648 2907 1740 2954 quod

147 2959 288 2998 propter
312 2965 456 2999 sequens
480 2967 540 3000 que
562 2956 597 2991 in
621 2956 806 3001 eclicereque
828 2956 938 2992 minus
961 2955 1176 2990 commodum
1200 2955 1342 2991 videtur.
