1877 3313
673 108 704 150 §—
730 107 760 144 1.
809 107 916 153 Leges
941 111 976 142 et
1000 107 1188 153 plebiscita.
1652 105 1739 150 24⁸7

135 214 204 271 [ab
236 215 295 257 eis
325 214 378 257 ita
407 215 526 257 lectei
557 212 719 270 e1·unt],
751 227 867 269 quam
898 214 939 256 in
969 226 1054 255 rem
1085 215 1143 257 eis
1174 214 1326 258 iudices
1356 214 1477 258 lectei
1507 218 1646 269 erunt,
1679 212 1743 271 [in

132 288 219 317 eam
248 287 334 316 rem
364 275 403 315 in
435 279 670 328 perpetuom
702 279 834 316 sunto.

830 344 954 398 Caput
984 344 1047 385 XI.

271 417 332 457 Do
374 415 538 457 vadibus
579 415 756 458 dandeis.
817 416 878 456 Pr.
923 416 1016 468 quei
1058 428 1110 456 ex
1141 416 1176 457 h.
1209 417 1233 458 l.
1267 421 1458 470 quaeret,
1498 415 1620 458 facito
1661 415 1745 458 utei

130 488 219 517 eum
252 476 395 530 quoius
428 487 572 517 nornen
614 475 787 516 delatum
829 475 928 526 erit,
969 473 1115 516 iudicio
1156 474 1383 517 adfuturum
1424 480 1535 517 certo
1568 474 1632 516 die
1662 488 1744 530 pu-

129 535 233 576 blice
265 534 433 575 vadetur
463 531 532 588 is,]
565 535 658 587 quei
689 534 898 587 pequniam
932 545 984 573 ex
1018 530 1077 588 [h.
1110 533 1134 574 l.
1167 532 1296 589 petet]
1330 540 1411 575 tum
1443 535 1494 576 ob
1535 546 1621 575 eam
1657 547 1745 575 rem

131 593 240 646 quod
271 594 484 646 pequniam
515 605 567 632 ex
597 593 632 633 h.
666 593 690 633 l.
724 589 911 647 ceper[it.
944 591 1009 633 Sei
1043 593 1129 645 quis
1162 606 1213 633 ex
1234 593 1270 633 h.
1295 593 1319 633 1.
1346 593 1634 634 condemnatus
1656 597 1745 645 erit,

130 663 276 693 censor
307 651 448 692 vadem
480 663 613 704 neque
645 656 786 692 senatu
819 663 951 704 neque
983 652 1086 691 tribu
1118 649 1312 706 ino]veto,
1346 653 1463 693 neive
1485 664 1630 705 equom
1654 651 1745 693 adi-

130 711 238 762 mito,
271 711 387 751 neive
419 709 511 763 quid
539 711 575 750 ei
596 711 683 751 eius
708 723 794 750 earn
819 723 903 750 rein
926 709 1083 750 fiaudei
1102 707 1137 763 ¹)
1162 715 1263 762 esto,
1287 708 1411 766 [quae
1431 707 1572 765 supra]
1598 710 1746 764 scripta

131 771 246 811 sient.
278 770 339 810 Pi.
373 769 467 821 quei
499 781 552 809 ex
582 769 618 809 h.
652 769 676 810 l.
710 767 877 835 n[ornen
909 770 1120 822 leceperit,
1152 769 1269 811 facito
1302 771 1383 810 utei
1410 770 1615 811 absentem
1640 782 1744 811 con·-

131 828 310 880 demnet,
343 829 460 881 eique
492 840 593 880 aqua
625 832 665 868 et
694 829 776 882 igni
808 827 1030 879 interdicat,
1063 829 1246 882 bonaque
1276 829 1433 882 publice
1465 828 1746 882 possideantur

132 888 233 939 eius,
266 887 357 940 quei
388 887 450 927 die
482 886 586 928 dicto
618 886 764 928 indicio
797 899 875 928 non
907 886 1101 938 adfuerit,
1134 892 1173 928 et
1204 888 1312 941 prius
1345 901 1461 941 quam
1493 900 1541 928 ea
1572 899 1640 928 res
1678 887 1745 928 iu-

132 947 260 987 dicata
302 946 399 996 erit,
441 945 542 986 urbe
583 943 776 1000 cesse]rit
809 946 943 986 autin
975 945 1135 987 exilium
1176 947 1325 986 abierit.
1389 946 1558 994 Quoium
1599 958 1748 987 nomen

132 1018 184 1046 ex
215 1005 251 1045 h.
285 1004 310 1045 l.
343 1004 513 1045 delatum
546 1005 640 1057 erit,
673 1002 753 1060 [sei
785 1005 869 1046 eius
902 1005 1007 1046 bona
1038 1017 1119 1046 non
1151 1005 1348 1046 sufficient
1379 1006 1470 1046 ubei
1502 1005 1612 1059 prius
1643 1005 1746 1047 urbe

133 1064 302 1105 cesserit
333 1064 469 1104 autin
501 1064 659 1104 exilium
702 1064 865 1114 abierit,
907 1077 1023 1117 quain
1067 1077 1114 1104 ea
1146 1077 1212 1105 res
1254 1064 1425 1105 iudicata
1457 1065 1553 1115 erit,
1594 1077 1654 1118 pr.
1697 1063 1748 1105 ad

133 1136 251 1177 quem
283 1126 370 1164 eius
401 1135 546 1163 nornen
579 1120 771 1176 dlelatum
805 1124 892 1175 erit,
926 1120 1033 1178 earn]
1046 1136 1131 1163 rem
1164 1123 1211 1163 ab
1234 1124 1291 1164 eis
1313 1124 1406 1163 item
1429 1123 1609 1177 quaerito
1633 1120 1749 1178 [quei

132 1181 399 1224 vadimonium
431 1182 694 1235 susceperint,
727 1183 765 1223 in
798 1187 985 1235 quantuni
1030 1182 1295 1223 vadimonium
1328 1181 1448 1223 fuerit
1479 1182 1746 1224 constitutum.

819 1252 948 1306 Caput
979 1251 1059 1293 XII.

271 1323 334 1364 Pr.
367 1320 449 1377 sei]
483 1335 627 1364 nomen
661 1336 712 1363 ex
744 1323 780 1363 h.
813 1323 838 1363 1.
872 1323 920 1363 ad
952 1335 997 1364 se
1029 1322 1200 1364 delatum
1234 1323 1309 1364 erit
1340 1322 1460 1364 facito
1500 1322 1581 1364 utei
1612 1322 1748 1364 ioudi-

130 1382 234 1424 cium
266 1395 386 1436 p....
422 1380 524 1437 [utei
557 1379 688 1437 q]uod
719 1387 830 1423 recte
861 1381 1007 1423 factum
1040 1394 1133 1422 esse
1165 1381 1296 1434 volet,
1329 1381 1421 1423 dum
1453 1382 1518 1422 nei
1550 1381 1643 1436 quid
1673 1381 1750 1423 ad-

129 1454 294 1484 vorsum
325 1441 362 1482 h.
395 1440 420 1482 1.
453 1440 521 1482 fiat
553 1445 710 1482 aut....
745 1440 985 1494 secundam,
1026 1442 1145 1481 neive
1188 1446 1279 1494 post
1309 1440 1346 1481 h.
1378 1441 1403 1482 l.
1435 1453 1603 1496 1·0g....
1645 1453 1749 1483 con-

130 1586 215 1623 lecti
246 1590 371 1631 erunt,
416 1597 520 1634 quam
551 1585 586 1622 in
618 1597 693 1622 rem
727 1585 758 1622 ei
791 1585 924 1623 iudices
968 1585 1052 1623 lecti
1084 1589 1211 1632 erunt,
1254 1584 1287 1622 in
1322 1596 1399 1621 eam
1431 1596 1506 1622 rem
1538 1584 1572 1622 in
1604 1595 1746 1634 perpe-

130 1649 228 1682 tuum
259 1649 378 1682 sunto.

834 1703 948 1753 Caput
983 1704 1043 1741 XI.

272 1776 324 1812 De
356 1775 505 1813 uadibus
539 1774 675 1812 dandis.
737 1776 910 1822 Praetor,
953 1776 1011 1824 qui
1056 1787 1100 1812 ex
1133 1775 1200 1812 hac
1239 1775 1325 1822 lege
1358 1778 1529 1823 quaeret,
1569 1773 1680 1812 facito
1712 1779 1751 1813 ut

132 1847 225 1882 euni,
257 1835 355 1872 cuius
388 1847 518 1872 nomen
552 1834 709 1872 delatum
744 1835 824 1881 erit,
855 1835 987 1872 iudicio
1021 1835 1221 1871 adfuturum
1254 1838 1356 1871 certo
1386 1834 1442 1871 die
1464 1834 1608 1883 publice
1629 1835 1749 1872 uade-

131 1899 189 1931 tur
219 1894 270 1940 is,
313 1894 370 1942 qui
402 1894 587 1943 pecuniam
620 1906 666 1930 ex
700 1895 767 1931 hac
799 1895 882 1941 lege
925 1899 1036 1943 petet.
1100 1895 1185 1930 Tum
1217 1894 1263 1930 ob
1298 1905 1377 1929 eam
1409 1905 1507 1940 rem,
1548 1893 1647 1942 quod
1677 1905 1749 1942 pe-

133 1953 270 1992 cuniam
303 1965 349 1990 ex
381 1954 448 1990 hac
480 1954 565 2000 lege
598 1953 750 2002 ceperit,
782 1953 811 1989 si
844 1953 920 2002 qnis
952 1966 997 1990 ex
1030 1954 1096 1990 hac
1129 1953 1213 1999 lege
1247 1954 1504 1989 condemnatus
1538 1952 1617 1998 erit,
1650 1953 1749 1990 Cen-

132 2024 193 2050 sor
224 2013 352 2049 uadem
385 2024 501 2060 neque
533 2017 660 2049 senatu
694 2024 809 2060 neque
843 2013 937 2049 tribu
969 2017 1137 2057 moueto,
1170 2023 1262 2049 neue
1295 2023 1424 2060 equum
1455 2011 1623 2057 adimito,
1655 2023 1749 2048 neue

134 2072 218 2120 quid
251 2072 284 2108 ei
316 2072 390 2109 eius
424 2083 501 2108 earn
533 2083 608 2108 rem
641 2072 757 2108 fraudi
790 2077 895 2119 esto,
927 2084 1018 2120 quae
1050 2083 1158 2120 supra
1191 2070 1321 2119 scripta
1355 2070 1436 2108 sint.
1483 2071 1657 2118 Praetor,
1689 2071 1749 2119 qui

135 2143 181 2168 ex
214 2132 280 2168 hac
313 2132 398 2178 lege
430 2142 560 2168 nomen
593 2131 794 2180 receperit,
829 2131 937 2168 facito
972 2136 1008 2167 ut
1041 2131 1223 2168 absentem
1257 2130 1487 2177 condemnet,
1520 2130 1624 2178 eique
1657 2141 1748 2178 aqua

134 2196 170 2228 et
199 2190 272 2238 igni
294 2190 496 2236 interdicat,
528 2191 694 2238 bonaque
725 2190 869 2238 publice
901 2190 1153 2239 possideantur
1185 2189 1272 2235 eius,
1305 2189 1364 2237 qui
1397 2189 1453 2226 die
1486 2189 1583 2226 dicto
1616 2188 1748 2226 iudicio

133 2261 207 2287 non
242 2250 398 2287 adsuerit
430 2254 467 2286 et
497 2249 594 2298 prius
627 2261 731 2297 quam
764 2261 805 2286 ea
837 2261 894 2286 res
926 2249 1079 2286 iudicata
1113 2248 1180 2285 erit
1211 2249 1300 2285 urbe
1333 2248 1482 2285 cesserit
1513 2252 1572 2285 aut
1602 2248 1636 2285 in
1664 2247 1748 2285 exi-

133 2309 213 2346 lium
246 2309 385 2346 abierit.
444 2308 550 2345 Cuius
583 2320 713 2346 nomen
747 2320 794 2345 ex
825 2309 892 2346 hao
924 2309 1009 2356 lege
1043 2309 1198 2345 delatum
1231 2308 1320 2354 erit,
1363 2308 1392 2345 si
1424 2308 1497 2344 eius
1539 2309 1634 2344 bona
1676 2318 1749 2345 non

133 2368 323 2415 sufficient,
355 2368 414 2405 ubi
445 2367 541 2417 prius
575 2369 662 2404 urbe
695 2368 858 2414 cesserit,
890 2373 949 2405 aut
980 2368 1013 2405 in
1047 2368 1190 2404 exilium
1221 2367 1361 2414 abierit,
1393 2379 1497 2414 quam
1529 2378 1570 2403 ea
1601 2377 1660 2403 res
1688 2366 1744 2404 iu-

136 2427 252 2465 dicata
284 2427 372 2473 erit,
405 2428 578 2473 Praetor,
610 2427 655 2463 ad
689 2439 794 2474 quem
826 2427 901 2464 eius
935 2438 1064 2464 nomen
1097 2427 1251 2463 delatum
1284 2426 1374 2473 erit,
1406 2437 1483 2463 eam
1514 2437 1589 2462 rem
1621 2426 1664 2462 ab
1697 2425 1748 2462 eis

134 2486 219 2524 item
251 2486 417 2534 quaerito
450 2486 507 2535 qui
539 2485 781 2524 uadimonium
813 2487 1061 2535 susceperint,
1096 2485 1130 2523 iu
1163 2490 1332 2534 quantum
1370 2485 1610 2523 uadimonium
1640 2484 1749 2522 fuerit

135 2546 376 2583 constitutum.

824 2604 940 2654 Caput
978 2605 1054 2642 XII.

275 2676 446 2722 Praetor,
478 2675 507 2713 si
538 2687 669 2713 nomen
700 2687 748 2712 ex
781 2675 849 2712 hae
881 2676 965 2724 lege
998 2676 1042 2712 ad
1073 2687 1112 2713 se
1145 2674 1298 2712 delatum
1331 2674 1410 2720 erit,
1440 2673 1550 2711 facito
1581 2677 1620 2711 ut
1648 2673 1746 2712 iuui-

136 2735 224 2772 cium
246 2748 327 2785 p...
352 2735 401 2772 uti
425 2735 524 2783 quod
546 2739 646 2772 recte
670 2735 801 2772 factum
834 2746 914 2771 esse
945 2735 1057 2781 uolet,
1090 2735 1170 2771 dum
1202 2733 1330 2781 nequid
1365 2733 1535 2770 aduersus
1566 2733 1656 2771 hanc
1687 2734 1746 2771 le-

136 2806 218 2841 gem
249 2795 312 2832 fiat
333 2799 453 2831 aut...
474 2794 668 2832 secundam
701 2806 793 2831 neue
824 2798 907 2843 post
938 2795 1029 2831 hano
1053 2794 1172 2840 legem
1194 2796 1359 2840 rogatam
1390 2792 1552 2840 conquiri
1582 2792 1618 2831 in
1649 2797 1746 2831 terra

278 2931 315 2976 1)
338 2934 474 2976 fraudei
500 2933 663 2978 Gottling.
689 2945 708 2968 e
733 2933 801 2968 tab.
826 2933 1003 2967 Klenzius:
1028 2930 1150 2965 fraudi.
