1877 3313
186 158 270 204 140
343 159 446 194 Inscr.
472 157 641 202 profanae.
690 155 771 202 Cap.
796 158 820 192 I.
869 158 966 192 Tituli
992 169 1131 204 operum
1156 158 1320 203 publicor.
1346 169 1413 194 non
1438 170 1618 195 sacrorum.

327 266 447 303 1215.
507 263 625 316 Impp.
656 262 921 305 Diocletianus
945 269 983 304 01
1003 264 1260 306 Maximianus
1281 263 1411 319 Augg.
1433 266 1658 321 repurgatis
1678 265 1774 307 son-

184 324 277 363 tium
319 323 412 362 rivis
455 325 494 360 et
534 322 702 362 itinerib.
745 334 882 363 eorum
924 323 972 363 ad
1004 335 1218 375 perennem
1250 335 1364 364 usum
1395 323 1556 365 refectis
1588 325 1773 365 Tiberino

183 381 286 421 Patri
325 392 512 432 aquarum
554 381 724 420 omnium
766 386 804 421 et
841 382 1110 434 repertoribus
1151 381 1379 421 mirabilium
1419 381 1601 422 fahricar.
1632 383 1774 435 priscis

183 439 277 479 viris
308 438 449 479 honori
480 437 687 478 dederunt.
751 438 918 480 Curante
950 452 1071 491 aquas
1103 439 1144 480 L.
1177 438 1290 479 Aelio
1321 439 1577 493 Dionysiodo.
1598 438 1633 494 ¹)
1665 441 1709 481 V.
1733 440 1775 481 C.

184 518 240 526 —-
269 499 412 536 Romae.
455 498 551 535 Grut.
589 498 682 545 178,
716 499 751 536 6.
798 500 891 536 Orel.
928 500 1046 536 1054.

325 574 446 610 1216.
507 572 589 612 DD.
634 572 712 612 NN.
754 573 1020 614 Diocletianus
1064 578 1103 613 et
1143 573 1398 614 Maximianus
1429 573 1561 613 invicti
1593 573 1775 614 seniores

183 630 315 684 Augg.
347 635 480 683 patres
511 629 628 683 Impp.
670 636 710 671 et
749 631 884 672 Caess.
917 637 956 671 et
988 632 1066 671 DD.
1100 632 1181 671 NN.
1208 632 1458 672 Constantius
1481 636 1520 671 et
1542 631 1775 672 Maximinus

181 689 410 729 nobilissimi
452 688 644 729 Caesares
685 689 856 730 thermas
894 689 1031 730 felices
1074 690 1359 741 Diocletianus,
1391 702 1487 742 quas
1517 690 1776 730 Maximianus

183 745 286 800 Aug.
328 748 473 787 absens
514 760 566 786 ex
605 746 737 787 Africa
778 749 850 787 snb
892 749 1113 800 praesentia
1151 749 1362 788 maiestatis
1395 749 1587 800 disposuit
1616 760 1662 787 ac
1691 747 1778 788 fieri

181 805 293 845 iussit
325 809 363 844 et
392 804 623 845 Diocletiani
654 804 756 859 Aug.
789 805 921 846 fratris
953 807 1015 846 sui
1047 807 1192 847 nomini
1235 807 1485 847 consecravit
1517 803 1774 858 coemptos2)

183 862 367 903 aedificiis
398 875 471 916 pro
503 864 599 903 tanti
630 865 760 916 operis
792 864 1058 918 magnitudine
1090 866 1193 904 omni
1225 865 1330 905 cultu
1361 864 1561 917 perfectas
1588 864 1776 904 Romanis

182 923 266 961 suis
298 920 592 962 dedicaverunt.
635 944 690 950 —-
731 925 873 961 Romae.
919 925 1014 961 Grut.
1057 937 1090 972 p.
1136 925 1227 962 178.
1275 925 1372 962 Oret.
1416 925 1537 961 1056.
1581 924 1776 962 correctius

180 981 386 1027 Mommsen,
418 983 638 1029 Archtiolog.
670 983 784 1030 Zeitg.
821 983 941 1020 1846.
972 995 1006 1030 p.
1040 983 1134 1019 229.

325 1057 445 1094 1217.
506 1054 630 1096 Genio
662 1056 754 1095 Iovii
785 1054 886 1109 Aug.
918 1056 1023 1096 Iovia
1054 1056 1208 1108 porticu
1239 1056 1324 1096 eius
1356 1069 1377 1096 a
1409 1055 1672 1096 fundamentis
1703 1056 1778 1095 ab-

182 1113 310 1154 soluta
351 1114 586 1166 excultaque
617 1113 754 1154 Aelius
786 1113 997 1167 Dionysius
1029 1114 1072 1154 V.
1107 1113 1145 1153 C.
1186 1115 1296 1166 operi
1328 1113 1523 1155 faciundo.
1564 1136 1620 1143 -—
1660 1117 1778 1164 Prope

182 1174 359 1210 theatrum
391 1173 550 1223 Pompeii
581 1179 712 1223 repert.
760 1175 856 1210 Grut.
887 1187 919 1222 p.
957 1173 1047 1211 111.
1094 1175 1234 1211 Platner
1264 1175 1406 1211 Beschr.
1438 1175 1475 1211 R.
1507 1175 1566 1211 ΙΙΙ.
1590 1174 1626 1211 3.
1656 1187 1690 1223 p.
1712 1175 1777 1212 54.

326 1249 447 1286 1218.
506 1246 598 1301 Imp.
643 1246 753 1288 Caes.
796 1247 848 1287 Fl.
894 1247 1147 1287 Constantino
1180 1248 1352 1288 Maximo
1384 1248 1423 1288 P.
1455 1247 1495 1288 F.
1512 1245 1553 1300 ³)
1595 1246 1777 1301 Augusto

181 1304 218 1347 S.
250 1305 290 1345 P.
321 1305 367 1345 R.
401 1305 446 1353 Q.
481 1306 586 1358 quod
618 1306 802 1346 instinctu
834 1305 1040 1345 divinitatis
1072 1307 1213 1346 mentis
1245 1305 1511 1359 magnitudine
1544 1318 1631 1347 cum
1654 1318 1778 1346 exer-

183 1364 262 1404 citu
294 1375 366 1404 suo
396 1368 474 1403 tarn
507 1364 555 1404 de
594 1369 763 1416 tyranno
797 1376 909 1415 quam
944 1364 991 1403 dc
1024 1365 1128 1404 omni
1167 1365 1250 1404 eius
1283 1363 1453 1404 factione
1485 1376 1563 1404 uno
1595 1369 1776 1417 tempore

180 1422 294 1462 iustis
324 1434 408 1461 rem
439 1422 634 1474 publicam
667 1423 768 1462 ultus
802 1427 862 1462 est
893 1424 1008 1462 armis
1042 1435 1173 1462 arcum
1207 1422 1408 1474 triumphis
1439 1423 1634 1475 insignem
1665 1422 1779 1462 dica-

180 1480 248 1519 vit.
287 1501 343 1508 --
387 1477 467 1533 (Ab
500 1487 651 1530 utroque
683 1477 841 1533 tatere}
882 1481 991 1520 Votis
1024 1480 1070 1520 X.
1104 1481 1212 1520 Votis
1244 1478 1388 1535 XX.4]
1422 1503 1477 1509 --
1513 1480 1590 1521 Sic.
1620 1480 1670 1520 X.
1700 1480 1777 1521 Sic.

183 1537 269 1578 XX.
286 1535 324 1591 ⁵)
356 1561 412 1566 -—
443 1536 561 1592 (Intra
594 1541 763 1577 fornicem
788 1540 926 1577 maioris
945 1536 1090 1591 arcus}
1123 1539 1342 1579 Liberatori
1373 1539 1496 1579 urbis.
1529 1561 1586 1567 -—
1616 1538 1779 1579 Funda-

179 1597 254 1637 tori
286 1597 440 1648 quietis.
473 1618 528 1624 -—-
559 1600 701 1636 Romae.
746 1599 931 1646 Inscriptio
964 1599 996 1635 in
1030 1611 1112 1636 arcu
1145 1600 1344 1648 triumphali
1377 1597 1596 1636 Constantini
1627 1611 1661 1647 p.
1693 1599 1776 1636 Chr.

183 1669 238 1694 an.
271 1656 365 1693 316.
398 1661 592 1694 exstructo.
640 1657 733 1693 Orel.
770 1657 889 1694 1075.

325 1731 446 1768 1219.
506 1730 671 1770 Domino
713 1729 966 1771 Constantino
1009 1731 1110 1771 Max.
1152 1731 1219 1771 Pio
1260 1731 1381 1771 Felici
1412 1743 1460 1771 ac
1491 1728 1781 1782 Triumphatori

182 1799 342 1840 semper
372 1787 475 1841 Aug.
509 1789 558 1828 ob
590 1788 854 1840 amplificatam
886 1793 968 1829 toto
1001 1790 1098 1829 orbe
1130 1789 1175 1829 R.
1208 1790 1248 1829 P.
1262 1787 1300 1841 ⁰)
1333 1788 1446 1829 factis
1478 1788 1709 1840 consultisq.
1739 1787 1779 1830 S.

182 1846 222 1887 P.
257 1845 301 1893 Q.
333 1846 378 1886 R.
411 1846 617 1886 dedicante
649 1847 790 1887 Anicio
821 1846 982 1886 Paulino
1014 1847 1168 1887 Iuniore
1199 1848 1245 1887 V.
1266 1847 1306 1886 C.
1325 1844 1364 1901 7)
1399 1847 1516 1887 Cous.
1542 1846 1628 1887 ord.
1649 1844 1778 1886 Praef.

184 1904 282 1945 urbi.
316 1927 370 1933 —-
402 1907 536 1944 Romae
567 1908 600 1943 in
633 1907 774 1944 basilica
806 1907 1039 1944 Constantini.
1087 1909 1183 1944 Grut.
1220 1907 1340 1944 1086.
1389 1907 1483 1944 Orel.
1519 1906 1640 1943 1081.

327 1981 447 2018 1220.
508 1980 715 2020 Petronius
745 1980 951 2032 Perpenna
983 1979 1149 2032 Magnus
1183 1979 1470 2027 Quadratianus
1497 1980 1542 2019 V.
1573 1979 1612 2019 C.
1642 1983 1683 2019 et
1711 1978 1779 2019 lul.

182 2036 310 2078 Praef.
353 2039 438 2078 urb.
481 2037 775 2078 Constantianas
807 2038 976 2078 thermas
1009 2038 1126 2090 longa
1157 2038 1305 2078 incuria
1338 2042 1378 2077 et
1408 2036 1625 2078 abolendae
1653 2036 1779 2078 civilis

182 2096 246 2136 vel
276 2097 407 2149 potius
439 2094 573 2137 feralis
606 2095 726 2136 cladis
756 2097 975 2136 vastatione
1008 2097 1262 2136 vehementer
1294 2095 1480 2145 adflictas,
1512 2097 1564 2135 ita
1595 2100 1638 2136 ut
1660 2096 1779 2148 agni-

182 2155 328 2194 tionem
341 2151 383 2208 8)
425 2154 485 2194 sui
525 2166 577 2194 ex
609 2155 712 2194 omni
751 2158 860 2206 parte
892 2153 1043 2206 perdita
1076 2153 1393 2206 desparationem
1427 2154 1579 2194 cunctis
1610 2165 1780 2206 repara-

183 2213 301 2253 tionis
333 2211 546 2263 adferrent,
579 2212 765 2264 deputato
797 2213 844 2251 ab
877 2211 1115 2263 amplissimo
1149 2211 1286 2252 ordine
1319 2223 1440 2264 parvo
1471 2215 1629 2263 sumptu
1651 2223 1781 2262 quan-

183 2275 266 2311 tum
297 2270 474 2323 publicae
506 2271 751 2323 patiebantur
791 2270 994 2323 angustiae
1036 2271 1082 2309 ab
1115 2275 1293 2310 extremo
1325 2269 1535 2309 vindicavit
1566 2281 1711 2309 occasu
1741 2273 1782 2309 et

183 2329 411 2382 provisione
443 2329 660 2381 largissima
692 2329 729 2368 in
762 2329 963 2382 pristinam
997 2327 1134 2367 faciem
1168 2327 1502 2379 splendoremque
1521 2327 1701 2367 restituit.
1725 2348 1780 2355 --

185 2390 329 2436 Romae,
361 2389 519 2437 inscript.
550 2391 674 2426 therm.
707 2388 1083 2425 Constantinianarum.
1132 2388 1227 2424 Grut.
1263 2387 1353 2424 177.
1402 2387 1497 2424 Orel.
1533 2387 1654 2424 1147.

330 2464 450 2501 1221.
510 2462 610 2502 Divo
642 2462 806 2502 Romulo
838 2461 885 2501 N.
917 2461 968 2501 M.
1001 2461 1044 2500 V.
1061 2458 1100 2514 ⁹]
1134 2461 1224 2501 Cos.
1259 2460 1343 2501 ord.
1374 2461 1416 2501 ll.
1449 2460 1527 2501 silio
1555 2460 1600 2500 D.
1623 2460 1670 2500 N.
1689 2460 1779 2500 Ma-

184 2521 306 2562 xentii
337 2521 468 2561 invict.
501 2521 583 2560 viri
615 2525 652 2560 et
680 2533 798 2573 semp.
832 2519 929 2573 Aug.
964 2520 1097 2571 nepoti
1130 2519 1172 2559 T.
1192 2516 1246 2572 ¹⁰]
1282 2518 1358 2559 divi
1389 2519 1610 2559 Maximiani
1640 2518 1779 2559 senio-

327 2647 363 2690 1)
394 2647 458 2680 Pro
493 2647 728 2689 Dionysiodoro
759 2649 878 2681 volunt
907 2647 1062 2690 Dionysio
1096 2658 1137 2680 ex
1171 2646 1261 2680 Grut.
1289 2647 1375 2688 111,
1401 2647 1432 2680 6.
1481 2644 1617 2679 Consuli
1644 2646 1780 2678 omnino

185 2694 276 2727 Saxii
307 2694 398 2728 Misc.
433 2695 464 2726 4.
499 2706 528 2737 p.
565 2694 639 2726 184.
667 2694 722 2727 Or.
751 2713 782 2717 —
817 2694 856 2736 2)
882 2694 1042 2727 mendose
1068 2704 1145 2736 pro:
1181 2695 1353 2736 coemptis.
1382 2710 1422 2714 —
1449 2690 1486 2733 3)
1511 2693 1571 2724 Pio
1596 2691 1698 2724 felici.
1738 2709 1778 2714 —

184 2740 223 2781 4)
247 2742 335 2773 votis
362 2740 621 2781 decennalibus3
649 2742 736 2773 votis
762 2741 1029 2774 vincennalibus.
1055 2756 1098 2760 —
1124 2738 1160 2780 5)
1188 2741 1281 2772 Sicut
1308 2738 1557 2772 decennalibus.
1574 2754 1618 2759 -
1645 2737 1684 2780 6)
1709 2748 1780 2771 rem

184 2786 363 2829 publicam.
398 2805 439 2809 —
472 2788 509 2829 7)
535 2788 593 2819 -vir
619 2787 830 2820 clarissimus.
865 2806 905 2810 ——
939 2786 977 2827 8)
1005 2786 1166 2819 mendose
1193 2797 1274 2829 pro:
1299 2787 1474 2828 αρηίιὶοηε.
1511 2801 1551 2806 —
1585 2782 1622 2825 9)
1658 2783 1780 2816 nobilis

187 2835 369 2866 memoriae
393 2835 478 2867 viro.
503 2850 547 2856 -—
576 2832 633 2874 10)
660 2840 721 2874 ter⁷
747 2834 890 2877 explicat
915 2833 1047 2875 Nibby‚
1080 2833 1331 2865 contradicente
1357 2830 1504 2871 Orellio,
1539 2831 1595 2873 qui
1629 2836 1664 2863 et
1697 2830 1780 2863 illud

188 2878 331 2911 alterum
363 2880 632 2923 supplementum
666 2880 780 2913 invicti
814 2881 879 2913 riri
912 2880 992 2913 nihil
1025 2890 1099 2913 esse
1131 2879 1258 2912 iudicat
1284 2885 1384 2923 atque
1410 2877 1574 2912 excidisse
1599 2876 1780 2910 arbitratur

182 2925 234 2969 pii
255 2925 367 2966 felicis
393 2932 468 2971 post
495 2927 619 2959 invicti.
