1877 3313
673 154 703 196 δ.
731 153 763 188 1.
811 153 920 200 Leges
947 159 980 188 et
1007 155 1193 198 publiscssa
1646 156 1731 199 263

126 261 256 298 tuenda
289 261 484 310 spectantia
516 262 742 310 septuaginta
774 267 927 311 quatuor
960 263 1119 300 versibus
1161 265 1386 314 conscripta,
1426 265 1552 303 lamina
1583 265 1733 304 inferior

125 320 202 357 sive
233 332 294 356 aes
325 320 599 368 Neapolitanum
631 327 770 358 centum
802 322 991 369 sexaginta
1023 323 1133 359 tribus
1166 325 1326 361 versibus
1355 330 1535 371 constans,
1566 325 1732 374 proxime

127 379 377 415 antecedentia
409 384 586 427 perpetuo
620 385 746 417 tenore
777 381 960 417 continuat
992 385 1027 417 et
1059 382 1224 428 absolvit,
1257 384 1321 419 sed
1353 384 1538 420 maximam
1570 384 1622 421 sui
1643 395 1732 433 par-

126 442 196 474 tem
236 438 357 484 legem
398 438 558 474 continet
590 439 635 474 de
666 438 929 485 magistratibus
962 444 998 475 et
1030 440 1261 478 decurionatu
1295 442 1328 477 in
1361 442 1554 490 municipiis
1596 447 1631 479 et
1663 453 1733 479 co-

125 495 228 533 loniis
261 496 388 533 civium
420 507 647 533 romanorum
688 497 955 534 constituendis,
1005 498 1102 535 Haec
1143 504 1212 535 tam
1257 500 1447 548 disparium
1488 512 1607 538 rerum
1638 512 1733 538 con-

124 554 257 591 iunctio
289 555 507 591 Mazochium
541 555 710 601 adduxit,
753 561 790 592 ut
821 557 939 603 legum
972 568 1196 594 romanarum
1239 549 1443 605 Digestum¹
1463 559 1734 608 municipiorum

124 615 157 650 in
191 624 289 649 usum
321 613 558 661 compositum
591 614 763 659 haberet,
796 615 851 651 vel
885 616 1002 661 legem
1035 616 1186 663 aliquam
1218 622 1395 663 saturam,
1427 617 1463 654 id
1495 622 1571 664 est,
1614 619 1735 665 legem

124 671 239 708 multis
285 671 359 707 aliis
403 671 543 718 legibus
593 673 802 709 confertam.
875 674 985 717 Quam
1031 675 1267 722 posteriorem
1309 678 1522 712 sententiam
1571 677 1734 713 Savinius

64 742 67 744 ·
125 725 353 782 (Zeitschrift
384 730 441 766 fiir
472 731 597 776 gesch.
629 731 860 768 Rechtswiss.
894 732 973 769 Vol.
1002 732 1060 769 IX.
1092 746 1127 780 p.
1150 733 1390 771 300—378.
1425 735 1525 782 „Der
1555 735 1734 772 romische

123 788 426 825 Volksbeschluss
459 789 524 824 der
556 789 655 825 Tafel
684 801 753 826 von
778 786 1008 842 iterantem&
1042 792 1088 827 ita
1122 793 1347 840 comprobat,
1379 798 1415 829 ut
1446 793 1611 830 universa
1629 806 1735 831 causa

124 847 324 885 luculenter
366 848 538 883 illustrata
580 849 700 894 legem
741 854 896 885 saturam
940 862 1019 885 esse
1061 855 1193 887 statuat
1236 863 1253 887 a
1286 852 1375 888 Iulio
1418 852 1573 889 Caesare
1615 853 1735 900 latam,

124 906 221 943 cuius
252 905 374 954 potior
415 917 497 954 pars
529 905 573 942 sit
606 907 664 942 lex
696 907 783 943 Iulia
817 908 1058 957 municipaliS,
1101 920 1196 946 anno
1230 921 1260 945 u.
1295 922 1323 946 c.
1358 910 1438 946 709
1473 911 1736 958 assignandam.

124 964 355 1011 Gottlingius,
387 965 444 1012 qui
477 976 590 1013 nuper
623 965 668 1002 de
701 967 826 1002 eadem
859 979 898 1003 re
931 967 1099 1015 exposuit
1132 972 1169 1003 ut
1201 968 1318 1014 legem
1345 969 1466 1005 Iuliam
1490 969 1736 1019 municipalem

78 1038 80 1040 ’
123 1023 242 1060 tabula
275 1022 451 1060 contineri
484 1023 672 1070 agnoscit,
716 1025 762 1060 ita
796 1037 886 1072 quae
922 1026 955 1062 in
988 1027 1106 1063 tabula
1138 1026 1257 1073 legem
1290 1027 1409 1064 Iuliam
1444 1029 1660 1066 antecedunt
1692 1041 1736 1067 an

70 1095 79 1099 ··
122 1093 224 1118 unam
257 1093 476 1119 communem
523 1083 641 1129 legem
684 1088 835 1120 saturam
869 1084 1023 1120 efficiant
1067 1085 1195 1122 eodem
1227 1097 1319 1122 anno
1354 1098 1431 1122 cuni
1465 1087 1549 1134 lege
1582 1087 1734 1125 munici-

121 1141 193 1190 pali
230 1140 369 1186 datam,
412 1140 573 1188 pluribus
606 1141 800 1178 rationibus
834 1143 1030 1182 addubitat„
1073 1144 1187 1191 adque
1229 1145 1273 1180 ad
1314 1145 1486 1182 lliazochii
1524 1147 1738 1184 sententiam

127 1199 304 1237 accedens
336 1200 402 1235 hac
434 1199 553 1235 tabula
586 1200 688 1246 leges
722 1201 881 1237 diversas
915 1202 1090 1238 contineri
1123 1201 1272 1239 diversis
1307 1204 1524 1251 temporibus
1556 1205 1644 1242 latas
1672 1206 1738 1242 sed

122 1269 246 1296 omnes
280 1257 324 1294 ad
357 1257 545 1306 municipia
588 1259 750 1304 regenda
783 1260 842 1295 vel
876 1261 1098 1297 necessarias
1132 1262 1188 1297 vel
1219 1262 1415 1309 perutiles,
1456 1262 1611 1311 ideoque
1643 1275 1736 1301 con-

121 1318 259 1354 iunctas
293 1316 496 1353 arbitratur.
564 1317 693 1353 Puchta
728 1311 904 1367 (institut.
937 1319 962 1354 I.
996 1329 1031 1369 p.
1066 1314 1176 1370 386)
1211 1331 1362 1367 eumque
1401 1332 1556 1368 sequens
1596 1322 1736 1359 Reinius

123 1370 257 1427 (Pauly
292 1375 642 1423 Realencyclopaed.
675 1376 734 1412 IV.
766 1388 799 1423 p.
833 1371 944 1428 9?ss)
978 1389 1082 1413 unam
1115 1378 1233 1423 legem
1266 1378 1511 1426 municipalem
1543 1380 1738 1429 simplicem

122 1446 192 1471 non
224 1438 378 1471 saturam
412 1435 556 1479 liabent,
589 1442 705 1481 neque
738 1434 898 1471 diversas
930 1437 1031 1483 leges
1066 1436 1192 1472 eadem
1225 1437 1343 1473 tabula
1376 1439 1666 1485 comprehensas.

260 1504 458 1540 Ediderunt
488 1504 716 1553 superiorem
747 1510 887 1554 partem
919 1506 994 1542 sive
1027 1518 1087 1543 aes
1128 1506 1389 1543 Britannicum:
1429 1508 1531 1545 Mich.
1563 1508 1739 1546 Maittaire

123 1559 326 1615 (Antiquae
357 1562 610 1611 inscriptiones
643 1563 746 1600 duae.
778 1564 888 1601 Lond.
925 1559 1182 1615 1736.f01.)3
1212 1565 1250 1602 F.
1283 1566 1320 1601 C.
1354 1566 1508 1603 Conradi
1540 1562 1661 1619 (Libri
1689 1568 1738 1605 111

129 1624 376 1669 Parergorum.
409 1621 618 1659 Helmstadt.
645 1621 767 1659 1738.
799 1635 831 1671 p.
856 1623 938 1659 350
956 1618 1105 1675 seqq.);
1138 1624 1173 1660 F.
1205 1624 1321 1661 lllaffei
1352 1619 1631 1677 (Osservazioni
1663 1627 1737 1664 let-

90 1725 93 1727 ,
127 1680 270 1718 terarie.
305 1680 462 1718 Verona·
499 1679 620 1718 1788.
653 1682 751 1718 Tom.
783 1681 841 1718 111.
874 1695 907 1730 p.
940 1682 1035 1719 265.
1067 1683 1224 1719 Museum
1258 1683 1391 1720 Veron.
1423 1696 1456 1732 p.
1489 1681 1625 1737 4303
1655 1686 1736 1723 Mu-

126 1739 280 1777 ratorius
322 1734 449 1791 (Thes.
481 1740 584 1776 inscr.
626 1740 723 1777 Toni.
756 1740 798 1777 11.
840 1753 873 1789 p.
909 1735 1054 1793 5823,
1096 1742 1136 1778 H.
1169 1742 1208 1779 E.
1247 1742 1397 1779 Dirksen
1440 1737 1612 1794 [Civilist.
1653 1745 1735 1782 Ab-

126 1799 368 1845 handlungen.
401 1798 498 1835 Toni.
532 1798 573 1834 Il.
606 1811 638 1847 p.
675 1793 816 1850 144.);
849 1800 1052 1836 inferiorem
1086 1805 1222 1848 partem
1255 1800 1330 1837 sive
1363 1813 1422 1838 aes
1454 1802 1736 1851 Neapolitanum.

127 1857 276 1893 Dirksen
310 1851 618 1908 (Observationes
651 1858 694 1894 ad
727 1859 868 1894 tabulae
892 1859 1031 1895 lleracl.
1056 1864 1191 1906 partem
1214 1859 1372 1896 alteram.
1406 1861 1559 1899 Berolin.
1587 1857 1735 1914 1817.)

125 1916 321 1964 Utrumque
354 1916 612 1962 fragmentum:
654 1917 698 1953 A.
729 1917 765 1952 S.
798 1917 1002 1954 lllazocliius
1044 1912 1286 1969 [Comentarii
1318 1918 1350 1954 in
1383 1920 1520 1956 tabulas
1560 1921 1735 1957 Heracle-

125 1986 240 2011 enseS.
283 1975 429 2022 Neapol.
465 1974 585 2011 1754.
630 1975 691 2012 fol.
726 1975 760 2012 P.
792 1975 816 2012 l.
851 1981 885 2012 et
916 1976 956 2012 11.
995 1970 1073 2027 G.)
1127 1976 1164 2013 G.
1197 1977 1303 2022 Hugo
1347 1971 1520 2029 [Civilist.
1562 1979 1736 2025 Magazin.

125 2033 311 2070 Tom.111.
351 2046 384 2081 p.
419 2029 548 2086 340),·
589 2034 624 2070 L.
665 2034 836 2071 Marezoll
879 2029 1156 2086 (Fragmentum
1197 2036 1289 2082 legis
1332 2048 1501 2072 romanae
1542 2037 1576 2073 in
1609 2049 1736 2075 aversa

124 2092 265 2129 tabulae
296 2092 546 2129 Heracleensis
579 2097 694 2140 parte,
727 2093 932 2140 Gottingae.
961 2092 1082 2130 1816.
1119 2089 1205 2142 8),
1238 2094 1401 2131 Haubold
1426 2089 1603 2146 (Monum.
1627 2097 1735 2143 legal.

123 2163 157 2200 p.
190 2147 307 2204 98.);
350 2152 476 2198 Egger
519 2146 655 2203 [Latin.
687 2163 840 2188 sermon.
873 2151 1046 2200 reliquiae
1087 2164 1121 2200 p.
1155 2147 1289 2204 296);
1331 2153 1494 2201 Gettling
1526 2149 1735 2207 (Funrzehn

123 2209 279 2247 Urkund.
311 2222 345 2258 p.
380 2206 472 2262 59).
534 2210 695 2259 Capitum
729 2210 933 2248 distributio
967 2212 1010 2247 ab
1050 2211 1247 2248 editoribus
1280 2212 1400 2249 addita
1432 2217 1496 2249 est.

837 2290 962 2344 Caput
991 2290 1018 2331 Ι.

262 2360 388 2409 Quem
429 2360 463 2400 h.
496 2359 520 2400 l.
553 2359 601 2401 ad
645 2372 728 2402 cos.
773 2360 975 2414 profiterei
1019 2360 1241 2414 oportebit,
1284 2362 1343 2402 sei
1382 2362 1441 2410 is,
1483 2374 1601 2415 quoin
1643 2375 1735 2405 eum

122 2418 325 2473 profiterei
357 2419 574 2473 oportebit,
605 2419 754 2460 Romae
785 2432 865 2460 non
897 2421 984 2469 erit,
1023 2425 1103 2460 tum
1137 2420 1231 2473 quei
1263 2421 1349 2461 eius
1380 2421 1538 2462 necotia
1569 2422 1735 2475 curabit,

121 2479 155 2518 is
187 2477 325 2519 eadem
345 2474 382 2532 ¹)
424 2478 577 2529 omnia,
619 2490 719 2530 quae
762 2491 875 2529 eum,
923 2478 1066 2531 quoius
1098 2479 1257 2519 necotia
1290 2479 1463 2531 curabit,
1494 2480 1554 2520 sei
1584 2480 1734 2522 Romae

843 2650 957 2700 Caput
989 2651 1016 2687 I.

260 2721 371 2765 Quem
403 2721 469 2758 bac
500 2721 584 2767 lege
615 2720 659 2756 ad
700 2721 881 2758 consulem
927 2721 1089 2769 profiteri
1131 2709 1337 2771 oportebit,
1380 2721 1408 2759 si
1439 2721 1469 2758 is
1502 2732 1608 2770 quum
1651 2735 1730 2762 eum

121 2780 279 2827 profiteri
313 2779 508 2828 oportebit,
540 2780 673 2816 Romae
707 2791 776 2817 non
811 2779 890 2826 erit,
923 2784 993 2816 tum
1023 2780 1082 2828 qui
1104 2780 1179 2817 eius
1203 2780 1349 2828 negotia
1372 2780 1524 2829 curabit,
1554 2781 1583 2819 is
1605 2783 1731 2821 eadem

262 2956 298 3001 1]
324 2959 451 2993 caedem
475 2958 589 2994 tabula
613 2957 781 3004 Gottling3
805 2959 936 3005 priores
962 2957 1040 2993 edd.
1065 2956 1203 3000 easdem.
