<?xml version="1.0" encoding="UTF-8"?>
<!DOCTYPE html PUBLIC "-//W3C//DTD XHTML 1.0 Transitional//EN"
    "http://www.w3.org/TR/xhtml1/DTD/xhtml1-transitional.dtd">
<html xmlns="http://www.w3.org/1999/xhtml" xml:lang="en" lang="en">
 <head>
  <title>
</title>
<meta http-equiv="Content-Type" content="text/html;charset=utf-8" />
  <meta name='ocr-system' content='tesseract 3.04.00' />
  <meta name='ocr-capabilities' content='ocr_page ocr_carea ocr_par ocr_line ocrx_word'/>
</head>
<body>
  <div class='ocr_page' id='page_1' title='image "./handbuchderrmi0103zelluoft_0349.png"; bbox 0 0 1877 3313; ppageno 0'>
   <div class='ocr_carea' id='block_1_1' title="bbox 0 633 23 2349">
    <p class='ocr_par' dir='ltr' id='par_1_1' title="bbox 0 633 23 2349">
     <span class='ocr_line' id='line_1_1' title="bbox 0 633 23 2349; baseline 0 0"><span class='ocrx_word' id='word_1_1' title='bbox 0 633 23 2349; x_wconf 95' lang='lat' dir='ltr'> </span> 
     </span>
    </p>
   </div>
   <div class='ocr_carea' id='block_1_2' title="bbox 8 2340 20 2422">
    <p class='ocr_par' dir='ltr' id='par_1_2' title="bbox 8 2340 20 2422">
     <span class='ocr_line' id='line_1_2' title="bbox 8 2340 20 2422; baseline 0 0"><span class='ocrx_word' id='word_1_2' title='bbox 8 2340 20 2422; x_wconf 66' lang='lat' dir='ltr'>&#39;i</span> 
     </span>
    </p>
   </div>
   <div class='ocr_carea' id='block_1_3' title="bbox 13 2222 30 2924">
    <p class='ocr_par' dir='ltr' id='par_1_3' title="bbox 13 2222 30 2924">
     <span class='ocr_line' id='line_1_3' title="bbox 13 2222 30 2924; baseline 0 0"><span class='ocrx_word' id='word_1_3' title='bbox 13 2222 30 2924; x_wconf 95' lang='lat' dir='ltr'> </span> 
     </span>
    </p>
   </div>
   <div class='ocr_carea' id='block_1_4' title="bbox 526 142 1727 191">
    <p class='ocr_par' dir='ltr' id='par_1_4' title="bbox 526 142 1727 191">
     <span class='ocr_line' id='line_1_4' title="bbox 526 142 1727 191; baseline 0.001 -11"><span class='ocrx_word' id='word_1_4' title='bbox 526 143 556 187; x_wconf 66' lang='grc' dir='ltr'>ς.</span> <span class='ocrx_word' id='word_1_5' title='bbox 581 144 614 180; x_wconf 84' lang='grc'>4.</span> <span class='ocrx_word' id='word_1_6' title='bbox 663 144 908 191; x_wconf 72' lang='lat' dir='ltr'><strong>Imperatorum</strong></span> <span class='ocrx_word' id='word_1_7' title='bbox 933 142 1054 179; x_wconf 84' lang='lat' dir='ltr'>Edicta</span> <span class='ocrx_word' id='word_1_8' title='bbox 1077 147 1112 179; x_wconf 85' lang='lat' dir='ltr'>et</span> <span class='ocrx_word' id='word_1_9' title='bbox 1137 143 1324 189; x_wconf 71' lang='lat' dir='ltr'>Rescripta.</span> <span class='ocrx_word' id='word_1_10' title='bbox 1642 145 1727 188; x_wconf 83' lang='lat'>329</span> 
     </span>
    </p>
   </div>
   <div class='ocr_carea' id='block_1_5' title="bbox 123 251 608 603">
    <p class='ocr_par' dir='ltr' id='par_1_5' title="bbox 181 251 608 483">
     <span class='ocr_line' id='line_1_5' title="bbox 181 251 597 307; baseline -0.005 -13"><span class='ocrx_word' id='word_1_11' title='bbox 181 251 405 307; x_wconf 88' lang='lat' dir='ltr'>qubitorum</span> <span class='ocrx_word' id='word_1_12' title='bbox 478 251 597 306; x_wconf 88' lang='lat' dir='ltr'>quin-</span> 
     </span>
     <span class='ocr_line' id='line_1_6' title="bbox 183 310 608 367; baseline 0.002 -16"><span class='ocrx_word' id='word_1_13' title='bbox 183 317 331 367; x_wconf 80' lang='lat' dir='ltr'>genta,</span> <span class='ocrx_word' id='word_1_14' title='bbox 392 310 608 353; x_wconf 90' lang='lat' dir='ltr'>latitudinis</span> 
     </span>
     <span class='ocr_line' id='line_1_7' title="bbox 188 370 607 424; baseline 0 -12"><span class='ocrx_word' id='word_1_15' title='bbox 188 370 379 424; x_wconf 89' lang='lat' dir='ltr'>quadrum</span> <span class='ocrx_word' id='word_1_16' title='bbox 448 371 607 412; x_wconf 88' lang='lat' dir='ltr'>cubito-</span> 
     </span>
     <span class='ocr_line' id='line_1_8' title="bbox 181 433 492 483; baseline -0.003 -12"><span class='ocrx_word' id='word_1_17' title='bbox 181 442 269 471; x_wconf 88' lang='lat' dir='ltr'>rum</span> <span class='ocrx_word' id='word_1_18' title='bbox 302 433 492 483; x_wconf 86' lang='lat' dir='ltr'>quattuor</span> 
     </span>
    </p>

    <p class='ocr_par' dir='ltr' id='par_1_6' title="bbox 123 487 608 603">
     <span class='ocr_line' id='line_1_9' title="bbox 123 487 608 542; baseline 0.002 -14"><span class='ocrx_word' id='word_1_19' title='bbox 123 487 354 531; x_wconf 88' lang='lat' dir='ltr'>Cubitorum</span> <span class='ocrx_word' id='word_1_20' title='bbox 430 487 608 542; x_wconf 83' lang='lat' dir='ltr'>quadra-</span> 
     </span>
     <span class='ocr_line' id='line_1_10' title="bbox 179 547 608 603; baseline -0.002 -15"><span class='ocrx_word' id='word_1_21' title='bbox 179 548 287 603; x_wconf 84' lang='lat' dir='ltr'>ginta</span> <span class='ocrx_word' id='word_1_22' title='bbox 319 547 494 602; x_wconf 89' lang='lat' dir='ltr'>quinque</span> <span class='ocrx_word' id='word_1_23' title='bbox 513 547 608 587; x_wconf 86' lang='lat' dir='ltr'>lati-</span> 
     </span>
    </p>
   </div>
   <div class='ocr_carea' id='block_1_6' title="bbox 179 605 682 660">
    <p class='ocr_par' dir='ltr' id='par_1_7' title="bbox 179 605 682 660">
     <span class='ocr_line' id='line_1_11' title="bbox 179 605 682 660; baseline -0.004 -13"><span class='ocrx_word' id='word_1_24' title='bbox 179 606 322 647; x_wconf 88' lang='lat' dir='ltr'>tudinis</span> <span class='ocrx_word' id='word_1_25' title='bbox 352 605 608 660; x_wconf 77' lang='lat' dir='ltr'>suprascripti</span> <span class='ocrx_word' id='word_1_26' title='bbox 674 637 682 646; x_wconf 88' lang='lat'><strong>.</strong></span> 
     </span>
    </p>
   </div>
   <div class='ocr_carea' id='block_1_7' title="bbox 116 663 608 1781">
    <p class='ocr_par' dir='ltr' id='par_1_8' title="bbox 121 663 608 838">
     <span class='ocr_line' id='line_1_12' title="bbox 121 663 608 716; baseline -0.002 -10"><span class='ocrx_word' id='word_1_27' title='bbox 121 663 350 707; x_wconf 87' lang='lat' dir='ltr'>Cubitorum</span> <span class='ocrx_word' id='word_1_28' title='bbox 382 679 401 703; x_wconf 76' lang='lat' dir='ltr'>N</span> <span class='ocrx_word' id='word_1_29' title='bbox 433 664 608 716; x_wconf 85' lang='lat' dir='ltr'>quadra-</span> 
     </span>
     <span class='ocr_line' id='line_1_13' title="bbox 176 722 548 778; baseline -0.003 -13"><span class='ocrx_word' id='word_1_30' title='bbox 176 725 284 778; x_wconf 80' lang='lat' dir='ltr'>ginta</span> <span class='ocrx_word' id='word_1_31' title='bbox 334 722 548 765; x_wconf 89' lang='lat' dir='ltr'>latitudinis</span> 
     </span>
     <span class='ocr_line' id='line_1_14' title="bbox 176 780 306 838; baseline 0.015 -34"><span class='ocrx_word' id='word_1_32' title='bbox 176 780 306 838; x_wconf 68' lang='lat'>55⁵⁴)</span> 
     </span>
    </p>

    <p class='ocr_par' dir='ltr' id='par_1_9' title="bbox 120 840 607 1073">
     <span class='ocr_line' id='line_1_15' title="bbox 120 840 607 896; baseline -0.004 -13"><span class='ocrx_word' id='word_1_33' title='bbox 120 841 356 883; x_wconf 87' lang='lat' dir='ltr'>Cubitorum</span> <span class='ocrx_word' id='word_1_34' title='bbox 448 840 607 896; x_wconf 90' lang='lat' dir='ltr'>triginta</span> 
     </span>
     <span class='ocr_line' id='line_1_16' title="bbox 178 899 607 954; baseline -0.005 -12"><span class='ocrx_word' id='word_1_35' title='bbox 178 902 352 954; x_wconf 87' lang='lat' dir='ltr'>quinque</span> <span class='ocrx_word' id='word_1_36' title='bbox 414 899 607 942; x_wconf 88' lang='lat' dir='ltr'>latitudini</span> 
     </span>
     <span class='ocr_line' id='line_1_17' title="bbox 176 957 607 1014; baseline 0 -14"><span class='ocrx_word' id='word_1_37' title='bbox 176 973 249 1014; x_wconf 85' lang='lat' dir='ltr'>per</span> <span class='ocrx_word' id='word_1_38' title='bbox 302 957 494 1013; x_wconf 85' lang='lat' dir='ltr'>quadrum</span> <span class='ocrx_word' id='word_1_39' title='bbox 542 959 607 1000; x_wconf 90' lang='lat' dir='ltr'>di-</span> 
     </span>
     <span class='ocr_line' id='line_1_18' title="bbox 175 1017 584 1073; baseline -0.005 -13"><span class='ocrx_word' id='word_1_40' title='bbox 175 1020 349 1073; x_wconf 87' lang='lat' dir='ltr'>gitorum</span> <span class='ocrx_word' id='word_1_41' title='bbox 380 1017 584 1073; x_wconf 87' lang='lat' dir='ltr'>octoginta</span> 
     </span>
    </p>

    <p class='ocr_par' dir='ltr' id='par_1_10' title="bbox 119 1077 606 1309">
     <span class='ocr_line' id='line_1_19' title="bbox 119 1077 606 1131; baseline -0.004 -12"><span class='ocrx_word' id='word_1_42' title='bbox 119 1077 351 1120; x_wconf 88' lang='lat' dir='ltr'>Cubitorum</span> <span class='ocrx_word' id='word_1_43' title='bbox 369 1078 508 1131; x_wconf 89' lang='lat' dir='ltr'>viginti</span> <span class='ocrx_word' id='word_1_44' title='bbox 531 1089 606 1118; x_wconf 80' lang='lat' dir='ltr'>oc-</span> 
     </span>
     <span class='ocr_line' id='line_1_20' title="bbox 176 1136 605 1179; baseline -0.007 0"><span class='ocrx_word' id='word_1_45' title='bbox 176 1142 217 1179; x_wconf 89' lang='lat' dir='ltr'>to</span> <span class='ocrx_word' id='word_1_46' title='bbox 284 1136 497 1177; x_wconf 88' lang='lat' dir='ltr'>latitudinis</span> <span class='ocrx_word' id='word_1_47' title='bbox 567 1137 605 1176; x_wconf 92' lang='lat' dir='ltr'>in</span> 
     </span>
     <span class='ocr_line' id='line_1_21' title="bbox 176 1195 605 1249; baseline -0.005 -12"><span class='ocrx_word' id='word_1_48' title='bbox 176 1195 369 1249; x_wconf 88' lang='lat' dir='ltr'>quadrum</span> <span class='ocrx_word' id='word_1_49' title='bbox 387 1195 605 1236; x_wconf 89' lang='lat' dir='ltr'>cubitorum</span> 
     </span>
     <span class='ocr_line' id='line_1_22' title="bbox 176 1259 362 1309; baseline -0.005 -13"><span class='ocrx_word' id='word_1_50' title='bbox 176 1259 362 1309; x_wconf 89' lang='lat' dir='ltr'>quattuor</span> 
     </span>
    </p>

    <p class='ocr_par' dir='ltr' id='par_1_11' title="bbox 116 1313 605 1544">
     <span class='ocr_line' id='line_1_23' title="bbox 116 1313 605 1366; baseline -0.006 -10"><span class='ocrx_word' id='word_1_51' title='bbox 116 1314 348 1356; x_wconf 87' lang='lat' dir='ltr'>Cubitorum</span> <span class='ocrx_word' id='word_1_52' title='bbox 391 1329 411 1353; x_wconf 73' lang='lat' dir='ltr'>x</span> <span class='ocrx_word' id='word_1_53' title='bbox 448 1313 605 1366; x_wconf 85' lang='lat' dir='ltr'>triginta</span> 
     </span>
     <span class='ocr_line' id='line_1_24' title="bbox 176 1371 604 1424; baseline -0.007 -10"><span class='ocrx_word' id='word_1_54' title='bbox 176 1372 390 1414; x_wconf 89' lang='lat' dir='ltr'>latitudinis</span> <span class='ocrx_word' id='word_1_55' title='bbox 411 1374 450 1413; x_wconf 90' lang='lat' dir='ltr'>in</span> <span class='ocrx_word' id='word_1_56' title='bbox 473 1371 604 1424; x_wconf 87' lang='lat' dir='ltr'>quad-</span> 
     </span>
     <span class='ocr_line' id='line_1_25' title="bbox 175 1431 604 1485; baseline -0.007 -12"><span class='ocrx_word' id='word_1_57' title='bbox 175 1445 260 1473; x_wconf 87' lang='lat' dir='ltr'>rum</span> <span class='ocrx_word' id='word_1_58' title='bbox 276 1431 487 1485; x_wconf 82' lang='lat' dir='ltr'>digitorum</span> <span class='ocrx_word' id='word_1_59' title='bbox 504 1443 604 1484; x_wconf 86' lang='lat' dir='ltr'>sep-</span> 
     </span>
     <span class='ocr_line' id='line_1_26' title="bbox 174 1490 501 1544; baseline -0.009 -13"><span class='ocrx_word' id='word_1_60' title='bbox 174 1490 350 1544; x_wconf 85' lang='lat' dir='ltr'>tuaginta</span> <span class='ocrx_word' id='word_1_61' title='bbox 383 1490 501 1532; x_wconf 90' lang='lat' dir='ltr'>duum</span> 
     </span>
    </p>

    <p class='ocr_par' dir='ltr' id='par_1_12' title="bbox 117 1548 606 1781">
     <span class='ocr_line' id='line_1_27' title="bbox 117 1548 606 1601; baseline -0.008 -9"><span class='ocrx_word' id='word_1_62' title='bbox 117 1549 348 1592; x_wconf 89' lang='lat' dir='ltr'>Cubitorum</span> <span class='ocrx_word' id='word_1_63' title='bbox 467 1548 606 1601; x_wconf 85' lang='lat' dir='ltr'>viginti</span> 
     </span>
     <span class='ocr_line' id='line_1_28' title="bbox 174 1607 604 1663; baseline -0.005 -13"><span class='ocrx_word' id='word_1_64' title='bbox 174 1609 347 1663; x_wconf 87' lang='lat' dir='ltr'>quinque</span> <span class='ocrx_word' id='word_1_65' title='bbox 392 1607 604 1649; x_wconf 91' lang='lat' dir='ltr'>latitudinis</span> 
     </span>
     <span class='ocr_line' id='line_1_29' title="bbox 172 1666 603 1721; baseline -0.002 -12"><span class='ocrx_word' id='word_1_66' title='bbox 172 1669 211 1709; x_wconf 88' lang='lat' dir='ltr'>in</span> <span class='ocrx_word' id='word_1_67' title='bbox 244 1666 436 1721; x_wconf 84' lang='lat' dir='ltr'>quadrum</span> <span class='ocrx_word' id='word_1_68' title='bbox 476 1679 603 1708; x_wconf 81' lang='lat' dir='ltr'>sexa-</span> 
     </span>
     <span class='ocr_line' id='line_1_30' title="bbox 173 1727 500 1781; baseline -0.003 -14"><span class='ocrx_word' id='word_1_69' title='bbox 173 1727 282 1781; x_wconf 83' lang='lat' dir='ltr'>ginta</span> <span class='ocrx_word' id='word_1_70' title='bbox 314 1731 500 1780; x_wconf 85' lang='lat' dir='ltr'>quattuor</span> 
     </span>
    </p>
   </div>
   <div class='ocr_carea' id='block_1_8' title="bbox 44 1783 602 1839">
    <p class='ocr_par' dir='ltr' id='par_1_13' title="bbox 44 1783 602 1839">
     <span class='ocr_line' id='line_1_31' title="bbox 44 1783 602 1839; baseline -0.004 -12"><span class='ocrx_word' id='word_1_71' title='bbox 44 1783 48 1786; x_wconf 68' lang='grc'><strong>’</strong></span> <span class='ocrx_word' id='word_1_72' title='bbox 113 1785 263 1827; x_wconf 82' lang='lat' dir='ltr'>Eadem</span> <span class='ocrx_word' id='word_1_73' title='bbox 304 1786 453 1839; x_wconf 89' lang='lat' dir='ltr'>praetia</span> <span class='ocrx_word' id='word_1_74' title='bbox 485 1785 602 1826; x_wconf 84' lang='lat' dir='ltr'>etiam</span> 
     </span>
    </p>
   </div>
   <div class='ocr_carea' id='block_1_9' title="bbox 112 1844 602 2192">
    <p class='ocr_par' dir='ltr' id='par_1_14' title="bbox 112 1844 602 2192">
     <span class='ocr_line' id='line_1_32' title="bbox 173 1844 512 1898; baseline -0.003 -13"><span class='ocrx_word' id='word_1_75' title='bbox 173 1845 363 1885; x_wconf 88' lang='lat' dir='ltr'>materiae</span> <span class='ocrx_word' id='word_1_76' title='bbox 395 1844 512 1898; x_wconf 88' lang='lat' dir='ltr'>pinae</span> 
     </span>
     <span class='ocr_line' id='line_1_33' title="bbox 173 1899 598 1958; baseline -0.005 -13"><span class='ocrx_word' id='word_1_77' title='bbox 173 1908 341 1957; x_wconf 89' lang='lat' dir='ltr'>sunptae</span> <span class='ocrx_word' id='word_1_78' title='bbox 376 1904 522 1944; x_wconf 90' lang='lat' dir='ltr'>stituta.</span> <span class='ocrx_word' id='word_1_79' title='bbox 541 1899 598 1958; x_wconf 83' lang='lat'>⁵⁵)</span> 
     </span>
     <span class='ocr_line' id='line_1_34' title="bbox 113 1962 602 2004; baseline -0.002 0"><span class='ocrx_word' id='word_1_80' title='bbox 113 1962 303 2004; x_wconf 82' lang='lat' dir='ltr'>Materiae</span> <span class='ocrx_word' id='word_1_81' title='bbox 314 1962 512 2003; x_wconf 86' lang='lat' dir='ltr'>roboreae</span> <span class='ocrx_word' id='word_1_82' title='bbox 526 1975 602 2003; x_wconf 87' lang='lat' dir='ltr'>cu-</span> 
     </span>
     <span class='ocr_line' id='line_1_35' title="bbox 171 2023 564 2074; baseline -0.003 -12"><span class='ocrx_word' id='word_1_83' title='bbox 171 2023 340 2063; x_wconf 86' lang='lat' dir='ltr'>bitorum</span> <span class='ocrx_word' id='word_1_84' title='bbox 373 2025 564 2074; x_wconf 86' lang='lat' dir='ltr'>quattuor</span> 
     </span>
     <span class='ocr_line' id='line_1_36' title="bbox 112 2080 597 2134; baseline -0.004 -12"><span class='ocrx_word' id='word_1_85' title='bbox 112 2080 265 2122; x_wconf 82' lang='lat' dir='ltr'>Decimi</span> <span class='ocrx_word' id='word_1_86' title='bbox 289 2081 328 2121; x_wconf 92' lang='lat' dir='ltr'>in</span> <span class='ocrx_word' id='word_1_87' title='bbox 350 2080 512 2134; x_wconf 87' lang='lat' dir='ltr'>longum</span> <span class='ocrx_word' id='word_1_88' title='bbox 534 2080 597 2120; x_wconf 88' lang='lat' dir='ltr'>la-</span> 
     </span>
     <span class='ocr_line' id='line_1_37' title="bbox 172 2137 601 2192; baseline -0.005 -11"><span class='ocrx_word' id='word_1_89' title='bbox 172 2138 347 2181; x_wconf 89' lang='lat' dir='ltr'>titudinis</span> <span class='ocrx_word' id='word_1_90' title='bbox 387 2140 427 2180; x_wconf 91' lang='lat' dir='ltr'>in</span> <span class='ocrx_word' id='word_1_91' title='bbox 469 2137 601 2192; x_wconf 87' lang='lat' dir='ltr'>quad-</span> 
     </span>
    </p>
   </div>
   <div class='ocr_carea' id='block_1_10' title="bbox 170 2199 676 2253">
    <p class='ocr_par' dir='ltr' id='par_1_15' title="bbox 170 2199 676 2253">
     <span class='ocr_line' id='line_1_38' title="bbox 170 2199 676 2253; baseline -0.002 -14"><span class='ocrx_word' id='word_1_92' title='bbox 170 2211 258 2239; x_wconf 86' lang='lat' dir='ltr'>rum</span> <span class='ocrx_word' id='word_1_93' title='bbox 277 2199 486 2253; x_wconf 80' lang='lat' dir='ltr'>sexaginta</span> <span class='ocrx_word' id='word_1_94' title='bbox 509 2203 601 2239; x_wconf 88' lang='lat' dir='ltr'>octo</span> <span class='ocrx_word' id='word_1_95' title='bbox 667 2229 676 2238; x_wconf 90' lang='lat'>.</span> 
     </span>
    </p>
   </div>
   <div class='ocr_carea' id='block_1_11' title="bbox 112 2257 601 2607">
    <p class='ocr_par' dir='ltr' id='par_1_16' title="bbox 112 2257 601 2607">
     <span class='ocr_line' id='line_1_39' title="bbox 112 2257 601 2310; baseline -0.006 -10"><span class='ocrx_word' id='word_1_96' title='bbox 112 2257 303 2300; x_wconf 84' lang='lat' dir='ltr'>Materiae</span> <span class='ocrx_word' id='word_1_97' title='bbox 316 2258 509 2310; x_wconf 78' lang='lat' dir='ltr'>&lt;praxinae</span> <span class='ocrx_word' id='word_1_98' title='bbox 522 2269 601 2309; x_wconf 90' lang='lat' dir='ltr'>qu-</span> 
     </span>
     <span class='ocr_line' id='line_1_40' title="bbox 170 2317 601 2369; baseline -0.005 -11"><span class='ocrx_word' id='word_1_99' title='bbox 170 2317 340 2358; x_wconf 87' lang='lat' dir='ltr'>bitorum</span> <span class='ocrx_word' id='word_1_100' title='bbox 413 2320 601 2369; x_wconf 88' lang='lat' dir='ltr'>quattuor</span> 
     </span>
     <span class='ocr_line' id='line_1_41' title="bbox 172 2375 599 2428; baseline 0 -13"><span class='ocrx_word' id='word_1_101' title='bbox 172 2376 312 2416; x_wconf 85' lang='lat' dir='ltr'>decem</span> <span class='ocrx_word' id='word_1_102' title='bbox 357 2375 397 2415; x_wconf 92' lang='lat' dir='ltr'>in</span> <span class='ocrx_word' id='word_1_103' title='bbox 438 2375 599 2428; x_wconf 85' lang='lat' dir='ltr'>longum</span> 
     </span>
     <span class='ocr_line' id='line_1_42' title="bbox 170 2433 600 2486; baseline -0.002 -11"><span class='ocrx_word' id='word_1_104' title='bbox 170 2434 391 2476; x_wconf 80' lang='lat' dir='ltr'>latitudinis</span> <span class='ocrx_word' id='word_1_105' title='bbox 409 2434 447 2474; x_wconf 88' lang='lat' dir='ltr'>in</span> <span class='ocrx_word' id='word_1_106' title='bbox 470 2433 600 2486; x_wconf 87' lang='lat' dir='ltr'>quad-</span> 
     </span>
     <span class='ocr_line' id='line_1_43' title="bbox 169 2492 600 2547; baseline 0 -13"><span class='ocrx_word' id='word_1_107' title='bbox 169 2506 257 2535; x_wconf 87' lang='lat' dir='ltr'>rum</span> <span class='ocrx_word' id='word_1_108' title='bbox 268 2492 479 2547; x_wconf 86' lang='lat' dir='ltr'>digitorum</span> <span class='ocrx_word' id='word_1_109' title='bbox 494 2505 600 2545; x_wconf 88' lang='lat' dir='ltr'>qua-</span> 
     </span>
     <span class='ocr_line' id='line_1_44' title="bbox 172 2551 474 2607; baseline -0.003 -14"><span class='ocrx_word' id='word_1_110' title='bbox 172 2551 351 2607; x_wconf 86' lang='lat' dir='ltr'>draginta</span> <span class='ocrx_word' id='word_1_111' title='bbox 382 2556 474 2594; x_wconf 87' lang='lat' dir='ltr'>octo</span> 
     </span>
    </p>
   </div>
   <div class='ocr_carea' id='block_1_12' title="bbox 1060 427 1184 469">
    <p class='ocr_par' dir='ltr' id='par_1_17' title="bbox 1060 427 1184 469">
     <span class='ocr_line' id='line_1_45' title="bbox 1060 427 1184 469; baseline 0.016 -2"><span class='ocrx_word' id='word_1_112' title='bbox 1060 458 1068 467; x_wconf 91' lang='lat'><strong><em>.</em></strong></span> <span class='ocrx_word' id='word_1_113' title='bbox 1147 427 1184 469; x_wconf 91' lang='lat' dir='ltr'>X</span> 
     </span>
    </p>
   </div>
   <div class='ocr_carea' id='block_1_13' title="bbox 1060 605 1184 647">
    <p class='ocr_par' dir='ltr' id='par_1_18' title="bbox 1060 605 1184 647">
     <span class='ocr_line' id='line_1_46' title="bbox 1060 605 1184 647; baseline 0 0"><span class='ocrx_word' id='word_1_114' title='bbox 1060 636 1068 644; x_wconf 92' lang='lat'><strong><em>.</em></strong></span> <span class='ocrx_word' id='word_1_115' title='bbox 1147 605 1184 647; x_wconf 86' lang='lat' dir='ltr'>X</span> 
     </span>
    </p>
   </div>
   <div class='ocr_carea' id='block_1_14' title="bbox 1060 782 1183 823">
    <p class='ocr_par' dir='ltr' id='par_1_19' title="bbox 1060 782 1183 823">
     <span class='ocr_line' id='line_1_47' title="bbox 1060 782 1183 823; baseline 0.016 -2"><span class='ocrx_word' id='word_1_116' title='bbox 1060 812 1068 821; x_wconf 95' lang='lat'>.</span> <span class='ocrx_word' id='word_1_117' title='bbox 1146 782 1183 823; x_wconf 84' lang='lat' dir='ltr'>X</span> 
     </span>
    </p>
   </div>
   <div class='ocr_carea' id='block_1_15' title="bbox 1241 427 1720 485">
    <p class='ocr_par' dir='ltr' id='par_1_20' title="bbox 1241 427 1720 485">
     <span class='ocr_line' id='line_1_48' title="bbox 1241 427 1720 485; baseline 0.006 -16"><span class='ocrx_word' id='word_1_118' title='bbox 1241 427 1532 485; x_wconf 84' lang='lat' dir='ltr'>quinquaginta</span> <span class='ocrx_word' id='word_1_119' title='bbox 1563 429 1720 472; x_wconf 85' lang='lat' dir='ltr'>milibus</span> 
     </span>
    </p>
   </div>
   <div class='ocr_carea' id='block_1_16' title="bbox 1239 604 1683 661">
    <p class='ocr_par' dir='ltr' id='par_1_21' title="bbox 1239 604 1683 661">
     <span class='ocr_line' id='line_1_49' title="bbox 1239 604 1683 661; baseline 0.007 -15"><span class='ocrx_word' id='word_1_120' title='bbox 1239 604 1498 661; x_wconf 86' lang='lat' dir='ltr'>quadraginta</span> <span class='ocrx_word' id='word_1_121' title='bbox 1530 605 1683 649; x_wconf 90' lang='lat' dir='ltr'>milibus</span> 
     </span>
    </p>
   </div>
   <div class='ocr_carea' id='block_1_17' title="bbox 1239 781 1587 837">
    <p class='ocr_par' dir='ltr' id='par_1_22' title="bbox 1239 781 1587 837">
     <span class='ocr_line' id='line_1_50' title="bbox 1239 781 1587 837; baseline 0.003 -14"><span class='ocrx_word' id='word_1_122' title='bbox 1239 782 1399 837; x_wconf 87' lang='lat' dir='ltr'>triginta</span> <span class='ocrx_word' id='word_1_123' title='bbox 1430 781 1587 824; x_wconf 87' lang='lat' dir='ltr'>milibus</span> 
     </span>
    </p>
   </div>
   <div class='ocr_carea' id='block_1_18' title="bbox 1238 1017 1630 1062">
    <p class='ocr_par' dir='ltr' id='par_1_23' title="bbox 1238 1017 1630 1062">
     <span class='ocr_line' id='line_1_51' title="bbox 1238 1017 1630 1062; baseline 0.005 -2"><span class='ocrx_word' id='word_1_124' title='bbox 1238 1017 1444 1061; x_wconf 78' lang='lat' dir='ltr'>duodecim</span> <span class='ocrx_word' id='word_1_125' title='bbox 1475 1019 1630 1062; x_wconf 81' lang='lat' dir='ltr'>milibus</span> 
     </span>
    </p>
   </div>
   <div class='ocr_carea' id='block_1_19' title="bbox 1237 1254 1561 1297">
    <p class='ocr_par' dir='ltr' id='par_1_24' title="bbox 1237 1254 1561 1297">
     <span class='ocr_line' id='line_1_52' title="bbox 1237 1254 1561 1297; baseline 0 -1"><span class='ocrx_word' id='word_1_126' title='bbox 1237 1254 1374 1296; x_wconf 77' lang='lat' dir='ltr'>decem</span> <span class='ocrx_word' id='word_1_127' title='bbox 1405 1254 1561 1297; x_wconf 86' lang='lat' dir='ltr'>milibus</span> 
     </span>
    </p>
   </div>
   <div class='ocr_carea' id='block_1_20' title="bbox 1237 1490 1515 1532">
    <p class='ocr_par' dir='ltr' id='par_1_25' title="bbox 1237 1490 1515 1532">
     <span class='ocr_line' id='line_1_53' title="bbox 1237 1490 1515 1532; baseline 0 0"><span class='ocrx_word' id='word_1_128' title='bbox 1237 1495 1329 1532; x_wconf 87' lang='lat' dir='ltr'>octo</span> <span class='ocrx_word' id='word_1_129' title='bbox 1363 1490 1515 1532; x_wconf 83' lang='lat' dir='ltr'>milibus</span> 
     </span>
    </p>
   </div>
   <div class='ocr_carea' id='block_1_21' title="bbox 1234 1726 1495 1770">
    <p class='ocr_par' dir='ltr' id='par_1_26' title="bbox 1234 1726 1495 1770">
     <span class='ocr_line' id='line_1_54' title="bbox 1234 1726 1495 1770; baseline 0 0"><span class='ocrx_word' id='word_1_130' title='bbox 1234 1739 1308 1770; x_wconf 78' lang='lat' dir='ltr'>sex</span> <span class='ocrx_word' id='word_1_131' title='bbox 1339 1726 1495 1770; x_wconf 75' lang='lat' dir='ltr'>unfibus</span> 
     </span>
    </p>
   </div>
   <div class='ocr_carea' id='block_1_22' title="bbox 1232 2021 1590 2075">
    <p class='ocr_par' dir='ltr' id='par_1_27' title="bbox 1232 2021 1590 2075">
     <span class='ocr_line' id='line_1_55' title="bbox 1232 2021 1590 2075; baseline 0.003 -12"><span class='ocrx_word' id='word_1_132' title='bbox 1232 2021 1405 2075; x_wconf 85' lang='lat' dir='ltr'>quinque</span> <span class='ocrx_word' id='word_1_133' title='bbox 1435 2021 1590 2064; x_wconf 88' lang='lat' dir='ltr'>milibus</span> 
     </span>
    </p>
   </div>
   <div class='ocr_carea' id='block_1_23' title="bbox 1231 2197 1722 2255">
    <p class='ocr_par' dir='ltr' id='par_1_28' title="bbox 1231 2197 1722 2255">
     <span class='ocr_line' id='line_1_56' title="bbox 1231 2197 1722 2255; baseline 0.004 -15"><span class='ocrx_word' id='word_1_134' title='bbox 1231 2197 1420 2242; x_wconf 83' lang='lat' dir='ltr'>ducentes</span> <span class='ocrx_word' id='word_1_135' title='bbox 1438 2198 1722 2255; x_wconf 85' lang='lat' dir='ltr'>quinquaginta</span> 
     </span>
    </p>
   </div>
   <div class='ocr_carea' id='block_1_24' title="bbox 1051 2550 1411 2593">
    <p class='ocr_par' dir='ltr' id='par_1_29' title="bbox 1051 2550 1411 2593">
     <span class='ocr_line' id='line_1_57' title="bbox 1051 2550 1411 2593; baseline 0.008 -3"><span class='ocrx_word' id='word_1_136' title='bbox 1051 2582 1060 2590; x_wconf 95' lang='lat'><strong>.</strong></span> <span class='ocrx_word' id='word_1_137' title='bbox 1138 2551 1173 2592; x_wconf 88' lang='lat' dir='ltr'>X</span> <span class='ocrx_word' id='word_1_138' title='bbox 1227 2550 1411 2593; x_wconf 85' lang='lat' dir='ltr'>ducentis</span> 
     </span>
    </p>
   </div>
   <div class='ocr_carea' id='block_1_25' title="bbox 170 2668 1653 2715">
    <p class='ocr_par' dir='ltr' id='par_1_30' title="bbox 170 2668 1653 2715">
     <span class='ocr_line' id='line_1_58' title="bbox 170 2668 1653 2715; baseline 0.003 -12"><span class='ocrx_word' id='word_1_139' title='bbox 170 2668 481 2715; x_wconf 86' lang='lat' dir='ltr'>Fragmentum</span> <span class='ocrx_word' id='word_1_140' title='bbox 507 2670 648 2705; x_wconf 88' lang='lat' dir='ltr'>edict-i</span> <span class='ocrx_word' id='word_1_141' title='bbox 673 2668 920 2704; x_wconf 86' lang='lat' dir='ltr'>consimilis</span> <span class='ocrx_word' id='word_1_142' title='bbox 946 2670 1199 2712; x_wconf 74' lang='lat' dir='ltr'>argumenti</span> <span class='ocrx_word' id='word_1_143' title='bbox 1227 2670 1280 2705; x_wconf 86' lang='lat' dir='ltr'>de</span> <span class='ocrx_word' id='word_1_144' title='bbox 1305 2681 1452 2705; x_wconf 87' lang='lat' dir='ltr'>rerum</span> <span class='ocrx_word' id='word_1_145' title='bbox 1479 2672 1653 2715; x_wconf 86' lang='lat' dir='ltr'>pretiis.</span> 
     </span>
    </p>
   </div>
   <div class='ocr_carea' id='block_1_26' title="bbox 117 2766 1714 2878">
    <p class='ocr_par' dir='ltr' id='par_1_31' title="bbox 117 2766 1714 2878">
     <span class='ocr_line' id='line_1_59' title="bbox 256 2766 1714 2815; baseline 0.003 -11"><span class='ocrx_word' id='word_1_146' title='bbox 256 2767 378 2804; x_wconf 79' lang='lat'>1709.</span> <span class='ocrx_word' id='word_1_147' title='bbox 408 2767 529 2805; x_wconf 84' lang='lat' dir='ltr'>Intulit</span> <span class='ocrx_word' id='word_1_148' title='bbox 559 2769 629 2805; x_wconf 84' lang='lat' dir='ltr'>hoc</span> <span class='ocrx_word' id='word_1_149' title='bbox 660 2768 898 2815; x_wconf 82' lang='lat' dir='ltr'>fragmentum</span> <span class='ocrx_word' id='word_1_150' title='bbox 923 2766 1102 2804; x_wconf 85' lang='lat' dir='ltr'>Gaetauus</span> <span class='ocrx_word' id='word_1_151' title='bbox 1123 2766 1288 2805; x_wconf 88' lang='lat' dir='ltr'>Marinius</span> <span class='ocrx_word' id='word_1_152' title='bbox 1319 2768 1351 2804; x_wconf 89' lang='lat' dir='ltr'>in</span> <span class='ocrx_word' id='word_1_153' title='bbox 1384 2767 1604 2806; x_wconf 86' lang='lat' dir='ltr'>Veliternum</span> <span class='ocrx_word' id='word_1_154' title='bbox 1634 2770 1714 2808; x_wconf 87' lang='lat' dir='ltr'>Mu-</span> 
     </span>
     <span class='ocr_line' id='line_1_60' title="bbox 117 2826 1714 2878; baseline 0.003 -15"><span class='ocrx_word' id='word_1_155' title='bbox 117 2836 214 2863; x_wconf 81' lang='lat' dir='ltr'>seum</span> <span class='ocrx_word' id='word_1_156' title='bbox 239 2826 472 2875; x_wconf 83' lang='lat' dir='ltr'>‘Borgianum</span> <span class='ocrx_word' id='word_1_157' title='bbox 514 2831 551 2864; x_wconf 87' lang='lat' dir='ltr'>et</span> <span class='ocrx_word' id='word_1_158' title='bbox 590 2826 722 2876; x_wconf 85' lang='lat' dir='ltr'>publici</span> <span class='ocrx_word' id='word_1_159' title='bbox 763 2826 846 2864; x_wconf 90' lang='lat' dir='ltr'>iuris</span> <span class='ocrx_word' id='word_1_160' title='bbox 888 2826 972 2864; x_wconf 76' lang='lat' dir='ltr'>tecit</span> <span class='ocrx_word' id='word_1_161' title='bbox 1012 2826 1046 2864; x_wconf 87' lang='lat' dir='ltr'>iu</span> <span class='ocrx_word' id='word_1_162' title='bbox 1088 2826 1243 2864; x_wconf 87' lang='lat' dir='ltr'>Giornal.</span> <span class='ocrx_word' id='word_1_163' title='bbox 1285 2826 1397 2864; x_wconf 90' lang='lat' dir='ltr'>Pisan.</span> <span class='ocrx_word' id='word_1_164' title='bbox 1427 2827 1520 2866; x_wconf 87' lang='lat' dir='ltr'>XVI.</span> <span class='ocrx_word' id='word_1_165' title='bbox 1550 2841 1585 2878; x_wconf 91' lang='lat' dir='ltr'>p.</span> <span class='ocrx_word' id='word_1_166' title='bbox 1620 2828 1714 2870; x_wconf 80' lang='lat'><strong>192.</strong></span> 
     </span>
    </p>
   </div>
   <div class='ocr_carea' id='block_1_27' title="bbox 255 2964 1460 3013">
    <p class='ocr_par' dir='ltr' id='par_1_32' title="bbox 255 2964 1460 3013">
     <span class='ocr_line' id='line_1_61' title="bbox 255 2964 1460 3013; baseline 0.003 -14"><span class='ocrx_word' id='word_1_167' title='bbox 255 2965 316 3008; x_wconf 81' lang='lat'>54]</span> <span class='ocrx_word' id='word_1_168' title='bbox 339 2967 596 3013; x_wconf 74' lang='lat' dir='ltr'>suprascriptae.</span> <span class='ocrx_word' id='word_1_169' title='bbox 622 2984 663 2991; x_wconf 97' lang='lat'><strong>—</strong></span> <span class='ocrx_word' id='word_1_170' title='bbox 690 2964 753 3010; x_wconf 84' lang='grc'>55)</span> <span class='ocrx_word' id='word_1_171' title='bbox 778 2965 859 3012; x_wconf 85' lang='lat' dir='ltr'>Leg.</span> <span class='ocrx_word' id='word_1_172' title='bbox 884 2968 1041 3003; x_wconf 80' lang='lat' dir='ltr'>materiae</span> <span class='ocrx_word' id='word_1_173' title='bbox 1062 2967 1183 3013; x_wconf 80' lang='lat' dir='ltr'>pineae</span> <span class='ocrx_word' id='word_1_174' title='bbox 1205 2973 1281 3002; x_wconf 72' lang='lat' dir='ltr'>sune</span> <span class='ocrx_word' id='word_1_175' title='bbox 1302 2967 1460 3004; x_wconf 74' lang='lat' dir='ltr'>restituta.</span> 
     </span>
    </p>
   </div>
  </div>
 </body>
</html>
