1887 3324
1676 151 1729 203 17

110 277 367 319 ‹hicet—pag.
386 276 466 308 282.
484 275 602 307 XXII.
622 274 686 307 lin.
705 276 725 307 5
743 275 850 308 litera
866 275 899 306 D
918 277 956 308 in
984 277 1079 307 notis
1097 276 1198 309 H.L.
1210 276 1255 308 D.
1269 276 1313 309 O.
1331 277 1530 315 Ritschelio
1549 288 1594 310 ex
1612 287 1730 310 errore

111 321 336 365 quadratarii
353 322 501 354 fluxisse
520 320 807 354 videtur.—-lin.
827 322 847 353 6
864 321 934 364 leg.
956 333 1041 363 quae
1069 324 1117 353 ita
1143 323 1184 354 ab
1211 333 1246 355 eo
1261 327 1408 364 petetur,
1437 324 1517 355 deve
1543 334 1584 356 ea
1600 334 1636 356 ‘re
1652 333 1730 355 cum

117 379 154 400 eo
173 373 299 408 ayeiur.

193 424 246 462 N.
267 425 386 463 1692.
417 423 589 462 Praeter
611 437 670 471 ea,
694 436 799 475 quae
816 422 867 461 ad
885 430 1163 475 argumentum
1181 424 1220 463 S.
1233 424 1414 463 Consulti
1426 424 1643 464 Hosidiani
1664 425 1732 464 ad·

115 480 202 519 didi
230 479 475 519 Handbuch.
506 479 562 517 Π.
594 481 688 518 277.
719 479 942 518 1101311(111111
970 487 1050 527 est,
1085 480 1264 519 tabulam
1295 494 1466 519 aeneam
1497 480 1620 520 hodie
1649 495 1733 520 non

115 537 287 589 amplius
316 549 554 588 superesse3
586 550 706 588 porro
739 536 1001 588 scriptoribus
1024 537 1075 575 de
1096 537 1185 575 hoc.
1208 536 1285 575 SC.
1310 539 1477 590 eiusque
1509 537 1731 576 editoribus

62 612 65 613 ⁷
112 592 292 631 addendi
324 599 435 630 sunt:
472 592 684 631 Bachofen
705 593 997 644 Ausgewiihlte
1027 593 1191 632 Lehren
1223 592 1294 631 des
1325 599 1423 631 rom.
1449 592 1729 640 Civilrechtes,

115 663 153 701 p.
178 650 256 687 185
279 662 393 700 seqq.
426 649 653 687 Mommsen
683 650 724 687 in
744 649 922 687 Bericht.
955 649 1027 687 der
1048 650 1175 688 330113.
1201 648 1425 691 Gesellsch.
1448 649 1486 688 d.
1508 650 1575 687 W.
1609 650 1730 688 1852.

115 705 191 743 ΙΙΙ.
214 705 287 743 IV.
309 719 347 756 p.
366 706 445 742 272
469 718 583 757 seqq.
607 706 675 757 qui
697 712 854 744 textum
873 705 1006 744 denuo
1029 706 1233 744 recensuit
1253 712 1416 757 praeter
1433 705 1733 757 Capaccianum

113 761 192 799 alio
225 760 412 812 exemplo
445 775 540 799 usus
570 776 690 799 manu
719 762 867 813 scripto
890 762 1099 809 Parisino,
1134 776 1185 799 ex
1208 776 1288 814 qua
1308 762 1472 814 quidem
1491 762 1733 800 recensione

117 817 347 869 exemplum
381 818 483 854 infra
515 819 792 869 repetivimus.
825 818 998 856 Henzen
1031 818 1080 856 ad
1105 818 1228 857 Orell.
1261 832 1298 855 n.
1323 820 1430 856 3115
1463 818 1532 856 ubi
1553 818 1631 855 1100
1654 816 1732 855 SC.

53 906 56 907 γ
115 873 339 912 exhibetur
363 873 584 926 quidquam
608 874 825 912 observare
849 875 993 913 omisit.

916 995 950 1036 I.

203 1106 282 1147 011.
303 1103 488 1146 Hosidio
513 1104 639 1159 Geta,
662 1107 712 1147 L.
737 1106 942 1162 Vagellio
966 1107 1090 1148 Coss.
1114 1106 1169 1147 X.
1193 1106 1292 1148 Kal.
1318 1105 1497 1148 Octobr.
1520 1105 1563 1148 S.
1587 1105 1635 1148 0.

202 1162 312 1203 011111
334 1161 613 1217 providentia
637 1163 804 1219 optumi
824 1164 1037 1218 principis
1060 1164 1188 1204 tectis
1212 1177 1385 1219 quoque
1407 1162 1529 1204 urbis
1551 1167 1732 1204 nostrae

119 1223 161 1259 et
190 1218 325 1259 totius
355 1217 511 1259 Italiae
548 1220 801 1260 aeternitati
830 1220 1134 1275 prospexerit,
1166 1218 1322 1274 quibus
1354 1220 1450 1274 ipse
1484 1233 1571 1260 non
1594 1218 1736 1259 solum

117 1281 357 1329 praecepto
381 1275 716 1329 augustissimo,
750 1282 815 1316 set
838 1276 969 1316 0113111
994 1276 1221 1331 exsemplo
1245 1290 1322 1316 suo
1345 1274 1602 1330 prodesset,
1635 1289 1736 1315 con-

117 1332 376 1386 venii-etque
399 1330 600 1372 felicitati
623 1331 789 1373 saeculi
804 1333 1008 1372 instantis
1026 1347 1105 1387 pro
1123 1332 1324 1388 portione
1341 1330 1617 1386 publicorum
1635 1345 1737 1386 ope-

117 1401 213 1427 rum
238 1387 368 1427 etiam
392 1387 662 1441 privatorum
687 1388 926 1439 custodiae,
949 1387 1248 1444 deberentque
1273 1387 1495 1443 apstinere
1520 1402 1566 1428 se
1585 1401 1737 1428 omnes

119 1443 427 1483 cruentissimo
442 1458 606 1498 genere
624 1444 961 1500 negotiationes,
980 1459 1033 1485 ne
1052 1447 1083 1499 1)
1102 1444 1450 1485 inimicissimam
1464 1444 1565 1499 paci
1576 1443 1738 1484 faciem

118 1497 326 1539 inducere
359 1499 495 1539 ruinis
531 1498 705 1541 domum
736 1500 1049 1556 villarumque:
1082 1500 1282 1555 placere,
1314 1499 1449 1555 siquis
1480 1497 1740 1555 negotiandi

119 1569 279 1595 caussa
316 1555 496 1596 emisset
532 1555 709 1611 aliquod
745 1555 993 1597 aedificium
1030 1562 1077 1596 ut
1114 1554 1325 1596 diruendo
1347 1555 1445 1611 plus
1483 1553 1737 1611 adquireret

121 1624 251 1666 quam
275 1611 426 1666 quanti
448 1611 648 1664 emisset,
679 1617 770 1653 tum
805 1611 980 1666 duplam
1015 1612 1248 1666 pecuniam
1282 1626 1366 1667 qua
1396 1616 1618 1653 mercatus
1641 1625 1739 1652 eam

118 1681 212 1707 rem
230 1672 346 1708 esset
364 1667 408 1707 in
428 1669 645 1709 aerarium
664 1668 831 1720 inferri,
850 1669 998 1724 utique
1019 1668 1070 1709 de
1092 1682 1141 1708 eo
1160 1667 1294 1709 nihilo
1308 1668 1452 1709 minus
1467 1667 1524 1708 ad
1538 1672 1740 1708 senatum

117 1722 370 1764 referretur.
413 1723 612 1778 Cumque
647 1738 785 1779 aeque
819 1739 906 1764 11011
930 1729 1155 1779 <qun-teret
1177 1723 1292 1765 malo
1317 1722 1521 1778 exemplo
1543 1722 1738 1764 vendere

120 1792 251 1833 quam
274 1794 440 1831 emere,
470 1785 515 1820 ut
533 1780 787 1820 venditores
807 1794 819 1819 (
837 1795 977 1835 uoque
998 1786 1319 1832 coercerentur,
1339 1779 1412 1835 qui
1429 1780 1618 1819 scientes
1637 1777 1736 1819 dolo

119 1834 234 1875 malo
259 1841 413 1876 contra
434 1835 547 1876 hanc
571 1841 748 1876 senatus
771 1850 826 1876 vo
848 1842 1043 1876 untatem
1066 1835 1384 1887 vendidissent,
1406 1834 1595 1890 placere,
1627 1833 1738 1874 tales

118 1890 397 1932 venditiones
419 1892 566 1932 irritas
588 1891 695 1932 fieri.
743 1892 949 1933 Ceterum
972 1891 1128 1932 testari
1150 1897 1352 1931 senatum
1375 1890 1566 1931 dominio
1581 1892 1616 1946 ²)
1639 1904 1739 1931 con-

120 1946 262 2000 stitui,
297 1948 369 2003 (1111
400 1962 547 1989 rerum
570 1963 747 1989 suarum
770 1962 1029 2002 possesor-es
1057 1947 1193 1988 futuri
1216 1946 1385 2002 aliquas
1408 1951 1560 2001 partes
1584 1960 1740 1987 earum

118 2005 407 2056 mutaverint,
442 2003 544 2044 dum
577 2018 663 2044 non
696 2003 1012 2059 negotiationis
1046 2018 1179 2044 causa
1222 2002 1266 2043 id
1305 2002 1472 2043 factum
1514 2002 1581 2043 sit.
1623 2001 1735 2043 Cen-

121 2073 261 2101 suere.
275 2060 311 2115 3)
333 2085 388 2091 —-
408 2060 459 2101 In
482 2065 639 2101 senatu
660 2060 837 2101 fuerunt
860 2059 987 2101 000.
1009 2058 1267 2100 LXXXIII.
1288 2083 1345 2089 -—-

902 2183 957 2224 II.

214 2294 300 2353 [Q]
331 2295 528 2349 VolusiO,
549 2296 597 2337 P.
621 2295 824 2338 Cornelio
849 2295 948 2337 Cos.
971 2295 1034 2336 VI
1055 2295 1165 2335 Non.
1195 2294 1324 2335 Mart.
1347 2292 1390 2335 S.
1414 2293 1462 2334 C.

205 2360 336 2413 Quod
359 2361 411 2415 Q.
429 2362 651 2416 Volusius,
675 2364 723 2405 P.
743 2363 973 2405 Cornelius
995 2361 1134 2403 verba
1155 2362 1356 2403 fecerunt
1374 2360 1427 2402 de
1444 2359 1740 2416 postulatione

122 2419 475 2460 necessariorum
497 2419 758 2461 Alliatoriae
784 2434 821 2475 q.
842 2419 881 2461 (1.
902 2435 937 2460 e.
955 2434 988 2459 r.
1006 2419 1034 2460 f.
1053 2434 1093 2474 p.
1113 2418 1152 2459 d.
1171 2433 1207 2459 e.
1224 2433 1257 2458 r.
1278 2417 1304 2458 i.
1323 2431 1359 2457 c.

205 2472 317 2515 Cum
341 2474 384 2516 S.
403 2475 450 2516 0.
474 2475 591 2531 (1110(1
613 2476 777 2517 factum
802 2481 867 2517 est
888 2475 1074 2516 Hosidio
1094 2473 1221 2526 Geta,
1242 2473 1292 2514 L.
1311 2471 1514 2527 Vagellio
1537 2471 1637 2513 Cos.
1655 2470 1740 2513 cla-

116 2527 303 2570 rissimis
320 2531 428 2571 viris
452 2537 554 2573 ante
579 2531 617 2572 (1.
636 2531 692 2573 X.
711 2533 767 2573 K.
784 2534 818 2582 Ψ)
839 2531 935 2574 Oct.
959 2536 1138 2572 auctore
1159 2530 1197 2571 d.
1216 2528 1403 2571 Claudio
1422 2532 1601 2569 cautum
1624 2533 1741 2569 esset

118 2598 174 2624 ne
193 2585 286 2640 quis
308 2585 484 2628 domum
500 2587 708 2629 villamve
727 2588 932 2640 dirueret,
958 2602 1041 2642 quo
1059 2586 1156 2642 plus
1172 2587 1206 2641 5)
1225 2584 1311 2626 sibi
1328 2583 1581 2640 adquireret
1594 2615 1606 2637 ,
1626 2597 1740 2624 neve

120 2641 216 2694 quis
245 2642 504 2698 negotiandi
533 2657 668 2685 causa
698 2658 848 2685 eorum
872 2644 977 2713 quid
1000 2648 1165 2683 emeret
1185 2641 1477 2692 venderetve,
1508 2652 1741 2695 poenaque

118 2696 165 2737 in
189 2703 445 2753 emptorem,
468 2700 541 2755 qui
562 2700 776 2741 adversus
801 2699 845 2741 id
870 2699 912 2742 S.
936 2700 984 2742 0.
1006 2699 1205 2750 fecisset,
1230 2696 1470 2738 constituta
1493 2700 1611 2736 esset
1629 2693 1741 2736 haec

189 2811 222 2853 1)
247 2813 390 2857 legend.
408 2827 531 2848 nec.—
543 2814 577 2855 ⁶2)
604 2816 764 2849 Dirksen
782 2817 930 2848 coniicit
946 2826 1009 2858 pro
1029 2816 1182 2847 domi-nto
1200 2813 1396 2856 legendum
1414 2823 1514 2845 esse:
1540 2813 1579 2844 de
1597 2815 1643 2845 iis
1661 2823 1738 2845 om-

118 2859 203 2889 nino
221 2870 291 2891 ηοη
309 2864 478 2899 constitui,
499 2862 722 2894 assentiente
740 2861 936 2893 Bachofen.
975 2861 1177 2892 Mommsen
1192 2859 1358 2891 coniicit:
1376 2859 1527 2890 dominis
1543 2860 1638 2890 nihil
1656 2869 1741 2890 con-

119 2903 323 2946 stitui—3)
350 2906 407 2938 Ita
423 2907 629 2939 Mommsen
646 2908 709 2949 qui
726 2910 771 2939 sit
787 2910 869 2949 post
885 2908 1018 2947 sactum
1037 2904 1190 2947 supplet,
1210 2915 1254 2936 ex
1271 2903 1439 2936 Parisino
1459 2903 1636 2945 exemplo.
1673 2903 1741 2935 Ca-

119 2949 283 2988 paccius:
302 2951 339 2982 id
356 2951 491 2984 factum
508 2955 738 2984 censuerunt.
748 2950 837 2992 —4)
857 2952 1058 2983 Mommsen
1074 2955 1153 2982 ante
1171 2947 1275 2991 (istem
1295 2950 1334 2980 X.
1351 2945 1406 2990 Κ]
1424 2947 1641 2991 Capaccius:
1661 2953 1740 2981 ante

124 2994 164 3024 X.
182 2995 225 3025 K.
251 2996 458 3029 Parisinum
479 2997 702 3040 exemplum:
718 3002 796 3030 ante
812 2999 932 3030 (lecim.
953 2998 995 3029 K.
1007 3013 1050 3018 —
1064 2995 1098 3037 5)
1116 2996 1173 3028 Ita
1189 2995 1393 3027 Mommsen
1410 3004 1429 3026 e
1443 2993 1643 3036 pandectis.
1671 2993 1735 3025 Ca-

119 3040 284 3079 paceius:
311 3042 461 3076 dirueret
479 3049 569 3086 quot.
595 3043 803 3076 Parisinum
830 3042 1052 3086 exemplum:
1085 3042 1235 3074 dirueret
1251 3051 1367 3082 quam.

1425 3092 1473 3136 -2
