1877 3313
120 179 208 222 210
567 176 671 211 Inscr.
696 177 870 222 profanae.
919 176 1000 223 Cap.
1026 177 1067 215 Π.
1115 176 1276 213 Tabulae.

822 284 872 327 Ca
904 289 945 326 ut
976 285 1022 325 V.

259 342 359 391 Quei
394 353 492 397 ager
527 343 709 395 publicus
749 298 899 399 populip
926 344 1104 385 romanei
1146 344 1185 385 in
1215 340 1375 398 Italia1)
1418 343 1458 384 P.
1489 342 1649 386 Muucio
1680 342 1722 386 L.

121 401 329 456 Calpurnio
361 413 444 443 eos.
477 400 573 452 fuit,
616 402 701 443 eius
733 405 818 457 agri
849 403 895 444 111
911 404 970 444 vir
1001 416 1035 443 a.
1068 402 1103 443 d.
1137 415 1170 443 a.
1204 416 1256 443 ex
1286 403 1377 457 lege
1407 402 1590 455 plebeive
1622 403 1722 445 scito

119 462 261 503 sortito
294 461 386 514 quoi
418 460 518 501 ceivi
549 457 735 514 rom[ano
767 473 904 516 agrum
936 462 1065 503 locum
1098 461 1204 502 dedit
1239 461 1473 516 adsignavit,
1505 460 1723 514 quod·eius

117 520 204 575 agri
235 519 314 561 loci
345 531 476 572 neque
508 519 594 573 ipse
623 532 839 574 possessor
871 517 1130 575 abalie]navit
1160 519 1455 570 abalienaritve,
1487 531 1618 572 neque
1647 519 1724 560 he-

117 591 185 620 res
217 579 303 619 eius
335 578 569 619 abalienavit
610 576 984 634 abalienav[eritve,
1027 578 1076 619 de
1108 591 1156 620 eo
1196 591 1294 634 agro
1327 578 1466 620 consul
1496 583 1724 645 praetorve,

118 650 198 691 quo
230 636 279 678 de
311 649 357 678 ea
391 650 437 678 re
469 642 560 678 ante
601 638 713 679 eidus
745 640 927 690 martias,
969 651 1072 691 quae
1114 643 1202 692 post
1236 639 1269 678 h.
1302 637 1326 678 l.
1357 641 1541 692 rogatum
1573 637 1726 692 primae

117 701 248 748 erunt,
279 697 318 737 in
349 695 438 737 ious
471 695 616 737 aditum
649 698 736 749 erit,
766 698 818 738 ita
849 698 935 739 ious
969 697 1109 738 deicito
1142 694 1394 751 de]ecernito
1428 696 1479 749 (l
1503 695 1724 738 dicernito-

118 753 240 811 que]‚
272 755 353 796 utei
395 756 692 808 possessionem
724 755 899 797 secundo
935 754 984 810 (l.
1017 753 1262 810 secundum)
1295 768 1383 796 eum
1416 754 1605 796 heredem
1637 756 1725 796 eius

118 815 199 866 det,
232 814 326 867 quoi
358 815 458 855 sorti
490 815 522 855 is
553 827 651 867 ager
681 814 794 856 datus
825 814 1106 868 adsignatusve
1138 814 1268 867 fuerit,
1301 814 1408 868 quod
1428 815 1512 856 eius
1536 814 1622 869 agri
1644 826 1724 858 non

116 873 380 915 abalienatum
413 873 489 914 erit
518 874 569 914 ita
600 874 682 914 utei
712 886 744 914 s.
775 871 865 927 s.²)
901 878 973 914 est.

815 943 865 984 Ca
897 949 937 984 ut
969 945 1027 984 Vl.

257 999 379 1057 [Quoi
410 1002 512 1044 ceivi
541 1015 706 1044 romano
739 1003 825 1043 eius
858 957 944 1057 apgri
977 1002 1067 1056 quei
1099 1015 1216 1056 snpia
1241 1003 1410 1056 scriptus
1433 1006 1507 1054 est,
1539 1000 1586 1043 111
1601 1015 1660 1043 vn
1689 1015 1724 1043 a.

116 1060 153 1103 d
185 1074 221 1103 a.
238 1059 278 1116 3)
313 1063 437 1103 veteri
468 1064 673 1115 possesori
703 1074 828 1115 prove
870 1067 1008 1102 vetere
1040 1060 1278 1127 posses]ore
1310 1062 1584 1128 possesionem
1618 1061 1725 1102 dedit

117 1120 343 1175 adsignavit
384 1120 576 1172 reddidit,
610 1133 771 1174 quoque
786 1118 827 1174 ⁴)
861 1119 910 1174 (l.
943 1119 1145 1176 quoique)
1179 1122 1264 1161 eius
1295 1121 1380 1186 agri
1410 1120 1533 1161 lllvir
1566 1116 1616 1174 [a.
1635 1120 1670 1161 d.
1689 1133 1724 1161 a.

114 1180 414 1234 possessionem
446 1179 682 1233 reliquit...
726 1179 909 1231 Quoique
941 1181 988 1219 ab
1030 1191 1079 1219 eo
1112 1179 1312 1220 lieredeve
1343 1180 1430 1220 eius
1462 1180 1495 1220 is
1524 1191 1624 1234 ager
1657 1179 1725 1221 lo-

117 1251 189 1280 cos
232 1243 470 1280 testamento
513 1238 730 1279 hereditate
773 1238 971 1279 deditione
1014 1238 1175 1279 obvenit
1216 1234 1470 1292 obvenerit],
1501 1238 1643 1291 queive
1675 1238 1724 1280 ab

116 1310 255 1339 eorum
272 1294 310 1352 ⁵)
343 1310 424 1351 quo
457 1298 563 1349 emit,
595 1299 686 1350 quei
717 1310 856 1338 eornm
889 1297 938 1337 de
971 1309 1017 1337 ea
1049 1310 1093 1337 re
1125 1301 1215 1337 ante
1247 1296 1361 1338 eidus
1393 1298 1551 1338 martias
1578 1297 1724 1350 primas

115 1356 156 1397 in
187 1357 276 1398 ious
307 1356 448 1398 adierit
478 1357 526 1397 ad
559 1369 662 1408 enin,
694 1369 810 1409 quein
844 1369 895 1397 ex
927 1356 962 1396 h.
995 1356 1017 1396 l.
1052 1355 1100 1395 de
1133 1368 1182 1397 eo
1213 1368 1312 1410 agro
1335 1357 1395 1397 ius
1417 1355 1577 1397 deicere
1599 1368 1726 1423 opor-

116 1415 235 1467 tebit,
276 1415 309 1456 is
341 1414 391 1455 de
423 1428 470 1456 ea
501 1428 546 1456 re
579 1416 630 1455 ita
661 1416 749 1456 ious
783 1415 925 1456 deicito
958 1412 1278 1469 d[ecernitoque,
1311 1415 1392 1456 utei
1425 1416 1510 1456 eius
1542 1417 1628 1468 agri
1659 1414 1726 1457 lo-

116 1474 177 1514 cei
209 1474 506 1527 possessionem
538 1474 755 1514 seeundum
790 1486 877 1515 euni
912 1474 1149 1514 heredemve
1182 1475 1266 1514 eius
1299 1472 1403 1529 djet,
1436 1474 1529 1526 quoi
1562 1475 1595 1515 is
1627 1486 1726 1528 ager

115 1537 256 1574 vetere
288 1530 338 1587 (Ι.
357 1530 509 1587 veteii)
542 1546 665 1586 pioxo
700 1538 838 1573 vetere
861 1546 1075 1586 possesme
1099 1532 1212 1573 datus
1234 1531 1516 1587 adsignatusve
1549 1529 1726 1588 [fuerit],

828 1676 942 1725 Caput
975 1677 1016 1712 V.

259 1745 326 1792 Qui
358 1759 446 1794 ager
476 1747 635 1796 publicus
667 1747 789 1796 populi
821 1748 956 1784 romani
990 1748 1022 1784 in
1054 1752 1149 1784 terra
1189 1748 1287 1784 Italia
1320 1748 1354 1784 P.
1387 1747 1526 1793 Mucio,
1569 1747 1603 1784 L.
1637 1747 1725 1785 Cal·

116 1805 245 1855 purnio
279 1807 483 1843 consulibus
516 1807 594 1853 fuit,
627 1807 700 1843 eius
733 1808 810 1854 agri
843 1807 1002 1843 triumvir
1034 1807 1129 1853 agris
1162 1807 1286 1843 dandis
1320 1807 1543 1853 assignandis
1572 1818 1617 1842 ex
1642 1807 1724 1854 lege

117 1865 262 1913 plebive
296 1865 387 1902 scito
419 1865 549 1902 sortito
582 1866 636 1902 cui
670 1865 737 1902 civi
770 1877 918 1902 romano
951 1877 1073 1912 agrum
1108 1866 1223 1902 locum
1257 1866 1356 1902 dedit
1379 1863 1597 1911 adsignavit,
1629 1865 1726 1914 quod

119 1924 194 1960 eius
227 1924 306 1970 agri
339 1924 408 1960 loci
442 1936 557 1971 neque
589 1924 664 1972 ipse
696 1935 885 1972 possessor
918 1925 1129 1961 abalienavit
1161 1925 1439 1971 abalienaritve,
1471 1935 1586 1972 neque
1620 1924 1726 1961 heres

120 1983 194 2019 eius
227 1983 442 2020 abalienavit
475 1983 754 2030 abalienaritve,
798 1984 842 2020 de
875 1995 918 2020 eo
951 1995 1042 2031 agro
1085 1984 1207 2020 consul
1238 1989 1455 2031 praetorve,
1500 1994 1571 2031 quo
1605 1983 1649 2020 de
1682 1994 1725 2020 ea

118 2053 158 2078 re
192 2046 273 2078 ante
305 2042 381 2079 idus
415 2042 580 2088 martias,
623 2054 714 2090 quae
746 2047 828 2091 post
860 2043 949 2079 hanc
992 2043 1111 2090 legem
1154 2047 1318 2090 rogatam
1356 2043 1490 2091 primae
1523 2045 1648 2088 erunt,
1692 2041 1725 2078 in

118 2100 171 2137 ius
204 2101 335 2138 aditum
367 2102 457 2147 erit,
496 2101 543 2137 ita
576 2101 627 2137 ius
661 2101 769 2138 dicito
811 2102 1091 2149 decernitoque,
1134 2101 1182 2138 uti
1223 2102 1489 2150 possessionem
1531 2101 1726 2138 secundum

121 2171 199 2196 eum
233 2159 453 2196 lieredemve
485 2160 559 2196 eius
593 2160 665 2206 det,
698 2160 752 2197 cui
784 2161 873 2197 sorti
906 2161 933 2196 is
960 2172 1049 2207 ager
1070 2161 1172 2197 datus
1199 2160 1453 2207 adsignatusve
1476 2160 1596 2207 suerit,
1628 2158 1724 2208 quod

120 2218 194 2255 eius
227 2219 305 2268 agri
335 2231 406 2256 non
439 2219 675 2256 abalienatum
706 2219 773 2256 erit
804 2219 852 2256 ita
885 2220 932 2255 uti
965 2231 1070 2267 supra
1101 2219 1270 2268 scriptum
1302 2223 1366 2256 est.

822 2290 934 2338 Caput
970 2290 1028 2326 vl.

263 2347 327 2385 Cui
358 2348 425 2384 civi
458 2359 605 2385 romano
649 2349 723 2385 eius
766 2348 866 2396 agri,
905 2349 962 2396 qui
1002 2360 1106 2397 supra
1149 2348 1298 2396 scriptus
1338 2351 1413 2394 est,
1455 2347 1503 2384 111
1535 2347 1589 2384 vir
1630 2347 1725 2394 agris

123 2407 247 2444 dandis
281 2407 503 2453 assignandis
536 2408 649 2444 veteri
682 2407 881 2456 possessori
914 2418 1027 2455 prove
1060 2412 1183 2443 vetere
1214 2418 1425 2454 possessore
1461 2406 1725 2454 possessionem

123 2466 234 2512 dedit,
267 2466 481 2513 adsignavit,
513 2466 680 2513 reddidit,
713 2466 840 2514 cuique
872 2465 944 2502 eius
978 2466 1054 2513 agri
1085 2466 1132 2502 111
1163 2465 1215 2501 vir
1247 2467 1343 2513 agris
1378 2466 1502 2502 dandis
1533 2466 1726 2512 assignan-

123 2524 176 2561 dis
208 2525 473 2573 possessionem
511 2524 654 2572 reliquit
789 2525 915 2573 cuique
957 2526 1001 2561 ab
1033 2536 1078 2561 eo
1111 2523 1294 2561 heredeve
1333 2525 1407 2561 eius
1438 2524 1466 2561 is
1497 2535 1586 2572 ager
1625 2525 1726 2561 locus

125 2587 341 2620 testamento
375 2582 577 2619 hereditate
610 2584 791 2622 deditione
823 2583 971 2621 obvenit
1002 2583 1205 2628 obvenerit,
1238 2583 1344 2631 quive
1375 2594 1499 2620 eorum
1530 2594 1602 2631 quo
1629 2583 1726 2629 emit,

125 2642 184 2689 qui
217 2653 341 2679 eorum
373 2641 418 2678 de
450 2653 491 2678 ea
524 2653 562 2677 re
595 2647 677 2680 ante
709 2643 786 2680 idus
818 2643 958 2679 Martias
989 2644 1117 2690 primas
1149 2642 1181 2678 in
1208 2641 1261 2678 ius
1284 2642 1411 2678 adierit
1430 2642 1474 2679 ad
1497 2652 1590 2688 eum,
1620 2651 1725 2689 quem

126 2711 172 2736 ex
204 2701 271 2738 hac
293 2700 386 2748 lege
418 2701 463 2737 de
495 2711 540 2736 eo
572 2712 662 2748 agro
694 2702 746 2738 ius
779 2701 901 2738 dicere
932 2701 1130 2750 oportebit,
1162 2700 1190 2736 is
1222 2701 1268 2737 de
1299 2712 1341 2737 ea
1371 2712 1411 2738 re
1442 2701 1491 2737 ita
1523 2700 1576 2737 ius
1615 2700 1725 2736 dicito

127 2757 407 2807 decernitoque,
449 2758 498 2795 uti
531 2758 604 2795 eius
638 2760 714 2807 agri
749 2760 818 2798 loci
860 2760 1124 2808 possessionem
1164 2760 1356 2796 secundum
1395 2771 1473 2796 eum
1506 2759 1726 2795 heredemve

127 2817 203 2853 eius
236 2818 319 2866 det,
363 2818 418 2855 cui
449 2817 478 2854 is
510 2827 599 2864 ager
630 2819 743 2856 veteri
784 2830 898 2868 prove
929 2823 1052 2856 vetere
1084 2829 1298 2867 possessore
1331 2818 1432 2855 datus
1473 2817 1724 2865 adsignatusve

270 2936 305 2980 1)
331 2939 363 2972 in
391 2945 479 2972 terra
504 2937 606 2973 Italia.
634 2938 717 2973 Rud.
755 2957 795 2962 —
828 2938 866 2982 2)
892 2950 991 2983 supra
1017 2940 1186 2983 scriptum.
1223 2956 1264 2961 —-—
1298 2937 1337 2982 3)
1362 2948 1448 2983 agro
1473 2937 1583 2971 dando
1613 2937 1723 2983 assig-

128 2983 253 3019 nando.
280 3001 321 3007 —
349 2983 388 3029 4)
413 2997 532 3031 quoque
555 2995 634 3030 pro:
660 2987 803 3031 quoique.
828 3003 872 3009 —
899 2983 936 3029 5)
961 2986 1026 3020 Pro
1050 2997 1110 3031 quo
1136 2986 1268 3021 tabula:
1292 2987 1376 3030 quei.
