1877 3313
199 161 285 203 208
640 158 745 194 Inscr.
769 160 942 204 profanae.
991 161 1070 204 Cap.
1097 160 1136 195 ΙΙ.
1184 160 1340 195 Tabulae.

200 265 327 313 serto,
360 276 439 316 quo
472 263 557 316 quis
589 276 751 316 eorum,
793 266 950 317 quoium
983 278 1069 306 eum
1102 277 1238 319 agrum
1270 266 1397 306 locum
1430 265 1645 307 aedificium
1686 277 1787 319 pos-

200 320 481 377 s[e]s[io]nem
502 319 536 376 ¹]
569 335 621 362 ex
651 322 742 377 lege
771 323 951 376 plebeive
973 325 1070 364 scito
1093 336 1183 365 esse
1215 321 1396 378 oport[et
1417 325 1676 376 oportebitve‚
1711 337 1788 376 que

198 392 296 434 ager
326 381 436 420 locus
469 380 685 421 aedificium
719 394 769 421 ex
799 381 888 435 lege
919 382 1101 435 plebeive
1133 383 1230 422 scito
1264 382 1376 422 datus
1409 387 1493 432 est,
1531 395 1619 422 eum
1650 395 1788 436 agrum

196 439 323 479 locum
356 437 571 479 aedificium
603 440 896 491 possessionem
929 441 1055 480 minus
1089 444 1242 480 oetatur
1272 439 1421 481 fruatur
1452 440 1595 481 habeat
1624 438 1788 494 posid]-

197 503 351 550 eatque,
384 509 513 549 quove
544 498 726 550 possesio
757 498 877 540 invito
908 496 1137 553 m[ortuove
1170 498 1382 539 auferatur.

891 568 1023 621 Caput.
1058 569 1100 608 ll.

336 637 460 685 Quem
492 649 630 689 agrum
662 637 792 678 locum
823 637 1037 678 aedificium
1072 637 1120 677 de
1153 650 1201 678 eo
1233 651 1332 692 agro
1364 638 1452 679 loco
1484 638 1674 689 aedificio,
1697 637 1789 690 quei

198 695 237 735 P.
270 694 399 736 Mucio
431 695 473 734 L.
508 694 715 748 Calpurnio
746 708 826 737 cos.
869 696 1046 748 publicus
1086 697 1218 748 populi
1260 697 1437 737 romanei
1478 697 1516 736 in
1547 701 1652 737 terra
1683 695 1789 736 Italia

195 752 280 804 fuit,
311 753 448 804 Xviri,
481 754 573 805 quei
604 766 656 794 ex
687 753 774 807 lege
797 754 903 794 Livia
923 754 1041 794 faetet
1072 760 1175 805 sunt,
1208 755 1364 795 viasieis
1379 752 1443 808 2)]
1476 755 1662 804 vicaneis,
1697 754 1790 807 quei

195 812 234 852 in
273 816 378 852 terra
419 811 523 852 Italia
566 816 676 863 sunt,
714 810 907 853 dederunt
938 812 1192 867 adsignarunt
1232 812 1498 865 reliquerunt,
1538 813 1692 865 neiquis
1723 811 1789 852 fa-

198 870 287 920 cito,
320 881 398 922 quo
429 869 557 909 minus
589 871 624 909 ei
656 875 840 911 oetantur
872 870 1052 910 fruantur
1084 870 1251 911 habeant
1282 868 1626 925 poss[ideantque,
1658 881 1789 922 quove

194 928 315 968 invito
348 933 556 968 mortuove
588 940 665 980 quo
698 941 834 969 eorum
866 929 1068 981 possessio
1100 928 1320 978 auferatur,
1352 942 1471 980 quom
1502 930 1586 981 ipse
1618 940 1788 981 posses-

197 998 266 1027 sor
297 986 466 1026 lieresve
511 987 596 1026 eius
638 999 727 1026 eum
768 999 906 1039 agrum
946 987 1072 1026 locum
1115 985 1351 1041 aedificiu]m
1384 999 1463 1028 non
1501 986 1789 1037 abalienaverit,

198 1049 309 1084 extra
342 1057 431 1084 eum
464 1041 620 1098 [agrum
653 1044 795 1095 locum,
828 1044 917 1097 quei
948 1056 1046 1098 ager
1077 1044 1185 1084 locus
1208 1044 1370 1097 exlege
1392 1045 1572 1097 plebeive
1595 1057 1650 1085 sc.
1684 1043 1790 1097 quod

197 1102 238 1142 C.
271 1102 522 1155 Sempronius
555 1102 612 1142 Ti.
645 1102 668 1142 f.
701 1107 748 1142 tr.
782 1102 830 1154 pl.
863 1115 963 1156 rog„
996 1106 1227 1155 exsceptum
1261 1104 1508 1155 cavitumque
1540 1107 1599 1143 est
1630 1104 1694 1142 nei
1726 1101 1789 1142 di-

196 1160 410 1212 videretur,
424 1191 524 1200 .....
559 1159 688 1215 extra]
723 1173 798 1212 que
814 1157 855 1213 3)
888 1173 974 1200 eum
1008 1173 1143 1213 agrum
1175 1160 1329 1210 locum,
1374 1173 1489 1213 quem
1532 1174 1583 1200 ex
1613 1160 1657 1200 H.
1691 1160 1732 1200 L.
1746 1158 1787 1215 ⁴)

195 1219 332 1259 venire
364 1219 447 1259 dari
476 1218 637 1258 reddive
672 1219 877 1271 oportebit.

335 1277 436 1324 Quei
468 1289 564 1331 ager
594 1277 704 1317 locus
736 1276 975 1327 aedificium,
1019 1277 1053 1316 ci
1086 1289 1202 1328 quem
1232 1278 1268 1317 in
1306 1278 1465 1317 viasieis
1496 1277 1695 1317 vicanisve
1737 1289 1789 1316 ex

196 1335 235 1377 S.
277 1334 316 1375 C.
360 1347 451 1374 esse
493 1340 649 1388 oportet
681 1332 995 1388 oporteb[it]ve,
1030 1332 1163 1389 [datus
1195 1334 1421 1389 adsignatus
1453 1336 1666 1376 relictusve
1699 1337 1787 1386 erit,

196 1394 228 1433 is
259 1404 355 1446 ager
385 1393 495 1434 locus
527 1393 745 1433 aedificium
778 1394 950 1444 privatus
983 1395 1045 1432 nei
1069 1397 1167 1434 esto.
1200 1394 1314 1434 neive
1336 1394 1420 1446 quis
1445 1393 1492 1434 ad
1515 1399 1692 1434 senatum
1714 1406 1787 1433 re-

195 1450 321 1501 ferto,
369 1463 448 1504 quo
487 1452 610 1506 magis
649 1452 681 1491 is
722 1449 844 1505 ag]cr
884 1452 997 1492 locus
1041 1451 1259 1492 aedificium
1301 1453 1475 1505 privatus
1517 1453 1613 1503 siet,
1655 1463 1788 1504 quove

197 1510 363 1563 magis..
379 1541 386 1549 .
402 1540 411 1549 .
428 1506 466 1563 5)

199 1639 322 1674 agrum
354 1628 468 1664 locum
501 1628 696 1664 aedificium
728 1628 989 1676 possessionem
1023 1640 1068 1664 ex
1102 1629 1183 1674 lege
1214 1628 1355 1676 plebive
1397 1629 1486 1665 scito
1519 1641 1597 1665 esse
1639 1631 1785 1676 oportet

199 1686 448 1734 oportebitve,
489 1686 546 1733 qui
589 1698 677 1733 ager
708 1687 805 1722 locus
845 1687 1037 1723 aedificium
1071 1699 1116 1723 ex
1148 1687 1231 1732 lege
1273 1687 1415 1735 plebive
1457 1687 1545 1723 scito
1586 1687 1686 1723 datus
1717 1690 1784 1731 est,

199 1756 276 1780 eum
310 1756 433 1791 agrum
475 1744 590 1781 locum
633 1745 827 1781 aedilicium
870 1745 1129 1793 possessionem
1171 1745 1280 1781 minus
1323 1749 1438 1781 utatur
1480 1746 1613 1782 fruatur
1653 1745 1785 1782 habeat

201 1803 476 1851 possideatquae
509 1813 625 1850 quove
657 1803 837 1851 possessio
870 1803 978 1839 invito
1011 1808 1196 1840 mortuove
1229 1815 1274 1840 eo
1307 1804 1496 1840 auferatur.

896 1862 1008 1909 Caput
1038 1862 1079 1897 ΙΙ.

339 1919 449 1964 Quem
481 1931 602 1966 agrum
635 1920 750 1956 locum
790 1919 983 1956 aedificium
1026 1920 1070 1955 de
1102 1932 1146 1956 eo
1179 1932 1268 1967 agro
1312 1921 1394 1957 loco
1425 1919 1609 1965 aedificio,
1650 1919 1707 1967 qui
1748 1919 1783 1955 P.

195 1976 323 2023 Mucio,
355 1978 391 2014 L.
424 1978 612 2026 Calpurnio
646 1978 845 2014 consulibus
878 1978 1036 2026 publicus
1068 1980 1191 2026 populi
1222 1979 1355 2015 romani
1387 1979 1420 2014 iu
1451 1983 1546 2014 terra
1577 1978 1675 2014 Italia
1708 1976 1784 2022 fuit,

198 2036 404 2082 decemviri,
437 2036 494 2083 qui
526 2047 570 2072 ex
603 2037 685 2082 lege
717 2036 809 2072 Livia
844 2036 924 2072 facti
957 2041 1046 2081 sunt,
1077 2037 1195 2073 viariis
1227 2037 1372 2082 vicanis,
1405 2036 1462 2083 qui
1494 2036 1527 2072 in
1559 2040 1653 2072 terra
1684 2035 1784 2071 ltalia

198 2099 292 2141 suut,
324 2095 510 2140 dederuut,
542 2094 830 2141 adsignaverunt,
862 2095 1091 2140 reliquerunt,
1124 2094 1246 2141 nequis
1269 2095 1389 2140 facito,
1421 2094 1605 2141 quominus
1634 2094 1656 2130 ii
1676 2098 1783 2130 utan-

200 2157 270 2200 tur,
300 2153 478 2199 fruantur,
511 2153 685 2198 habeant,
718 2153 1017 2200 possideantque,
1050 2164 1166 2199 quove
1198 2153 1308 2189 invito
1340 2157 1527 2189 mortuove
1559 2163 1628 2198 quo
1661 2163 1783 2188 eorum

200 2211 381 2260 possessio
414 2212 613 2255 auferatur,
645 2223 748 2258 quum
780 2211 855 2259 ipse
886 2222 1075 2258 possessor
1116 2212 1264 2247 lieresve
1297 2210 1370 2246 eius
1403 2222 1479 2246 eum
1512 2221 1635 2256 agrum
1667 2211 1784 2246 locum

202 2270 397 2306 aedificium
429 2280 498 2306 nou
531 2269 798 2314 abalienaverit,
840 2273 941 2305 extra
975 2281 1051 2304 eum
1085 2280 1207 2315 agrurn
1239 2269 1368 2314 locum,
1400 2268 1456 2315 qui
1488 2279 1576 2314 ager
1607 2268 1704 2304 locus
1736 2278 1783 2304 ex

199 2327 283 2374 lege
313 2327 454 2376 plebive
485 2327 573 2364 scito
606 2328 700 2374 quod
734 2328 770 2364 C.
801 2327 1029 2374 Sempronius
1070 2327 1198 2363 Tiberii
1236 2327 1324 2362 filius
1365 2327 1522 2362 tribunus
1562 2326 1674 2373 plebis
1715 2336 1782 2362 ro-

199 2386 299 2433 gavit
330 2390 518 2433 exceptum
550 2390 760 2433 cautumque
792 2397 836 2422 ne
865 2385 1081 2422 divideretur
1216 2389 1387 2432 extraque
1410 2396 1488 2421 eum
1509 2396 1631 2431 agrum
1653 2384 1782 2430 locum,

206 2456 308 2492 quem
341 2456 385 2480 ex
418 2445 483 2479 hac
514 2444 597 2488 lege
628 2444 751 2480 venire
783 2444 856 2480 dari
887 2443 1034 2479 reddive
1066 2443 1260 2491 oportebit.

339 2502 404 2546 Qui
436 2513 523 2548 ager
554 2503 651 2538 locus
684 2502 878 2538 aedificium
910 2501 963 2546 ei,
1005 2513 1107 2548 quem
1138 2502 1171 2537 iu
1203 2500 1316 2537 viariis
1348 2500 1524 2537 vicanisve
1556 2512 1601 2537 ex
1633 2501 1782 2536 Senatus

202 2560 364 2597 consulto
397 2572 475 2596 esse
507 2564 652 2607 oportet
682 2560 923 2607 oportebitve,
955 2559 1053 2595 datus
1086 2559 1287 2606 adsignatus
1314 2559 1504 2596 relietusve
1526 2560 1603 2604 erit,
1635 2558 1662 2594 is
1694 2568 1783 2604 ager

202 2619 300 2655 locus
333 2618 526 2655 aedificium
557 2618 711 2665 privatus
744 2631 787 2655 ne
819 2623 909 2663 esto,
940 2629 1029 2654 neve
1061 2618 1136 2664 quis
1168 2618 1210 2653 ad
1242 2623 1396 2653 senatum
1427 2617 1576 2663 referto,
1607 2627 1677 2663 quo
1702 2627 1781 2652 ma-

201 2676 255 2723 gis
288 2677 315 2713 is
348 2687 436 2724 ager
467 2677 564 2713 locus
595 2676 789 2713 aedificium
820 2677 975 2725 privatus
1005 2676 1068 2721 sit,
1100 2687 1217 2722 quove
1247 2676 1358 2723 magis
1371 2703 1477 2713 ......

338 2790 375 2834 1)
399 2793 632 2837 possesio-nem
656 2790 740 2825 Rud.
768 2810 808 2814 —-
835 2792 874 2835 2)
900 2792 1034 2825 viasieis
1059 2797 1093 2824 ut
1111 2791 1194 2824 infra
1212 2802 1292 2835 pro:
1317 2792 1440 2824 viariis.
1467 2807 1507 2812 —
1533 2787 1571 2831 3)
1595 2800 1665 2833 que,
1691 2785 1781 2832 quod

202 2837 374 2881 suppletur
398 2845 562 2883 eoetraque.
598 2856 637 2861 —-
674 2836 712 2880 4)
737 2838 800 2872 hac
826 2838 912 2883 lege.
949 2856 988 2861 —
1025 2834 1062 2879 5]
1087 2837 1233 2870 Husclik.
1259 2849 1291 2881 p.
1318 2838 1384 2872 590
1409 2839 1454 2870 ita
1485 2835 1636 2880 supplet:
1670 2844 1780 2879 quove
1844 2856 1847 2859 -

201 2884 308 2926 magis
332 2895 463 2927 censor,
489 2887 567 2929 quei
593 2894 761 2929 quomque
787 2885 860 2926 erit,
886 2896 960 2918 eum
987 2894 1104 2928 agrum
1129 2884 1237 2918 locum
1262 2886 1294 2918 in
1320 2894 1456 2918 censum
1480 2882 1618 2924 referat,
1642 2882 1688 2915 ita
1713 2880 1781 2914 utei

203 2934 314 2963 cetera
339 2930 412 2965 loca
438 2942 540 2975 agros
566 2930 717 2966 aedificia
742 2933 873 2976 privata
898 2931 998 2965 reteri
1024 2936 1166 2976 oportet.
