1877 3313
650 151 681 194 §.
707 151 739 186 2.
789 150 933 186 Senatus
958 150 1122 185 consulta.
1605 151 1692 193 295

82 265 127 302 de
157 263 331 302 l'histoire
362 263 408 301 dc
437 263 550 310 Lyon.
598 262 710 309 Lyon.
746 256 903 313 1573];
943 260 1058 298 secuti
1089 265 1167 298 sunt
1197 261 1330 310 Lipsius
1362 261 1396 298 in
1428 260 1693 299 commentariis

82 323 127 361 ad
158 323 340 368 Tacitum,
382 321 579 359 Brissonius
612 322 664 357 De
696 320 856 358 formulis
897 320 962 356 Ed.
998 319 1119 357 1592.
1160 333 1195 369 p.
1227 320 1323 358 268.
1377 321 1547 358 Gruterus
1587 321 1693 358 Thes.

81 383 190 420 Inscr.
213 394 247 430 p.
273 381 367 418 502.
414 383 467 418 De
498 381 625 417 tabulis
659 379 810 427 antiquis
844 379 964 415 denuo
987 379 1287 427 transcripserunt
1310 379 1462 428 Sponius
1484 380 1694 417 Recherche

82 442 145 478 des
177 441 370 489 antiquites
402 440 448 476 de
479 440 512 476 la
544 440 628 475 ville
661 439 706 474 de
737 439 838 484 Lyon
869 450 903 486 p.
932 437 1013 473 170
1045 438 1211 474 versione
1245 439 1376 475 Gallica
1409 443 1446 475 et
1476 438 1597 487 paucis
1620 439 1695 475 ob-

81 500 345 537 servationibus
368 498 510 542 additis,
543 502 649 545 atque
679 497 889 534 Menestrier
920 496 1078 533 Histoire
1111 497 1215 533 civile
1248 498 1292 534 de
1323 498 1357 534 la
1390 497 1473 534 ville
1505 497 1550 534 de
1581 497 1695 543 Lyon.

81 560 193 606 Lyon.
229 558 351 595 1696.
392 570 426 606 p.
462 557 541 593 165
576 561 611 593 01
643 557 671 593 is
705 556 847 603 quidem
881 555 970 592 locis
1003 555 1140 603 aliquot
1171 556 1403 593 emendatius.
1455 556 1566 593 Taciti
1598 567 1695 604 ope-

81 630 158 655 rum
201 617 379 654 editiones
421 616 594 664 plurimae
637 619 897 660 assumserunt,
939 614 1031 650 inter
1073 626 1158 662 quas
1201 615 1396 663 praecipue
1437 614 1509 651 hoc
1550 615 1696 652 nomine

82 676 397 713 commemoranda
438 679 493 711 est
535 674 746 711 Broteriana
787 673 820 710 in
862 674 1009 710 Excurs.
1051 674 1106 709 ad.
1149 673 1274 710 Annal.
1312 673 1384 720 XI,
1426 673 1493 710 24.
1557 674 1696 711 Inserta

82 735 202 773 oratio
246 735 418 781 catalogo
460 733 571 770 musei
612 732 857 779 Lugdunensis
899 744 917 769 a
949 732 984 769 F.
1016 732 1154 768 Artaud
1197 732 1366 769 confecto
1411 726 1588 783 (Cabinet
1629 732 1694 769 des

82 794 244 842 antiques
287 794 333 830 du
375 794 496 829 musee
539 792 584 828 de
616 793 716 839 Lyon
757 803 822 840 par
862 792 898 828 F.
931 791 1079 828 Artaud.
1133 791 1231 837 Lyon
1267 785 1418 843 1816.)
1450 795 1486 828 et
1516 790 1699 828 Hauboldi

80 852 316 891 lllonumentis
338 852 444 898 legal.
471 864 503 900 p.
532 850 623 888 190.
665 850 855 887 Peculiaris
878 850 988 887 editio
1020 851 1109 886 haec
1141 854 1209 896 est,
1241 862 1308 897 qua
1342 850 1542 887 orationem
1565 861 1696 887 emen-

82 912 200 949 datam
243 915 279 948 et
321 909 579 947 commentario
626 910 836 947 illustratam
877 913 1152 958 repraesentare
1197 909 1274 957 ipse
1321 909 1514 956 aliquando
1556 908 1697 955 sategi:

81 969 311 1020 Imperatoris
356 969 491 1006 Claudii
534 968 659 1005 Oratio
703 980 811 1016 super
863 968 1007 1005 civitate
1050 968 1157 1004 Gallis
1199 968 1326 1004 danda.
1384 967 1506 1004 Edidit
1544 967 1696 1004 Carolus

81 1030 178 1076 Zell,
220 1029 459 1066 universitatis
501 1028 749 1075 Friburgensis
793 1028 993 1064 Professor.
1040 1026 1207 1074 Friburgi
1239 1026 1456 1074 Brisigavor.
1507 1027 1546 1064 In
1578 1031 1698 1075 typo-

81 1089 247 1138 grapheo
281 1088 487 1125 academico
520 1087 668 1124 fratrum
702 1087 828 1123 Groos.
867 1086 990 1123 1833.
1036 1087 1074 1122 4.

223 1148 275 1184 De
307 1147 482 1184 orationis
517 1150 730 1193 argumento
763 1150 798 1182 et
831 1146 1023 1182 occasione
1059 1145 1101 1181 V.
1134 1144 1244 1181 Taciti
1273 1145 1402 1183 Annal.
1423 1145 1485 1192 XI,
1511 1144 1699 1183 23-25,

751 1237 901 1278 Tabula
933 1236 959 1277 I.
981 1234 1018 1290 ¹)

82 1323 170 1352 mae
210 1322 351 1351 rerum
382 1313 495 1351 nostr
500 1340 622 1349 .....
656 1309 702 1348 sii
736 1339 942 1348 ........
974 1307 1167 1360 Equidem
1196 1307 1361 1360 primam
1393 1307 1566 1347 omnium
1593 1306 1699 1348 illam

83 1370 365 1425 cogitationem
398 1367 609 1418 hominum,
642 1379 756 1419 quam
789 1366 959 1406 maxime
988 1367 1153 1419 primam
1188 1377 1445 1406 occursuram
1476 1365 1568 1405 mihi
1597 1378 1701 1418 pro-

82 1429 214 1479 video,
246 1427 456 1481 deprecor,
489 1439 539 1466 00
572 1426 686 1479 quasi
718 1437 859 1466 novam
892 1425 1006 1465 istam
1037 1437 1123 1465 rem
1155 1423 1354 1465 introduci
1377 1423 1700 1475 exhorrescatis3

82 1487 154 1530 sed
185 1487 251 1527 illa
281 1486 414 1540 potius
447 1485 655 1539 cogitetis,
687 1497 803 1537 quam
836 1483 955 1524 multa
986 1484 1025 1523 in
1059 1483 1131 1524 1130
1163 1484 1321 1523 civitate
1353 1488 1496 1523 novata
1527 1483 1628 1534 sint,
1660 1488 1702 1524 et

83 1546 242 1600 quidem
276 1545 405 1586 statim
438 1544 484 1584 ab
518 1544 672 1597 origine
704 1543 813 1584 urhis
846 1547 1008 1583 nostrae
1040 1542 1077 1582 in
1111 1541 1217 1595 quod
1233 1539 1274 1596 2)
1308 1540 1458 1583 formas
1491 1546 1701 1595 statusque

78 1617 146 1647 res
178 1604 332 1658 publica
363 1608 500 1644 nostra
533 1602 692 1643 diducta
725 1603 785 1643 sit.
836 1601 1042 1650 Quondam
1074 1613 1196 1655 reges
1218 1601 1320 1642 hanc
1342 1605 1513 1642 tenuere
1533 1601 1701 1651 urbem;

77 1677 154 1706 1100
167 1661 207 1718 3)
239 1668 372 1704 tamen
405 1661 632 1703 domesticis
665 1661 968 1702 successoribus
1001 1672 1088 1701 eam
1121 1660 1280 1701 tradere
1312 1660 1490 1714 contigit.
1542 1659 1700 1714 Super-

80 1735 229 1765 venere
261 1721 378 1763 alieni
421 1725 460 1761 et
501 1720 660 1773 quidam
693 1721 872 1771 externi,
916 1725 959 1760 ut
989 1720 1116 1760 Numa
1156 1719 1328 1760 Romulo
1370 1720 1617 1760 successerit
1647 1732 1701 1761 ex

79 1782 233 1825 Sabinis
263 1781 454 1832 veniens,
485 1780 638 1820 vicinus
671 1779 828 1832 quidem
860 1779 932 1819 sed
964 1784 1058 1819 tunc
1090 1783 1295 1830 externus,
1327 1782 1369 1818 ut
1400 1776 1514 1818 Anco
1546 1778 1700 1820 Marcio

81 1842 239 1883 Priscus
271 1840 520 1892 Tarquinius.
562 1839 730 1892 Propter
761 1843 997 1879 temeratum
1030 1837 1288 1891 sanguinem,
1329 1835 1438 1890 quod
1469 1841 1582 1890 patre
1613 1837 1700 1878 De-

81 1904 233 1941 marato
269 1897 460 1940 corinthio
492 1902 606 1938 natus
638 1902 723 1938 erat
755 1902 794 1938 et
825 1897 1089 1949 tarquiniensi
1118 1901 1243 1936 matre
1273 1907 1476 1950 generosa
1499 1895 1569 1936 sed
1591 1897 1701 1949 inopi

83 1959 149 2014 (nt
181 1970 282 2012 (11130
314 1957 378 1998 1311
409 1957 551 1997 marito
582 1969 751 1997 necesse
784 1956 967 1997 habuerit
998 1951 1314 2009 succumbere),
1357 1967 1446 1994 cum
1489 1953 1595 1995 domi
1625 1967 1700 1995 re-

81 2018 301 2073 pelleretur
331 2029 352 2056 a
384 2015 572 2069 gerendis
605 2015 837 2066 honoribus,
870 2019 1080 2068 postquam
1113 2014 1277 2055 Romam
1298 2013 1495 2067 migravit,
1527 2025 1700 2067 regnum

83 2077 251 2130 adeptus
284 2080 357 2117 est.
415 2075 513 2115 Huic
545 2087 706 2128 quoque
746 2079 786 2114 et
818 2074 895 2114 filio
927 2074 1114 2126 1101101110
1147 2073 1233 2113 01115
1266 2069 1380 2126 (nam
1414 2076 1454 2112 et
1485 2071 1563 2112 1100
1594 2072 1700 2113 10101·

82 2141 268 2178 auctores
311 2130 537 2188 discrepat)
569 2135 740 2174 insertus
783 2133 946 2175 Servius
989 2132 1161 2182 Tullius,
1204 2132 1236 2171 si
1276 2135 1436 2172 nostros
1477 2131 1701 2184 sequimur,

84 2195 236 2249 captiva
267 2198 381 2234 natus
414 2193 579 2233 Ocresia
592 2206 604 2242 3
646 2193 678 2233 si
721 2193 876 2233 Tuscos
920 2191 1025 2232 Caeli
1068 2190 1267 2243 quondam
1308 2190 1512 2229 vivennae
1551 2189 1700 2231 sodalis

83 2254 338 2295 fidelissimus
377 2253 585 2305 omnisque
625 2252 711 2292 eius
754 2263 871 2292 casus
911 2262 1059 2292 comes.
1130 2250 1342 2302 Postquam
1384 2249 1491 2289 varia
1540 2247 1700 2290 fortuna

85 2319 248 2354 exactus
297 2324 385 2353 cum
426 2311 609 2352 omnibus
648 2310 828 2363 reliquiis
871 2309 1038 2350 caeliani
1079 2309 1279 2348 exercitus
1321 2307 1476 2348 Etruria
1509 2308 1700 2359 excessit,

84 2377 261 2414 montem
303 2370 470 2411 caelium
514 2370 724 2423 occupavit
774 2375 814 2409 et
852 2381 872 2409 a
925 2368 1026 2408 duce
1078 2379 1151 2408 5110
1203 2367 1335 2408 Caelio
1383 2367 1435 2407 ita
1486 2365 1699 2420 appellita-

84 2436 147 2473 tus
162 2428 230 2485 ⁴),
281 2434 511 2483 mutatoque
553 2429 714 2470 nomine
766 2425 882 2482 (nam
923 2432 1036 2468 tusce
1075 2426 1280 2467 Mastarna
1322 2428 1359 2465 01
1398 2437 1543 2466 nomen
1585 2423 1699 2480 erat)

85 2491 139 2531 ita
170 2489 388 2543 appellatus
421 2492 483 2529 est
514 2492 557 2529 ut
588 2487 695 2538 dixi,
738 2492 777 2527 et
808 2499 976 2541 regnum
1009 2498 1162 2526 summa
1195 2497 1283 2526 cum
1315 2484 1372 2525 rei
1404 2484 1585 2537 publicae
1615 2484 1699 2525 uti-

85 2549 193 2590 litate
224 2548 402 2602 optinuit.
463 2547 618 2588 Deinde
650 2550 859 2600 postquam
898 2545 1100 2598 Tarquinii
1131 2544 1294 2598 superbi
1326 2555 1458 2584 mores
1489 2542 1605 2584 invisi
1635 2555 1700 2584 01-

231 2737 267 2782 1)
294 2737 419 2773 Omnes
453 2738 532 2772 edd.
566 2737 652 2770 hanc
685 2735 833 2769 tabulam
868 2735 964 2769 alteri
998 2739 1209 2778 anteponunt
1241 2739 1399 2778 tanquam
1432 2732 1601 2776 priorem3
1635 2733 1701 2767 sed

91 2785 213 2819 indicia
238 2797 305 2820 non
333 2786 473 2827 desunt,
508 2785 628 2830 quibus
661 2783 815 2818 ordinem
852 2783 1043 2816 tabularum
1078 2784 1249 2815 inversum
1287 2791 1359 2826 esse
1392 2780 1611 2823 suspicemur.
1659 2781 1700 2815 V.

92 2831 264 2867 Orationis
288 2833 467 2867 editionem
493 2831 757 2875 Frihurgensem
783 2841 885 2874 supra
910 2830 1081 2863 laudatam
1106 2841 1139 2873 p.
1166 2829 1219 2861 17.
1249 2845 1287 2850 —-
1315 2828 1353 2869 2)
1379 2826 1492 2859 tabula
1517 2827 1699 2861 mendose:

91 2880 182 2922 qnod.
217 2897 250 2901 —
278 2878 316 2923 3)
341 2892 402 2913 nec
427 2880 570 2923 Sponius
596 2884 629 2911 et
654 2877 796 2912 Artaud.
821 2878 942 2922 reliqui
968 2877 1138 2910 editores:
1164 2887 1216 2916 ne,
1240 2874 1329 2918 quod
1348 2873 1561 2907 manifestum
1578 2875 1700 2908 vitium

93 2926 345 3006 estilscalptoris
372 2927 428 2961 vel
453 2925 758 2960 transcribentium.
786 2941 826 2947 -
853 2922 893 2966 4)
920 2924 976 2958 Sic
1001 2922 1115 2957 tabula
1140 2921 1320 2963 mendose3
1350 2920 1496 2955 debebat
1512 2931 1607 2956 esse:
1632 2933 1698 2968 ap-

92 2983 132 3016 pe
165 2973 268 3007 itavit.
