1918 3313
255 182 310 224 46
721 177 826 212 Inscr.
850 187 978 212 sacrae.
1027 178 1108 222 Cap.
1134 178 1173 211 II.
1222 177 1381 212 Tabulae.

255 288 297 328 B.
318 285 353 342 ¹)
386 297 515 327 mares
546 284 586 325 ll.
618 283 730 323 divae
771 281 872 338 Aug.
913 297 1053 325 vaccas
1085 283 1126 324 ll.
1167 283 1256 324 divo
1300 282 1461 323 Claudio
1501 282 1544 322 B.
1576 294 1670 323 mar.
1701 282 1745 323 ΙΙ.
1805 282 1847 323 In

257 346 424 399 collegio
455 341 587 396 adf.²)
621 341 815 394 Sulpicius
848 342 1102 393 Camerinus,
1135 342 1351 395 Magister3
1383 341 1419 381 A
1450 341 1653 391 Vitellius,
1682 340 1726 381 L.
1756 341 1846 381 Piso

255 404 297 444 L.
334 405 373 444 F.
404 404 453 444 Μ.
486 401 664 454 Aponius
695 400 939 452 Saturninus,
970 401 1010 441 P.
1034 401 1250 442 Memmius.
1283 421 1339 429 —-
1370 402 1425 438 Ex
1455 402 1526 438 tab.
1557 401 1599 438 11.
1629 401 1752 439 Marini
1773 402 1846 438 Att.

255 467 350 509 Tom.
382 465 406 501 1.
438 477 470 512 p.
503 461 654 498 CXVIII.

391 537 541 588 Iupiter
586 534 730 586 optime
774 534 969 584 maxime,
1025 536 1062 576 si
1105 535 1334 588 Imperator
1379 533 1534 574 Caesar
1593 532 1849 574 Domitianus

255 595 356 648 Any.
403 595 663 633 Germanicus
709 592 849 633 Pontif.
903 606 1004 634 maX.
1047 595 1150 634 Trib.
1201 599 1268 646 pot
1281 625 1404 634 ......
1455 597 1492 632 et
1534 591 1714 633 Domitia
1757 592 1848 632 Au-

254 658 370 706 9usta
401 652 574 692 coniunx
604 652 700 701 eius,
733 663 832 703 quos
862 664 926 691 me
958 653 1086 693 sentio
1118 653 1265 702 dicere,
1297 653 1434 692 vivent
1463 651 1684 703 domusque
1711 662 1847 692 eorum

250 711 454 753 incolumis
487 710 560 750 erit
590 714 680 750 ante
713 708 813 750 diem
844 710 903 750 III.
934 710 1075 751 Nonas
1111 711 1278 751 Ianuar.
1312 723 1414 763 quac
1455 710 1659 763 proximae
1698 708 1847 763 populo

253 771 428 811 Romano
461 765 562 822 Ost)
604 769 701 821 reip.
740 768 883 820 populi
922 769 1036 809 Rom.
1081 769 1126 818 Q.
1162 774 1278 809 eruat
1318 774 1357 809 et
1397 781 1484 809 cum
1528 768 1652 818 diem,
1695 779 1848 820 eosque

253 829 384 871 salvos
415 827 639 867 servaveris
671 839 724 867 ex
760 826 946 879 periculis
986 828 1105 880 siqua
1134 832 1227 868 suat
1263 832 1428 867 eruntve
1470 831 1560 867 ante
1602 839 1690 867 eum
1732 825 1848 878 diem,

256 891 516 937 eventumque
550 886 695 926 bonum
738 886 790 925 ita
821 886 879 925 uti
901 898 961 925 me
991 888 1119 926 seatio
1152 887 1289 926 dicere
1320 885 1502 936 dederis,
1545 897 1696 937 eosque
1727 885 1766 925 in
1798 897 1847 925 eo

254 950 354 987 statu
384 945 448 996 qui
480 956 584 984 nunc
614 948 673 984 est
704 949 771 985 aut
802 956 851 985 eo
889 944 1054 985 meliore
1094 945 1334 996 servaveris,
1376 949 1436 984 ast
1466 949 1507 984 tu
1550 956 1595 984 ea
1639 945 1689 983 ita
1733 942 1847 994 faxis,

253 1009 343 1044 tunc
375 1003 440 1043 tibi
472 1003 630 1043 nomine
660 1002 817 1056 collegii
848 1002 1009 1044 fratrum
1033 1003 1221 1044 arvalium
1252 1003 1394 1043 bovem
1417 1007 1569 1044 aurato.
1583 1000 1624 1056 ⁴)
1655 1013 1848 1043 vovemus

252 1074 342 1104 esse
372 1061 557 1102 futurum.

389 1136 485 1177 Iuno
517 1137 680 1190 Regina,
712 1149 813 1190 quae
844 1137 882 1177 in
914 1137 1035 1177 verba
1065 1137 1092 1177 Ι.
1128 1137 1173 1177 Ο.
1206 1137 1256 1178 M.
1274 1133 1311 1191 ⁵)
1346 1136 1485 1177 bovem
1517 1141 1695 1178 auratum
1730 1137 1849 1178 vovi-

253 1207 337 1237 mus
369 1207 462 1236 esse
493 1195 688 1246 futurum,
721 1194 826 1248 quod
857 1194 974 1236 hodie
1006 1196 1206 1246 vovimus,
1240 1200 1299 1236 ast
1330 1200 1369 1236 tu
1403 1208 1449 1236 ea
1480 1195 1605 1246 faxis,
1646 1200 1739 1236 tunc
1779 1196 1849 1236 tibi

252 1255 290 1295 in
322 1254 460 1294 eadem
500 1255 620 1295 verba
661 1255 816 1295 nomine
857 1254 1014 1308 collegii
1055 1253 1219 1294 fratrum
1261 1253 1449 1294 arvalium
1489 1254 1629 1295 bovem
1675 1258 1849 1295 auratam

254 1325 444 1355 vovemus
477 1325 568 1353 esse
599 1312 781 1354 futuram.
818 1337 869 1343 ——-
901 1316 954 1351 Ex
986 1316 1056 1352 tab.
1088 1315 1214 1352 XXIV.
1246 1315 1366 1352 Marini
1397 1315 1422 1351 I.
1455 1327 1488 1363 p.
1521 1315 1689 1352 CXXXII.

392 1371 484 1425 lmp.
527 1371 638 1412 Caes.
688 1371 739 1412 M.
781 1371 879 1412 Aur.
912 1370 1112 1412 Antonino
1153 1371 1256 1425 Aug.
1298 1370 1348 1411 IV
1389 1369 1486 1425 C.⁶)
1519 1370 1676 1413 Aufidio
1707 1369 1847 1412 victo-

252 1431 338 1471 rino
369 1430 400 1471 lI
433 1429 524 1472 Cos.

391 1489 431 1529 In
464 1488 646 1542 capitolio
679 1488 725 1536 Q.
756 1488 928 1529 Licinius
953 1487 1100 1540 Nepos,
1127 1487 1320 1541 Mayz‘ster
1343 1489 1516 1541 fratrum
1544 1487 1748 1539 arvalium,
1770 1500 1849 1530 vo-

253 1552 380 1588 torum
411 1547 629 1589 solutorum
663 1552 702 1588 et
732 1559 930 1588 novorum
961 1559 1081 1587 causa
1112 1559 1184 1600 pro
1217 1547 1341 1588 salute
1372 1547 1462 1600 Imp.
1497 1541 1607 1587 Caes.
1635 1546 1686 1587 M.
1710 1545 1849 1587 Aureli

255 1606 462 1647 Commodi
502 1605 688 1647 Antonini
728 1605 830 1659 Any.
872 1606 937 1646 Pii
977 1605 1211 1655 Sarmatici,
1255 1605 1384 1646 Germ.
1423 1606 1578 1646 Maxim.
1611 1605 1651 1646 P.
1684 1605 1724 1646 P.
1759 1605 1850 1646 Cos.

255 1665 314 1705 lV.
347 1665 490 1705 fratres
522 1665 675 1705 arvales
708 1668 993 1705 convenerunt.
1028 1665 1072 1712 Q.
1104 1664 1262 1705 Licinus
1283 1664 1417 1717 Nepos
1449 1664 1552 1718 Mag.
1568 1661 1607 1716 ⁷)
1639 1663 1707 1704 Cn.
1741 1663 1852 1704 Cati-

254 1723 327 1764 lius
369 1725 555 1765 Severus.
599 1724 648 1764 M.
692 1723 827 1775 Ulpius
871 1723 1003 1764 Astius
1043 1719 1160 1776 Pr.⁸)
1208 1723 1258 1763 M.
1302 1721 1495 1764 Antonius
1537 1723 1706 1763 Iuvenis.
1768 1721 1851 1762 Hoc

256 1782 316 1821 die
356 1782 565 1823 immolavit
605 1781 651 1829 Q.
693 1781 864 1822 Licinius
904 1781 1038 1835 Nepos
1080 1781 1183 1834 Mag.
1222 1780 1303 1821 Iovi
1336 1781 1379 1822 O.
1411 1781 1461 1821 M.
1503 1781 1646 1821 bovem
1688 1792 1849 1832 marem,

254 1840 388 1881 Iunoni
428 1841 525 1894 Reg.
569 1841 710 1881 bovem
742 1840 947 1891 feminam,
979 1840 1181 1880 Minervae
1213 1839 1356 1880 bovem
1388 1839 1585 1889 feminam,
1617 1838 1740 1882 Saluti
1771 1851 1850 1892 pu-

255 1898 378 1940 blicae
408 1899 448 1939 P.
481 1899 525 1939 R.
558 1898 699 1939 bovem
732 1898 928 1938 feminam.

391 1957 516 1998 Isdem
550 1957 640 1998 Cos.
674 1956 737 1996 Vll
767 1957 855 1997 Idus
887 1957 1036 1997 Ianuar.

394 2015 433 2056 ln
466 2027 617 2069 pronao
656 2015 764 2056 aedis
806 2014 1048 2056 Concordiae
1089 2014 1232 2055 fratres
1274 2015 1429 2056 arvales
1471 2014 1701 2056 sacrificium
1743 2013 1850 2055 Deae

255 2073 351 2114 Diae
381 2074 631 2125 indixerunt,
662 2075 794 2126 ibique
827 2074 872 2122 Q.
904 2074 1072 2114 Licinius
1113 2074 1246 2127 Nepos
1278 2073 1380 2128 Mag.
1415 2074 1543 2115 velato
1577 2074 1705 2127 capite
1746 2085 1850 2114 con-

256 2136 315 2172 tra
348 2134 540 2173 orientem
570 2133 644 2173 sub
676 2133 766 2173 divo
798 2133 991 2173 columine
1023 2132 1137 2179 Quod
1169 2133 1330 2183 bonum,
1361 2132 1543 2183 faustum,
1576 2131 1685 2182 felix,
1715 2130 1850 2172 sortu-

256 2194 384 2230 natum
423 2191 672 2243 salutareque
713 2192 762 2232 sit
802 2191 893 2244 Imp.
937 2191 1051 2231 Caes.
1095 2191 1143 2231 Μ.
1186 2190 1349 2231 Aurelio
1393 2190 1608 2231 Commodo
1649 2190 1849 2230 Antonino

256 2246 358 2300 Aug.
389 2249 469 2300 Pio,
501 2249 663 2290 Sarmat.
698 2250 828 2290 Germ.
870 2250 1039 2290 Maximo
1070 2249 1138 2289 PP.
1184 2249 1274 2290 Cos.
1308 2249 1368 2289 IV.
1411 2249 1558 2302 optimo
1600 2249 1849 2300 maximoque

254 2305 422 2358 Principi
454 2307 529 2346 divi
562 2308 611 2347 M.
644 2308 827 2348 Antonini
859 2307 910 2348 fit.
944 2307 1019 2348 divi
1051 2306 1235 2348 Antonini
1258 2308 1405 2360 nepoti,
1438 2307 1513 2347 divi
1535 2306 1718 2347 Hadriani
1749 2318 1850 2360 pro—

256 2365 402 2416 nepoti,
435 2364 511 2404 divi
542 2366 697 2406 Traiani
728 2366 891 2407 Parthici
931 2366 1133 2418 abnepoti,
1175 2366 1252 2406 divi
1283 2366 1440 2406 Nervae
1470 2365 1654 2418 abnepoti
1696 2364 1850 2406 senatui

255 2422 294 2462 P.
326 2422 370 2462 R.
404 2421 449 2470 Q.
466 2419 506 2476 ⁹)
539 2422 802 2478 fratribuspue
834 2424 1050 2474 arvalibus,
1092 2424 1323 2465 sacrificium
1361 2424 1471 2464 Deae
1501 2423 1598 2464 Diae
1630 2423 1707 2464 hoc
1746 2433 1848 2464 aimo
1907 2453 1909 2472 ,

256 2480 330 2520 erit
362 2485 451 2520 ante
483 2480 584 2521 diem
614 2482 710 2523 XVI.
743 2483 823 2523 Kal.
865 2483 991 2524 lunias
1022 2483 1194 2533 Romae,
1236 2488 1326 2523 ante
1358 2482 1461 2522 diem
1504 2482 1590 2522 XIV
1622 2482 1665 2522 Κ.
1697 2481 1778 2523 lun.
1809 2482 1849 2521 in

255 2538 345 2580 luco
378 2543 417 2578 et
448 2537 564 2589 domi,
594 2539 675 2579 XIII
707 2541 751 2581 K.
779 2541 862 2582 Iun.
887 2541 1224 2583 consummabitur
1242 2541 1358 2582 domi.
1381 2539 1607 2581 Adfuerunt
1628 2541 1667 2580 in
1689 2539 1776 2581 coll.
1792 2535 1848 2593 ¹⁰)
1906 2538 1907 2564 ³

257 2596 304 2644 Q.
334 2597 506 2637 Licinius
532 2597 667 2650 Nepos
698 2599 799 2653 Mag.
835 2600 902 2641 Cn.
936 2599 1092 2640 Catilius
1125 2599 1312 2652 Severus,
1353 2599 1405 2640 M.
1437 2599 1589 2652 Ulpius
1611 2598 1746 2640 Astius
1785 2598 1848 2639 Pr.

256 2654 305 2695 M.
340 2655 534 2697 Antonius
565 2655 731 2697 Iuvenis.

397 2714 440 2754 L.
474 2713 614 2754 Tutilio
646 2715 832 2758 Pontiano
867 2716 1058 2758 Gentiano
1091 2716 1181 2757 Cos.
1212 2715 1272 2756 Vl.
1304 2716 1358 2757 Id.
1390 2716 1576 2757 Februar.

399 2859 436 2901 1)
461 2859 577 2893 boves.
602 2875 646 2882 -——
671 2858 710 2901 2)
737 2860 924 2897 adsuerunt.
960 2880 1000 2885 —
1037 2860 1074 2905 3)
1110 2861 1296 2903 Quiritium.
1324 2881 1363 2885 -
1392 2860 1431 2905 4)
1457 2866 1618 2895 auratum.
1643 2877 1688 2883 —
1714 2859 1750 2903 5)
1777 2861 1849 2895 Iovi

257 2902 394 2949 Optimo
421 2906 575 2939 Maximo.
603 2923 645 2929 ——
671 2905 709 2949 6)
745 2915 896 2952 quartum
929 2909 1080 2943 consule.
1105 2925 1149 2931 -
1175 2908 1213 2951 7)
1247 2906 1417 2954 Magister.
1443 2925 1485 2932 --
1510 2908 1550 2951 8)
1575 2909 1714 2942 Praetor
1738 2925 1781 2932 —
1809 2906 1847 2951 9)

255 2952 384 2997 populo
408 2963 548 2987 romano
574 2953 758 2996 Quiritium.
783 2971 826 2979 -
853 2953 912 2998 10)
938 2956 1094 3002 collegio.
