1877 3313
188 179 273 223 300
633 178 737 214 lusor.
761 179 937 224 profanae.
985 178 1068 223 Cap.
1093 177 1134 213 11.
1182 177 1342 214 Tabulae.

186 286 327 327 locove
367 283 535 326 moverit
575 284 708 327 sciens
749 285 841 327 dolo
884 285 1008 337 malo,
1050 285 1086 326 S.
1126 284 1165 327 S.
1204 285 1248 325 V.
1281 284 1332 326 M.
1363 284 1410 326 N.
1432 282 1467 339 ¹]
1509 285 1548 326 in
1588 284 1784 340 publicum

188 355 347 395 eorum,
393 356 557 396 quorum
589 345 688 384 intra
720 343 818 385 fines
851 345 881 384 is
913 357 1009 397 ager
1042 344 1138 394 erit,
1181 343 1275 384 dare
1315 344 1474 384 damnas
1504 348 1616 395 esto,
1654 344 1785 397 deque

189 415 236 442 ea
267 415 312 442 re
345 403 552 453 curatoris,
584 403 650 454 qui
682 402 754 442 liae
783 404 873 455 lege
906 403 992 452 erit,
1024 401 1243 442 iurisdictio
1266 403 1658 455 reciperatorumque
1679 402 1784 443 datio

183 459 353 502 addictio
388 464 487 501 esto.
546 460 639 500 Cum
673 466 833 502 curator
864 461 936 500 liac
967 461 1056 514 lege
1089 473 1165 501 non
1199 461 1287 511 erit,
1318 466 1397 501 tum
1429 462 1666 513 quicumque
1698 474 1786 501 ma·-

185 518 373 572 gistratus
404 520 442 559 in
475 531 520 558 ea
553 518 706 559 colonia
738 520 946 572 municipio
989 518 1241 572 praefectura
1283 518 1370 560 foro
1413 518 1670 560 conciliabulo
1699 520 1785 560 iure

185 577 358 618 dicundo
400 578 592 629 praeerit,
639 577 722 618 eius
764 579 1013 631 magistratus
1058 577 1107 617 de
1149 589 1194 617 ea
1227 589 1271 617 re
1311 577 1525 618 iurisdictio
1567 576 1786 630 indicisque

186 634 291 676 datio
323 634 572 688 addictioque
604 640 704 685 esto,
736 637 853 687 inque
884 649 968 675 eam
1003 648 1085 676 rem
1117 636 1149 676 is
1182 637 1246 688 qui
1279 635 1351 675 hac
1383 637 1472 689 lege
1502 635 1687 676 iudicium
1710 635 1787 675 de-

187 693 299 743 derit,
331 694 497 734 testibus
520 694 674 747 publice
687 691 727 748 2)
759 695 957 735 dumtaxat
978 695 1015 734 in
1038 706 1103 734 res
1123 695 1296 747 singulas
1313 691 1353 748 3)
1376 694 1413 734 X
1436 693 1688 735 denuntiandi
1708 705 1787 747 po-

185 757 369 793 testatem
400 752 532 802 facito,
566 753 616 793 ita
649 757 690 792 ut
723 766 745 793 e
777 765 821 793 re
853 753 1007 805 publica
1039 752 1195 805 fideque
1226 765 1299 793 sua
1330 752 1538 794 videbitur.
1593 752 1644 793 Et
1673 752 1708 792 si
1737 753 1788 803 is,

186 810 291 851 unde
323 823 370 851 ea
402 812 568 863 pecunia
609 812 728 863 petita
770 812 865 862 erit,
907 811 1188 851 condemnatus
1221 812 1322 861 erit,
1363 824 1449 851 eam
1491 811 1698 864 pecuniam
1739 811 1787 851 ab

189 881 238 910 eo
272 868 372 909 deve
406 870 518 910 lionis
548 870 632 909 eius
664 870 789 922 primo
814 882 973 922 quoque
997 869 1058 910 die
1082 870 1245 923 exigito,
1280 870 1445 922 eiusque
1467 869 1658 922 pecuniae
1680 867 1789 921 quod

189 933 397 980 receptum
430 928 516 979 erit,
546 933 694 981 partein
729 928 920 968 dimidiam
954 927 990 967 ei
1024 927 1127 977 dato,
1159 929 1270 968 cuius
1295 940 1414 980 opera
1437 928 1605 969 maxime
1628 927 1661 967 is
1684 939 1788 968 con-

189 985 397 1027 demnatus
429 986 527 1038 erit,
558 990 706 1040 partem
740 985 933 1026 dimidiam
964 986 1002 1025 in
1035 986 1230 1039 publicum
1261 986 1443 1040 redigite.
1496 985 1581 1034 Quo
1614 998 1667 1025 ex
1696 985 1787 1027 loco

188 1045 380 1085 terminus
413 1045 559 1094 aberit,
601 1045 634 1085 si
667 1044 752 1096 quis
784 1045 821 1084 in
863 1056 950 1084 eum
993 1044 1123 1084 locum
1166 1045 1374 1084 terminum
1416 1045 1629 1089 restituere
1670 1043 1789 1096 volet,

191 1103 276 1143 sine
308 1102 448 1144 fraude
489 1116 560 1144 sua
601 1102 718 1143 liceto
762 1101 920 1153 facere,
963 1114 1065 1142 neve
1107 1102 1198 1154 quid
1233 1102 1293 1143 eui
1325 1103 1356 1143 is
1392 1102 1441 1144 ob
1473 1114 1559 1142 eam
1599 1113 1685 1143 rem
1716 1101 1788 1143 hac

188 1161 280 1217 lege
313 1162 408 1203 dare
439 1161 597 1203 damnas
631 1166 731 1201 esto.

817 1290 895 1323 Lex
923 1289 1153 1331 Quinctia.

332 1387 452 1424 1697.
513 1387 692 1435 Integram
738 1386 839 1423 nobis
882 1386 1036 1422 servavit
1067 1386 1129 1422 Iul.
1162 1384 1348 1421 Frontinus
1390 1385 1441 1422 De
1484 1396 1596 1433 aquae
1629 1385 1789 1423 ductibus

191 1458 221 1482 c.
257 1445 350 1483 129.
395 1447 477 1482 Lata
507 1447 567 1483 lex
599 1459 617 1482 a
649 1447 684 1482 T.
717 1445 881 1490 Quinctio
925 1444 1107 1492 Crispino'
1131 1444 1276 1480 consule
1317 1456 1369 1480 an.
1402 1455 1433 1480 u.
1465 1455 1494 1480 c.
1529 1444 1622 1481 745.
1654 1455 1789 1493 poenas

191 1505 374 1541 constituit
405 1509 529 1541 eontra
562 1516 648 1550 eos7
692 1505 891 1551 quicunque
933 1515 1100 1550 aquarum
1143 1503 1360 1550 publicarum
1401 1503 1524 1539 ductus
1566 1503 1790 1540 violaverint.

191 1563 298 1600 Viros
330 1564 457 1600 doctos
490 1563 548 1610 qui
581 1563 728 1599 seorsim
762 1563 879 1608 legem
911 1562 1119 1606 ediderunt.
1154 1561 1412 1608 Augustinum,
1444 1558 1672 1607 Bffissonium,
1703 1560 1790 1598 Rei-

191 1622 347 1668 nestum,
378 1622 565 1668 Matreium,
597 1623 771 1658 Donatum
804 1625 842 1657 et
872 1621 924 1657 Io.
956 1620 1075 1656 Poleni
1107 1620 1139 1655 in
1172 1631 1232 1656 sua
1264 1619 1420 1656 Frontini
1453 1619 1611 1657 editione
1643 1614 1788 1672 [Patav.

200 1677 338 1733 1722)
372 1681 417 1717 de
449 1681 574 1717 eadem
607 1679 894 1716 commentarium
926 1683 1108 1714 enumerat
1139 1678 1312 1714 Haubold.
1339 1679 1489 1715 Menum.
1512 1678 1618 1725 legal.
1639 1690 1674 1726 p.
1699 1677 1792 1716 174.

192 1738 251 1786 qui
283 1744 319 1775 et
349 1738 424 1787 ipse
457 1739 547 1775 lianc
579 1739 697 1785 legem
731 1737 886 1774 exhibet.
920 1738 1050 1781 Quibus
1085 1737 1175 1773 adde
1207 1737 1412 1773 Illorcellum
1445 1737 1497 1773 De
1527 1737 1595 1774 stil.
1627 1736 1791 1774 occult.

191 1802 227 1833 et
258 1797 295 1834 G.
329 1797 369 1833 H.
402 1797 441 1834 Η.
486 1797 631 1833 Iordans
675 1798 725 1832 De
757 1796 905 1844 publicis
947 1796 1081 1831 urbium
1126 1795 1257 1831 Romae
1301 1799 1339 1831 et.
1379 1795 1647 1844 Constantinop.
1679 1807 1792 1843 aquae

191 1855 362 1892 ductibus.
406 1856 514 1892 Bonn.
551 1855 670 1891 1844.
712 1867 745 1903 p.
780 1854 845 1891 38.
879 1854 944 1890 64.
978 1854 1030 1889 88
1049 1865 1148 1901 seqq.
1196 1853 1343 1902 Recepit
1386 1854 1490 1891 etiam
1522 1854 1647 1902 Egger
1678 1854 1791 1892 Serm.

192 1914 293 1961 reliq.
329 1926 412 1963 pag.
447 1913 542 1950 331.

331 1993 374 2033 Τ.
409 1993 612 2040 Quinctius
647 1993 849 2046 Crispinus
891 2004 973 2033 cos.
1007 1991 1192 2044 populum
1235 1992 1318 2032 iure
1350 1993 1504 2046 rogavit
1543 1991 1792 2046 populusque

193 2053 278 2093 iure
309 2052 443 2103 scivit,
474 2054 511 2092 in
544 2051 655 2102 foro,
688 2063 759 2104 pro
791 2051 931 2092 rostris
963 2049 1071 2090 aedis
1104 2050 1181 2090 divi
1212 2050 1294 2090 Iulii
1326 2063 1361 2103 p.
1396 2050 1433 2090 k.
1465 2043 1620 2091 Iulias.'
1645 2050 1790 2091 Tribus

193 2111 333 2165 Sergia
365 2110 595 2163 principium
627 2110 710 2150 fuit.
762 2110 836 2150 Pro
868 2110 972 2149 tribu
1003 2109 1092 2150 Sex.
1123 2108 1166 2148 L.
1200 2108 1224 2148 f.
1258 2109 1396 2150 Varro.
1440 2108 1677 2161 Quicunque
1703 2113 1794 2162 post

193 2169 293 2209 hanc
324 2169 455 2222 legem
488 2173 664 2222 rogatam
698 2169 807 2209 rivos
847 2180 990 2220 specus
1032 2166 1205 2207 fornices
1246 2166 1395 2208 fistulas
1437 2167 1592 2208 tubulos
1633 2167 1794 2208 castella

191 2227 301 2268 lacus
333 2240 522 2280 aquarum
565 2227 831 2280 publicarum,
875 2239 977 2280 quae
1008 2225 1056 2266 ad
1088 2225 1226 2265 urbem
1268 2226 1485 2277 ducuntur,
1526 2226 1658 2266 sciens
1701 2225 1793 2266 dolo

192 2286 295 2326 malo
328 2286 517 2326 foraverit
549 2287 698 2338 ruperit
732 2284 893 2325 foi-anda
925 2283 1192 2336 rumpendave
1225 2284 1423 2323 curaverit
1454 2286 1643 2336 peiorave
1657 2281 1698 2339 4)
1729 2283 1794 2324 fe-

193 2345 314 2396 cerit,
357 2345 565 2396 quominus
597 2356 669 2383 eae
710 2356 836 2396 aquae
877 2355 1064 2383 earumve
1106 2338 1342 2395 quaeque)
1374 2343 1411 2381 in
1445 2343 1582 2382 urbem
1623 2342 1793 2384 Romam

192 2404 251 2443 ire
284 2403 428 2444 cadere
459 2402 583 2442 fluere
615 2403 826 2454 pervenire
859 2401 946 2442 duci
979 2401 1142 2454 possint,
1175 2412 1304 2452 quove
1337 2400 1463 2440 minus
1491 2401 1528 2440 in
1551 2401 1650 2440 urbe
1670 2401 1794 2442 Roma

191 2466 231 2501 et
261 2462 298 2501 in
330 2461 376 2501 iis
409 2460 594 2501 aediliciis
638 2473 739 2512 quae
784 2460 867 2500 urbi
909 2459 1144 2500 continentia
1183 2463 1273 2498 sunt
1315 2463 1452 2507 erunt,
1494 2459 1532 2498 in
1573 2457 1632 2499 his
1671 2458 1794 2500 hortis

193 2519 352 2574 praedis
383 2519 503 2570 locis,
545 2531 711 2572 quorum
742 2519 944 2559 hortorum
985 2518 1236 2572 praediorum
1277 2516 1452 2557 locorum
1495 2516 1662 2559 dominis
1693 2529 1794 2572 pos-

336 2694 372 2739 1)
398 2698 577 2730 seslerliv‘tm
611 2698 750 2741 quinque
782 2696 889 2730 millia
920 2698 1101 2730 nmmmim..
1146 2695 1194 2729 Ita
1228 2694 1344 2729 Arcer.
1377 2694 1436 2727 sed
1463 2693 1569 2728 Codd.
1595 2691 1737 2727 Gudian.
1762 2697 1796 2727 et

195 2744 333 2778 Palatin.
359 2755 434 2777 cum
459 2743 612 2777 omnibus
647 2744 724 2777 edd.
750 2744 792 2777 ad
818 2744 964 2787 Lipsium
990 2754 1095 2788 usque
1120 2742 1172 2776 ns
1198 2742 1300 2776 XXV.
1333 2741 1483 2774 Rudorff.
1509 2751 1543 2784 p.
1569 2739 1648 2773 399.
1680 2758 1726 2763 —
1755 2737 1794 2782 2)
1851 2764 1853 2775 Α

195 2791 341 2834 publicis.
368 2790 486 2824 Arcer.
515 2807 555 2812 -
583 2788 620 2832 3)
648 2790 729 2823 Gud.
757 2796 790 2824 et
815 2790 920 2823 Palat.
946 2791 982 2822 in
1007 2802 1057 2823 res
1081 2789 1225 2832 sinqulas
1248 2800 1288 2822 ss.
1315 2788 1356 2821 X.
1381 2786 1596 2820 denuntiandi
1610 2791 1795 2830 potestatem
1850 2779 1853 2825 ἶ

194 2838 307 2878 sacico.
333 2854 376 2860 -·
401 2835 440 2879 4)
466 2837 517 2871 Ex
542 2838 778 2870 emendatione
813 2836 957 2870 Schulzii
983 2838 1015 2869 in
1041 2837 1189 2870 editione
1221 2835 1376 2868 Frontini
1401 2833 1658 2867 Dederichiana.
1687 2832 1796 2879 Codd.
1871 2829 1874 2844 ⁴

196 2884 366 2926 peior-evm
399 2883 462 2917 Ed.
489 2883 623 2917 Poleni:
656 2885 850 2927 peioremve.
881 2900 920 2904 —
957 2882 993 2923 5)
1020 2883 1081 2916 Ed.
1106 2882 1222 2916 Polen.
1256 2892 1408 2915 earumve
1440 2891 1503 2924 qna
1528 2878 1566 2921 (i.
1592 2890 1621 2912 e.
1647 2879 1796 2923 aliquan
1848 2914 1851 2919 ,

198 2930 295 2962 codd.
320 2931 433 2974 plures
458 2942 610 2964 earumve
633 2942 715 2973 quae
739 2942 821 2974 qua,
856 2929 944 2963 unde
978 2929 1151 2962 Schulzius
1187 2928 1398 2961 emendavit:
1428 2938 1581 2971 quaeque.
1622 2925 1796 2959 Iordansio

198 2976 341 3010 delenda
366 2977 521 3011 videntur
546 2988 696 3011 earumve
720 2988 802 3021 quae
826 2982 902 3010 nata
927 2987 989 3020 per
1015 2976 1279 3019 duplicationem
1304 2985 1346 3008 ex
1371 2974 1573 3018 antegressis
1600 2983 1656 3006 eae
1678 2982 1794 3016 aquae.
