1877 3313
140 169 225 212 216
584 165 686 201 Inscr.
712 166 887 212 profanae.
937 165 1019 210 Cap.
1044 165 1083 201 11.
1127 165 1285 200 Tabulae.

818 272 942 327 Caput
971 273 1054 314 XV.

280 342 394 392 Quod
426 354 479 383 ex
508 343 546 384 h.
578 342 603 383 l.
634 343 689 385 ita
718 344 798 385 ulei
828 356 861 385 s.
894 357 926 385 s.
960 349 1034 395 est,
1064 345 1102 384 in
1134 343 1278 395 agreis,
1310 339 1420 396 qu[ei
1451 342 1489 382 in
1520 347 1626 383 terra
1655 341 1737 383 lta-

139 402 190 444 lia
221 406 324 451 sunt,
357 403 448 454 quei
479 414 616 443 eorum
647 402 687 443 P.
717 402 846 444 Mucio
877 403 920 443 L.
955 402 1165 455 Calpurnio
1200 414 1282 442 cos.
1315 401 1485 454 publicei
1515 401 1647 454 populi
1665 413 1737 441 ro-

139 461 270 501 manet
300 459 472 511 fuerunt,
503 459 638 501 facere
666 460 783 510 licuit,
816 462 923 514 quod
947 462 1031 501 eius
1053 461 1139 513 quis
1160 459 1294 500 facere
1317 459 1574 512 prohibuerit,
1604 459 1738 512 quod-

142 516 212 573 ve]
245 519 355 571 quis,
398 516 527 573 quo[d
558 531 646 559 eum
679 532 731 559 ex
761 520 833 560 hac
863 521 952 573 lege
985 518 1162 574 face]re,
1204 519 1445 572 oportuerit,
1476 530 1555 558 non
1587 517 1740 568 fecerit,

141 577 330 630 quodque
363 578 449 630 quis
482 590 633 629 eorum,
668 574 784 631 [quae
816 579 853 618 in
885 578 920 618 h.
953 578 976 618 l.
1009 579 1153 630 scripta
1185 582 1298 627 suut,
1329 573 1453 630 mag]
1486 588 1610 629 prove
1637 588 1738 629 mag.

143 633 355 689 quode-31¹)
391 648 435 676 re
466 636 504 676 in
536 637 621 676 ious
654 636 796 677 aditum
829 637 916 688 erit,
947 635 1050 688 quod
1083 649 1133 675 ex
1155 636 1189 675 h.
1214 636 1235 676 l.
1253 633 1294 689 2)
1326 640 1494 688 petetur,
1523 635 1611 674 item
1634 633 1739 674 iudi—

142 696 245 735 cium
277 691 467 747 iudi[enm
499 700 856 748 recuperatoresve
888 696 924 735 ei
956 700 994 734 et
1025 696 1062 734 in
1096 706 1183 734 eum
1217 707 1293 734 non
1327 693 1502 743 dederit,
1536 706 1653 746 quum
1686 691 1739 747 ei]

142 757 181 793 et
212 753 250 793 in
284 765 371 793 eum
404 752 591 794 iudicium
623 753 789 794 iudicem
822 758 1178 806 recuperatoresve
1202 766 1253 792 ex
1281 753 1316 792 h.
1341 752 1363 792 l.
1399 752 1491 792 dare
1516 757 1741 804 oporteret3

142 812 202 854 sei
234 812 321 864 quis
354 811 403 851 de
435 823 481 852 ea
522 824 566 851 re
598 809 800 866 iudiciu[m
832 813 1002 853 iudicem
1045 816 1402 864 recuperatoresve
1445 811 1519 850 sibi
1552 811 1634 850 dari
1665 820 1742 862 po-

142 869 314 922 stulabit,
345 882 404 924 pr.
437 870 641 923 consolve,
674 883 751 924 quo
776 871 824 912 de
848 884 894 910 ea
917 883 959 910 re
984 872 1019 910 in
1046 872 1105 910 ius
1129 870 1273 910 aditum
1296 869 1426 918 fuerit,
1458 869 1553 909 dare
1585 868 1741 908 debeto.

820 941 943 993 Caput
975 940 1071 980 XVI.

284 1011 389 1059 Quoi
422 1011 522 1052 ceivi
554 1023 717 1052 romano
750 1012 951 1051 sociumve
983 1010 1137 1062 poplice
1158 1009 1257 1049 deve
1279 1009 1405 1048 senati
1425 1008 1616 1047 sententia
1649 1019 1746 1060 ager

142 1069 336 1110 fruendus
370 1068 500 1125 datus]
534 1067 730 1123 sueritss),
761 1070 870 1109 seive
903 1065 1057 1122 que[is]
1091 1081 1162 1120 pro
1195 1067 1450 1119 moinicipieis
1482 1063 1745 1120 co[louieisve

144 1129 285 1169 civium
318 1125 595 1183 romanorum]
640 1128 859 1168 nominisve
899 1127 1004 1167 latini
1045 1127 1197 1179 poplice
1241 1125 1341 1164 deve
1385 1125 1511 1165 senati
1552 1125 1746 1165 sententia

144 1200 244 1242 ager
275 1187 468 1228 fruendus
501 1187 612 1227 datus
648 1183 803 1239 [snei-it,
835 1186 927 1239 quei
959 1198 1096 1225 eorum
1130 1197 1218 1225 eun]
1251 1197 1388 1238 agrum
1421 1184 1616 1224 habebunt
1647 1195 1746 1236 pos-

831 1330 942 1378 Caput
985 1329 1060 1365 XV.

289 1401 393 1445 Quod
426 1414 470 1437 ex
503 1403 568 1438 hac
600 1402 683 1447 lege
718 1401 762 1436 ita
797 1400 844 1436 uti
877 1412 981 1448 snpra
1016 1400 1183 1447 scriptum
1218 1403 1270 1434 est
1302 1399 1334 1434 in
1368 1397 1462 1444 agris
1496 1396 1552 1444 qui
1585 1396 1618 1432 in
1653 1401 1748 1432 terra

149 1461 249 1499 Italia
293 1465 396 1506 sunt,
439 1460 495 1507 qui
530 1471 653 1496 eorum
696 1460 728 1495 P.
761 1460 873 1495 Mucio
912 1460 946 1495 L.
979 1459 1167 1506 Calpurnio
1211 1457 1414 1492 consulibus
1455 1455 1585 1503 publici
1628 1454 1749 1502 populi

151 1519 289 1557 romani
322 1520 485 1565 suerunt,
533 1520 653 1555 tacere
687 1518 803 1564 licuit,
837 1518 930 1564 quod
966 1518 1039 1553 eius
1073 1517 1147 1564 quis
1181 1515 1299 1552 facere
1329 1515 1575 1564 prohibuerit,
1607 1513 1749 1561 quodve

151 1579 243 1627 quis,
276 1578 372 1625 quod
405 1589 484 1614 eum
517 1589 561 1613 ex
594 1578 661 1613 hac
693 1577 775 1623 lege
809 1578 941 1621 facere,
974 1574 1189 1624 oportuerit,
1222 1586 1292 1610 non
1315 1573 1452 1619 fecerit,
1484 1573 1651 1620 quodque
1676 1572 1752 1620 quis

152 1649 295 1682 eorum,
328 1648 418 1684 quae
451 1637 483 1672 in
516 1637 582 1673 hac
614 1636 696 1682 lege
729 1635 858 1684 scripta
890 1639 980 1679 sunt,
1014 1634 1239 1680 magistratus
1273 1644 1385 1680 prove
1418 1633 1650 1677 magistratu,
1683 1641 1753 1678 quo

159 1697 207 1732 de
242 1707 283 1732 ea
317 1707 356 1731 re
387 1695 420 1731 in
453 1695 504 1731 ius
538 1695 668 1731 aditum
702 1694 788 1739 erit,
831 1694 924 1740 quod
959 1705 1003 1729 ex
1036 1694 1099 1729 liae
1136 1694 1217 1736 lege
1260 1696 1423 1739 petetur,
1464 1691 1549 1726 item
1582 1689 1758 1734 iudicium,

155 1754 337 1799 iudicem,
367 1758 690 1802 recuperatoresve
732 1753 762 1788 ei
795 1757 829 1788 et
859 1753 892 1787 in
925 1764 1003 1788 eum
1036 1763 1104 1787 uon
1149 1751 1299 1795 dederit,
1340 1761 1444 1797 quum
1476 1749 1507 1785 ei
1540 1752 1575 1784 et
1606 1748 1639 1784 in
1678 1759 1756 1784 eum

156 1812 348 1858 iudicium,
390 1812 564 1857 iudicem,
607 1816 926 1859 recuperatoresve
960 1822 1004 1846 ex
1039 1811 1102 1846 liae
1144 1810 1224 1855 lege
1258 1809 1342 1844 dare
1374 1811 1583 1856 oporteret:
1623 1806 1650 1843 si
1682 1805 1757 1854 quis

157 1871 204 1907 de
239 1883 281 1907 ea
315 1883 354 1907 re
388 1870 577 1916 iudicium,
609 1870 779 1916 iudicem,
812 1874 1133 1916 recuperatoresve
1166 1868 1229 1904 sibi
1263 1868 1339 1903 dari
1370 1867 1581 1915 postulabit,
1613 1869 1760 1914 praetor

151 1930 345 1976 consulve,
377 1940 448 1977 quo
483 1930 526 1965 de
564 1941 606 1965 ea
638 1940 676 1965 re
708 1929 741 1965 in
779 1929 830 1965 ius
863 1928 994 1963 aditum
1029 1927 1156 1972 luerit,
1190 1927 1275 1962 dure
1308 1927 1450 1961 debeto.

836 1998 948 2045 Caput
980 1998 1072 2033 XVI.

294 2059 359 2103 Qui
392 2058 458 2095 civi
492 2069 640 2095 romano
683 2056 908 2094 sociorumve
952 2056 1093 2103 publice
1141 2055 1230 2090 deve
1274 2059 1415 2090 senatus
1458 2052 1632 2089 sententia
1672 2063 1759 2098 ager

152 2118 323 2155 fruendus
357 2118 456 2154 datus
489 2117 621 2163 fuerit,
654 2117 730 2152 sive
765 2115 840 2163 quis
872 2126 937 2163 pro
972 2114 1165 2162 municipiis
1200 2113 1395 2149 coloniisxe
1427 2112 1551 2147 civium
1585 2121 1758 2147 romano-

154 2189 229 2214 rum
263 2177 459 2214 nominisve
491 2176 589 2212 latini
632 2175 776 2223 publice
809 2174 901 2210 deve
945 2178 1086 2208 senatus
1129 2172 1301 2208 sententia
1335 2182 1424 2217 ager
1455 2170 1622 2206 fruendus
1658 2170 1758 2205 datus

154 2236 285 2283 fuerit,
328 2235 386 2283 qui
419 2246 541 2271 eorum
575 2246 652 2270 eum
686 2244 810 2281 agrum
842 2232 1022 2269 habebunt
1063 2230 1320 2279 possidebunt,
1363 2229 1468 2276 quive
1508 2239 1574 2276 pro
1617 2228 1757 2264 colonia

298 2361 333 2402 1)
359 2371 440 2405 pro:
484 2371 549 2406 quo
585 2361 626 2393 de
653 2371 702 2394 ea.
739 2376 780 2383 -
823 2358 861 2402 2]
897 2359 968 2392 Hoc
1001 2363 1100 2402 caput
1134 2355 1321 2389 Husclikius
1355 2366 1386 2398 p.
1413 2355 1479 2388 595
1522 2356 1565 2387 ita
1599 2354 1758 2386 restituit:

156 2408 255 2450 Quod
284 2420 325 2441 ex
352 2409 383 2441 h.
411 2408 429 2441 Ι.
457 2409 500 2441 ita
528 2409 594 2440 utci
622 2419 646 2440 s.
673 2419 697 2440 s.
726 2413 776 2440 est
802 2407 832 2439 in
860 2408 988 2450 agreiS,
1024 2406 1099 2449 quei
1126 2406 1157 2436 in
1186 2409 1271 2436 terra
1300 2402 1391 2434 ltalia
1417 2407 1512 2441 sunt,
1542 2401 1618 2445 quei
1644 2410 1759 2433 eorum

157 2457 192 2489 P.
221 2456 327 2489 Mucio
355 2455 388 2488 L.
416 2454 596 2496 Calpurnio
622 2454 695 2487 Cos.
724 2454 871 2497 publicei
904 2452 1017 2496 populi
1043 2451 1191 2484 romanet
1221 2450 1373 2487 suerunt,
1400 2449 1484 2481 ceivi
1511 2457 1670 2488 romano,
1696 2446 1760 2479 La-

157 2506 247 2543 tino,
286 2503 531 2546 peregrinoque
560 2502 672 2533 favore
698 2501 836 2541 licebit,
872 2500 960 2545 quod
988 2500 1057 2531 eius
1085 2497 1125 2530 ab
1153 2497 1264 2541 aliquo
1291 2496 1402 2528 facere
1436 2494 1622 2538 prohibitus
1648 2494 1759 2534 fuerit,

159 2550 294 2594 quodve
322 2551 394 2593 quis
422 2549 510 2592 quod
538 2550 607 2580 eius
635 2560 708 2580 eum
736 2559 776 2580 ex
804 2547 832 2579 h.
861 2547 880 2580 l.
909 2547 1020 2578 facere
1040 2545 1235 2586 oportuerit,
1264 2553 1328 2575 non
1349 2542 1484 2579 fecerit:
1512 2541 1667 2584 quodque
1687 2541 1760 2584 quis

160 2608 274 2629 eorum
303 2607 343 2628 eo
370 2597 503 2628 nomine
531 2606 571 2627 ex
598 2595 627 2627 h.
654 2595 673 2627 l.
702 2601 813 2638 petet:
851 2593 945 2626 l'rov.
973 2593 1070 2634 l‘rop.
1098 2602 1203 2634 prove
1230 2600 1317 2629 mag.
1344 2599 1409 2633 quo
1436 2589 1477 2621 de
1503 2599 1540 2620 ea
1568 2599 1604 2620 re
1630 2589 1662 2619 in
1689 2588 1759 2619 ious

161 2644 283 2676 aditum
311 2644 393 2683 erit,
420 2642 508 2686 quod
537 2653 578 2674 ex
607 2642 635 2673 li.
663 2642 683 2674 l.
711 2648 855 2685 petetur.
883 2643 959 2672 item
987 2639 1142 2671 iudicium
1171 2637 1312 2668 iudicem
1340 2641 1645 2678 recuperatoresve
1669 2633 1759 2674 dato,

162 2697 262 2732 atque
289 2689 364 2723 Cos.
391 2689 444 2722 Pr.
471 2699 514 2721 ve
540 2692 569 2721 ei
596 2695 629 2721 et
656 2689 685 2720 in
712 2700 787 2721 cum
816 2688 971 2719 iudicium
999 2686 1142 2718 iudicem
1173 2689 1476 2726 recuperatorem-e
1509 2692 1549 2714 ex
1576 2680 1606 2713 h.
1632 2680 1652 2713 l.
1680 2679 1759 2712 dare

164 2742 360 2779 oporteret,
387 2737 434 2769 sei
463 2737 534 2780 quis
561 2734 601 2767 de
628 2745 666 2767 ea
692 2746 728 2767 re
756 2735 931 2775 iudicium,
964 2732 1108 2765 iudicem
1140 2736 1437 2772 recuperatoresve
1468 2728 1528 2761 sibi
1555 2727 1596 2759 ab
1623 2737 1663 2760 eo
1689 2727 1760 2759 dari

166 2783 362 2825 postularet.
394 2800 434 2804 —-
462 2782 499 2823 3)
527 2791 587 2825 pro
610 2782 713 2822 sveri!
737 2781 847 2814 tabula
875 2780 1052 2813 mendose:
1077 2777 1209 2819 lsiribit,
1236 2779 1420 2809 secundum
1447 2777 1576 2818 priores
1594 2773 1759 2814 editores;

164 2829 312 2870 Gottling
340 2840 404 2862 non
432 2830 579 2873 reperit,
605 2835 637 2861 ct
663 2839 739 2861 mox
765 2829 849 2860 seire
874 2839 949 2870 quai
976 2836 1054 2870 pro:
1078 2826 1162 2857 seive
1185 2835 1261 2866 que,
1296 2823 1384 2867 quod
1411 2822 1494 2855 Rud.
1519 2820 1652 2863 supplet.
1676 2821 1760 2852 seive

164 2876 261 2919 queis.
305 2876 450 2909 llusclik.
482 2888 513 2919 p.
542 2875 608 2908 596
643 2875 768 2907 initium
795 2876 910 2918 capitis
947 2874 1032 2906 liunt·
1060 2873 1091 2904 in
1118 2871 1251 2904 moduni
1282 2870 1444 2902 restituit:
1477 2867 1561 2908 Quei
1589 2877 1669 2910 ager
1694 2877 1759 2909 pu-

164 2921 271 2954 blicus
297 2924 409 2965 populi
435 2924 582 2955 romanei
609 2923 690 2954 iutra
726 2921 870 2964 lapidem
904 2920 993 2953 urbis
1021 2918 1146 2951 Romae
1172 2923 1239 2956 est,
1275 2917 1363 2961 quod
1401 2917 1470 2948 eius
1504 2915 1587 2946 ceivi
1623 2923 1758 2945 romano

165 2969 335 3003 sociumve
362 2971 547 3003 nominisve
574 2969 666 3002 latini
692 2969 825 3010 puplice
853 2968 939 3001 deve
973 2967 1079 3000 senati
1104 2966 1267 2998 sententia
1299 2962 1475 2997 fruendum
1509 2961 1622 2994 datum
1648 2960 1759 2993 fuerit.
