1877 3313
678 231 708 272 ς.
737 231 765 265 1,
814 229 921 276 Leges
946 236 981 265 et
1003 231 1190 276 plebiscita.
1649 228 1734 274 227

781 337 906 391 Caput
936 336 1092 378 XXXII.

276 396 378 444 Quoi
409 396 552 438 colono
585 396 673 436 eive
705 397 799 450 quei
830 397 867 436 in
903 396 1060 438 cotonei
1098 409 1262 439 numero
1295 398 1464 452 scriptus
1495 402 1568 450 est,
1600 397 1736 450 fuitve,

135 451 256 510 [ager
285 456 480 497 Iocus...
513 456 548 495 ei
570 454 600 496 ΙΙ
617 456 686 496 vir.
721 456 811 508 quei
844 469 895 495 ex
926 455 962 496 h.
995 456 1018 496 l.
1052 455 1180 497 factus
1213 462 1422 498 creatusve
1454 457 1540 509 erit,
1572 461 1736 498 tantun-

133 514 223 554 dem
256 513 413 555 modum
447 515 533 567 agri
574 514 678 555 locei
710 516 747 554 ei
779 515 872 567 quoi
903 515 1049 555 ita....
1083 528 1173 556 esse
1213 513 1414 571 fuiss]eve
1456 516 1736 570 comperietur,

132 572 348 613 hei-edeive
381 574 465 613 eius
497 572 546 613 de
578 585 690 627 agro,
723 573 816 625 quei
849 586 948 627 ager
978 574 1017 614 in
1049 573 1183 615 Africa
1215 579 1289 626 est,
1319 587 1392 628 pro
1412 586 1461 616 eo
1483 588 1582 629 agro
1617 572 1737 630 [red-

133 628 250 686 di]t0,
282 632 494 685 quoiquue
525 632 577 672 ita
608 631 837 683 reddiderit,
871 633 906 672 ei
938 631 1184 686 adsignatum
1215 633 1342 675 fuisse
1372 633 1556 676 iudicato.

774 701 898 755 Caput
928 702 1103 743 XXXIII.

271 760 373 809 Quoi
404 773 545 815 agrum
577 760 625 801 de
658 774 707 802 eo
740 773 852 814 agro,
885 763 977 814 quei
1007 775 1104 817 ager
1135 762 1173 803 In
1204 762 1340 804 Africa
1370 768 1444 814 est,
1478 763 1571 817 quei
1594 763 1736 805 colono

130 816 244 875 e[ive
277 820 369 873 quei
399 821 438 861 in
471 820 625 861 colonei
657 833 821 862 numero
862 822 1034 874 scriptus
1067 826 1127 862 est
1158 821 1281 862 fuitve
1323 821 1500 863 redditus
1543 822 1736 872 adsigna-

128 883 243 920 tusve
275 878 360 929 fuit,
394 883 566 932 emptum
599 891 690 920 esse
723 878 900 920 fuisseve
933 880 1212 933 comperietur,
1245 881 1304 921 sei
1334 879 1365 920 II
1382 881 1442 921 vii*
1473 893 1564 922 eum
1596 894 1737 936 agrum

127 937 269 989 locum,
303 950 418 991 quem
452 939 489 978 ei
521 943 692 991 emptum
725 952 816 979 esse
849 940 1137 992 comperietur,
1170 939 1314 980 colono
1346 940 1435 979 eive
1467 942 1560 993 quei
1589 941 1628 981 in
1661 952 1737 981 co-

127 995 234 1038 lonei
272 1009 438 1038 numero
482 998 655 1050 scriptus
697 995 803 1052 e]st‚
844 998 1149 1049 adiudicaverit,
1187 1002 1267 1038 tum
1310 998 1537 1039 tantundem
1577 998 1737 1041 modum

127 1057 214 1110 agri
246 1056 304 1107 ei,
337 1057 429 1109 quoi
460 1057 512 1096 ita
545 1061 714 1109 emptum
747 1069 839 1096 esse
873 1054 1184 1111 coinperie[tur‚
1216 1057 1406 1097 herediVe
1440 1055 1552 1112 ei]us
1585 1070 1736 1112 procu-

126 1115 300 1155 ratorive
320 1113 356 1170 ¹)
390 1116 477 1155 eius
509 1114 721 1167 heredive,
754 1116 897 1168 quoius
931 1129 1070 1156 eorum
1113 1115 1161 1155 de
1195 1128 1244 1156 eo
1277 1128 1399 1170 agro,
1441 1117 1534 1169 quei
1565 1129 1666 1172 ager
1696 1118 1737 1159 in

126 1173 263 1215 Africa
297 1179 369 1224 est,
401 1186 474 1228 pro
507 1187 556 1215 eo
590 1186 689 1228 agro
720 1174 750 1214 ΙΙ
773 1175 832 1214 vir
864 1174 1033 1215 reddito.

267 1233 370 1281 Quoi
412 1234 463 1273 ita
505 1231 724 1273 reddiderit
766 1230 824 1286 [ei
855 1233 887 1273 is
928 1245 1026 1286 ager
1057 1232 1134 1273 HS.
1165 1233 1211 1273 N.
1243 1232 1259 1271 I
1290 1239 1445 1286 emptus
1489 1240 1577 1276 esto
1619 1235 1735 1288 isque

124 1304 221 1347 ager
252 1291 367 1333 locus
399 1292 576 1345 privatus
609 1292 896 1345 vectigalisque
929 1292 980 1331 ita
1012 1292 1093 1331 utei
1126 1292 1164 1331 in
1196 1291 1281 1332 h.1.
1316 1294 1506 1346 scriptum
1528 1299 1602 1346 est,
1635 1299 1736 1336 esto.

759 1361 882 1414 Caput
914 1360 1091 1401 XXXIV.

266 1421 367 1470 Quei
398 1421 507 1475 agri,
540 1432 643 1472 quae
675 1419 788 1472 loca,
822 1432 976 1472 quaeve
1009 1420 1186 1461 aedificia
1218 1420 1256 1461 in
1290 1419 1423 1462 Africa
1456 1421 1600 1475 publici
1632 1434 1669 1475 p.
1703 1435 1735 1464 r.

125 1480 218 1522 faeti
250 1486 355 1532 sunt,
388 1480 478 1532 quei
510 1491 649 1520 eorum
681 1492 820 1534 agrurn
854 1480 960 1530 emit,
991 1476 1214 1534 p]equniae
1236 1479 1483 1533 adsignatum
1506 1481 1736 1535 diScriptum

124 1539 422 1594 adsignatumve
455 1539 493 1578 in
526 1538 694 1579 tabuleis
716 1538 910 1592 publiceis
942 1543 1005 1579 est
1037 1535 1202 1592 eritv[e‚
1235 1544 1378 1580 tantam
1400 1537 1633 1594 pequ]niam
1655 1553 1736 1594 po-

786 1682 902 1730 Caput
933 1681 1076 1719 XXXII.

262 1739 325 1777 Cui
356 1741 487 1778 colono
521 1740 601 1777 eive
633 1741 691 1788 qui
722 1741 755 1778 in
789 1742 909 1778 coloni
941 1753 1087 1778 numero
1120 1741 1270 1791 scriptus
1303 1748 1358 1780 est
1392 1743 1517 1792 fuitve‚
1550 1756 1640 1793 ager
1670 1745 1731 1784 Io-

123 1810 183 1836 cus
216 1827 373 1836 ........
406 1799 437 1835 ei
470 1799 643 1844 duumvir,
677 1800 735 1848 qui
767 1812 812 1837 ex
845 1801 912 1837 hac
944 1801 1028 1848 Iege
1060 1801 1172 1837 factus
1201 1807 1389 1839 creatusve
1411 1804 1492 1850 erit,
1523 1805 1733 1842 tantundem

122 1858 266 1895 modum
296 1858 374 1906 agri
405 1858 475 1895 Ioci
508 1859 563 1904 ei,
597 1859 651 1896 cui
683 1859 730 1896 ita
847 1872 926 1896 esse
960 1860 1113 1896 fuisseve
1146 1862 1407 1909 comperietur,
1451 1863 1625 1901 heredive
1656 1863 1731 1901 eius

123 1916 168 1953 de
201 1928 306 1964 agro,
337 1917 395 1965 qui
429 1929 518 1964 ager
547 1917 582 1954 in
612 1918 735 1955 Africa
769 1923 823 1955 est
853 1930 920 1967 pro
953 1930 998 1956 eo
1032 1930 1122 1967 agro
1155 1920 1322 1968 reddito,
1356 1921 1484 1970 cuique
1523 1922 1571 1959 ita
1601 1922 1730 1960 reddi-

122 1975 215 2013 derit
246 1977 280 2013 ei
310 1976 535 2023 adsignatum
568 1977 676 2014 fuisse
706 1978 874 2015 iudicato,

769 2048 883 2098 Caput
923 2049 1081 2086 XXXIII.

261 2105 325 2143 Cui
357 2118 482 2154 agrum
514 2107 559 2144 de
591 2119 637 2145 eo
669 2119 783 2155 agro,
826 2107 883 2156 qui
915 2120 1005 2155 ager
1035 2108 1069 2144 in
1102 2108 1222 2146 Africa
1255 2113 1332 2155 est,
1374 2109 1432 2158 qui
1474 2111 1606 2148 colono
1647 2111 1728 2150 eive

121 2165 180 2214 qui
209 2164 244 2202 In
277 2165 394 2202 coloni
427 2178 575 2203 numero
607 2166 758 2215 scriptus
791 2171 846 2203 est
878 2167 987 2203 fuitve
1019 2168 1178 2204 redditus
1211 2167 1463 2215 adsignatusve
1485 2170 1549 2207 fuit
1572 2175 1728 2219 emptum

121 2236 200 2262 esse
232 2224 388 2261 fuisseve
422 2225 674 2274 comperietur,
705 2226 734 2262 si
767 2226 929 2262 duumvir
961 2238 1040 2263 eum
1073 2238 1196 2274 agrum
1225 2227 1356 2273 Iocum,
1388 2240 1493 2275 quem
1517 2229 1549 2266 ei
1572 2234 1728 2278 emptum

121 2295 201 2320 esse
233 2284 496 2333 comperietur,
537 2285 670 2321 colono
704 2284 783 2321 eive
815 2285 872 2332 qui
904 2285 938 2321 in
970 2285 1087 2322 coloni
1119 2297 1268 2322 numero
1307 2286 1457 2335 scriptus
1497 2292 1552 2324 est
1583 2288 1727 2326 adiudi-

120 2342 276 2389 eaverit,
317 2347 389 2379 tum
420 2343 626 2380 tantundem
658 2344 801 2381 modum
835 2343 913 2390 agri
946 2343 978 2380 ei
1010 2344 1066 2380 cui
1096 2344 1142 2380 ita
1175 2349 1330 2392 emptum
1363 2357 1441 2383 esse
1485 2347 1726 2396 comperietur

120 2402 295 2438 heredive
327 2401 403 2437 eius
435 2402 711 2450 procuratorive
754 2403 830 2439 eius
862 2402 1033 2439 heredive
1075 2403 1170 2439 cuius
1214 2414 1337 2440 eorum
1369 2404 1414 2441 de
1447 2416 1493 2442 eo
1535 2417 1625 2454 agro
1667 2406 1727 2455 qui

121 2471 210 2508 ager
240 2461 273 2498 in
306 2460 429 2497 Africa
463 2465 520 2496 est
549 2473 617 2509 pro
650 2472 694 2498 eo
728 2473 818 2508 agro
853 2461 1014 2498 duumvir
1044 2461 1198 2498 reddito.

260 2518 327 2563 Qui
358 2518 408 2554 ita
440 2519 640 2556 reddiderit
672 2519 704 2556 ei
736 2519 763 2556 is
797 2531 887 2566 ager
918 2520 1118 2556 sestertium
1160 2531 1301 2557 nummo
1340 2533 1411 2559 uno
1450 2527 1586 2572 emptus
1629 2528 1725 2573 esto,

118 2576 221 2625 isque
252 2588 341 2625 ager
371 2577 469 2614 locus
501 2578 658 2626 priVatus
692 2579 952 2626 vectigaliSque
974 2579 1021 2615 ita
1044 2578 1094 2614 uti
1117 2577 1150 2615 In
1173 2578 1240 2616 hac
1260 2580 1344 2628 lege
1367 2581 1534 2630 scriptum
1557 2586 1612 2620 est
1633 2588 1725 2622 esto.

770 2650 883 2698 Caput
914 2649 1072 2686 XXXIV.

263 2706 329 2751 Qui
361 2707 440 2754 agri
472 2719 563 2755 quae
595 2709 674 2746 loca
708 2720 846 2756 quaeve
879 2708 1040 2745 aedificia
1070 2707 1104 2744 in
1135 2708 1254 2746 Africa
1283 2710 1416 2758 publici
1440 2711 1563 2760 populi
1583 2713 1721 2753 romani

121 2764 206 2801 facti
235 2770 338 2813 sunt,
380 2766 437 2814 qui
480 2778 603 2804 eorum
642 2768 784 2815 publice
823 2768 955 2813 veniit,
999 2771 1165 2814 quantum
1196 2768 1229 2805 ei
1261 2769 1318 2816 qui
1349 2781 1427 2806 eum
1468 2782 1593 2818 agrum
1624 2774 1721 2821 emit,

120 2822 294 2871 pecuniae
325 2825 549 2873 adsignatum
581 2825 788 2874 discriptum
819 2826 1089 2874 adsignatumve
1119 2825 1155 2863 in
1185 2827 1312 2865 tabulis
1342 2828 1488 2877 publicis
1517 2835 1571 2868 est
1590 2832 1720 2881 eritve,

150 3030 157 3037 ι
261 2984 299 3029 1)
323 2986 392 3021 tab.
416 2988 561 3022 vitiose:
584 2994 828 3032 procuratorve.
869 2987 974 3022 Paulo
999 2989 1151 3035 superius
1174 2988 1366 3028 Huschkius
1387 3001 1423 3037 p.
1448 2991 1518 3029 610
1539 3004 1603 3041 pro
1619 2994 1716 3031 here-

122 3029 196 3066 dzve
219 3032 287 3068 eius
311 3034 560 3071 emendandum
585 3041 719 3071 censet:
745 3036 814 3071 eius
837 3034 1012 3071 heredesve.

1409 3098 1464 3143 15
1477 3096 1506 3126 ὕ
