1877 3313
118 177 205 222 438
680 172 783 210 Inscr.
805 174 974 218 poeticae.
1021 170 1155 207 Sacrae.

423 277 528 321 Ante
559 278 688 322 obitus
717 280 866 322 tristeis
897 278 1034 320 Helvia
1063 276 1190 318 Prima
1219 275 1292 326 fui5

325 336 502 392 Coniuge
532 350 619 380 sum
651 338 807 380 Cadruo
838 338 964 379 fructa
994 336 1183 378 Scrateio.
1203 332 1240 389 ¹)

430 396 740 450 Concordesque
771 398 855 450 pari
883 396 1052 436 viximus
1083 394 1257 447 ingenio.

325 455 438 497 Nunc
468 455 557 496 data
587 468 675 497 sum
703 456 795 507 Diti,
825 455 988 509 longum
1019 465 1205 494 mansura
1235 464 1308 505 per
1339 463 1502 505 aevum,

421 514 601 556 Deducta
642 519 681 555 et
720 513 825 554 fatali
865 514 956 567 igne
999 516 1039 552 et
1079 523 1180 564 aqua
1216 510 1365 565 Stygia.
1411 535 1461 540 —
1504 513 1709 552 Beneventi.

117 575 278 614 Bulletin.
308 576 404 613 arch.
439 575 560 613 1847.
589 587 624 624 p.
657 575 724 612 24.
753 575 948 611 Archaeol.
979 573 1093 620 Zeitg.
1130 571 1238 608 1846
1271 584 1305 620 p.
1339 571 1434 609 334.

236 650 357 689 1958.
417 648 652 689 Umbrarum
683 660 827 689 secura
859 648 972 700 quies
1003 647 1236 698 animaeque
1266 645 1366 697 pior.
1383 641 1424 699 ²]

444 706 641 747 Laudatae
673 707 799 747 colitis
834 718 937 759 quae
968 705 1054 746 loca
1085 708 1220 745 saneta
1250 703 1393 753 Erebi,

395 764 521 808 Sedes
537 762 577 820 3]
612 765 809 806 insontem
840 764 1061 817 Magnillam
1092 763 1224 803 ducite
1254 766 1434 814 vestras,

439 824 515 864 Per
545 835 708 864 nemora
740 828 779 864 et
810 835 968 876 campos
1000 822 1181 875 protinus
1211 820 1380 874 Elysios.

391 882 516 936 Rapta
546 887 606 923 est
637 886 776 922 octavo
808 881 895 922 fatis
928 881 1162 921 instantibus
1194 892 1297 920 anno

483 940 678 994 Carpebat
707 941 810 980 vitae
841 944 1019 992 tempora
1051 938 1142 979 dum
1172 942 1348 978 tenerae.

400 998 590 1040 Formosa
622 1004 661 1039 et
691 1010 812 1038 sensu
843 997 1028 1038 mirabilis
1060 1001 1100 1037 et
1130 1008 1252 1048 super
1283 1006 1407 1036 annos
1420 992 1463 1050 ⁴)

440 1057 580 1109 Docta,
612 1056 773 1108 decens,
805 1055 927 1096 duleis
959 1059 1150 1109 grataque
1183 1054 1392 1094 blanditiis.

409 1115 606 1168 Perpetuo
637 1115 722 1155 talis
754 1115 902 1168 gemitu
940 1114 1189 1166 lacrimisque
1227 1112 1393 1153 colenda

489 1172 628 1214 Infelix
658 1185 757 1214 aevo
788 1178 864 1213 tam
897 1173 973 1213 cito
1006 1185 1106 1224 quae
1139 1171 1277 1212 caruit.

413 1231 476 1272 An
508 1231 603 1272 felix
634 1243 780 1284 aegrae
810 1231 940 1284 potius
972 1230 1162 1271 subducta
1199 1230 1423 1271 senectae?

482 1290 547 1331 Sic
577 1290 733 1330 Hecuba
765 1289 872 1329 flevit
903 1288 1151 1330 Penthesilea
1181 1291 1320 1328 minus.
1357 1311 1406 1316 —-
1439 1291 1583 1328 Romae.
1615 1291 1715 1326 Fabr.

118 1362 153 1399 p.
186 1349 280 1387 377.
324 1351 433 1388 More.
473 1351 550 1388 Stil.
581 1350 899 1388 CCCCLXXXXII.
952 1350 1150 1398 Antholog.
1190 1350 1304 1387 Burm.
1335 1349 1405 1397 lv,
1442 1349 1534 1387 117.
1583 1350 1715 1396 Meyer.

124 1408 245 1445 1246.

261 1570 298 1615 1)
323 1583 440 1606 versus
464 1573 616 1613 vitiosus,
641 1570 699 1605 sed
726 1570 814 1613 talis,
839 1576 875 1605 ut
900 1569 1042 1611 videtur,
1072 1569 1114 1603 ab
1140 1574 1278 1602 auctore
1301 1569 1483 1613 profectus.
1508 1581 1550 1589 -ε
1575 1565 1614 1608 2)
1640 1568 1717 1611 pio-

123 1629 207 1652 rum.
234 1636 274 1642 —
301 1617 340 1661 3)
366 1619 618 1664 intelligendum
643 1629 684 1653 ex
708 1619 861 1664 sequenti
886 1628 986 1652 versu
1009 1629 1078 1662 per.
1114 1626 1159 1649 Ξ
1189 1615 1227 1658 4)
1253 1628 1350 1660 super
1374 1616 1473 1649 comis
1497 1614 1656 1648 Muratori
1682 1614 1717 1647 Τ.

123 1665 179 1701 111.
205 1676 239 1710 p.
266 1666 364 1701 1705.
