1877 3313
652 185 683 226 §.
712 184 742 218 1.
792 183 898 228 Leges
924 188 958 217 et
982 182 1170 227 plebiscita.
1629 181 1713 224 241

112 291 190 331 fiet.
239 289 322 331 Dic.
355 302 438 332 cos.
471 303 530 343 pr.
563 303 666 343 mag.
701 303 762 343 eq.
798 287 929 345 [cens.
962 288 1039 331 aid.
1072 295 1118 330 tr.
1151 290 1201 343 pl.
1235 302 1271 342 q.
1302 288 1349 330 111
1365 290 1424 330 vir
1456 301 1563 342 cap.,
1592 287 1640 330 111
1657 288 1717 330 vir

112 362 146 389 a.
179 348 216 390 d.
249 361 283 390 a.
315 350 402 390 trib.
435 349 512 390 mil.
545 349 568 389 l.
601 349 675 390 1111.
709 350 843 403 primis
877 349 1004 402 aliqua
1036 361 1196 400 earum,
1229 349 1372 401 queive
1402 348 1440 389 in
1472 347 1550 389 alio
1583 346 1716 388 officio

111 408 200 456 siet,
231 409 269 448 in
301 409 392 449 ious
424 408 538 449 educi
570 421 620 448 ne
651 408 769 449 liceto
801 413 862 448 ast
893 408 984 460 quei
1015 405 1083 462 ex]
1118 421 1166 448 eo
1199 420 1299 462 mag.
1331 407 1538 461 inperiove
1563 406 1718 459 abierit,

112 464 346 521 quomin[us
378 467 494 508 educi
523 467 654 519 liceat,
684 467 775 508 nihil
807 464 1107 521 impedim]ento
1140 471 1238 508 esto.

807 525 932 579 Caput
962 525 1024 565 IV.

254 581 373 638 [Quoi
416 598 467 625 ex
499 583 556 640 h.]
602 585 625 624 1.
659 585 866 637 pequniam
909 588 1020 637 petet
1060 597 1283 637 nomenque
1326 584 1530 634 detulerit,
1572 583 1719 637 quoius

112 655 253 684 eorum
285 656 338 683 ex
369 643 405 683 h.
439 643 462 683 l.
497 648 587 684 ante
618 642 655 683 k.
688 648 788 696 sept.
820 643 957 696 petitio
990 643 1087 694 erit,
1119 644 1177 683 sei
1209 645 1265 684 eis
1297 643 1405 685 volet
1435 644 1535 684 sibei
1577 648 1719 696 patro-

111 714 186 743 nos
217 703 258 743 iu
289 714 375 742 earn
407 715 491 742 rem
524 702 631 753 dare,
663 715 721 755 pr.
753 701 801 742 ad
834 714 950 754 quem
984 698 1092 756 [eius
1124 714 1267 743 nomen
1289 701 1458 743 delatum
1481 703 1568 752 erit,
1601 714 1722 742 unum

111 765 286 801 actorem
319 766 371 812 et,
404 762 496 814 quei
527 774 616 801 eum
649 761 848 809 adiuvent,
880 760 978 802 alios
1010 761 1306 814 subscriptores
1329 760 1449 802 facito
1472 761 1509 801 in
1534 761 1722 801 contione

111 819 294 871 iudicum,
326 819 599 869 iniuratorum,
632 817 744 874 dum]
777 820 842 860 nei
865 832 982 873 quem
1014 833 1151 861 eorum
1184 819 1249 860 det
1279 821 1411 861 sciens
1443 819 1479 860 d.
1502 832 1568 871 m.,
1600 818 1724 872 quoei

111 879 169 930 is,
214 875 381 933 [quoius
413 891 557 919 nomen
601 877 804 919 deseratur
844 891 972 933 gener
1002 892 1123 920 socer
1154 879 1314 920 vitricus
1345 879 1600 933 privignusve
1632 878 1722 928 siet,

112 937 255 990 queive
297 938 373 977 eiei
413 938 596 978 sobrinus
634 938 710 978 siet
751 935 985 992 pro]piusve
1019 950 1106 978 eum
1141 951 1187 978 ea
1222 939 1459 991 cognatione
1500 937 1650 991 atingat
1668 934 1722 991 ¹),

112 997 256 1048 queive
288 997 325 1036 ei
339 993 380 1050 ²)
414 996 560 1037 sodalis
592 997 680 1046 sict,
712 996 857 1049 queive
890 997 927 1036 in
961 995 1101 1038 eodem
1133 995 1318 1051 conlegio
1350 998 1445 1048 siet,
1480 997 1652 1049 quoiave
1682 996 1724 1036 in

110 1053 189 1095 fide
220 1055 253 1096 is
286 1055 375 1105 crit,
407 1056 631 1095 maioresve
664 1056 701 1095 in
734 1056 924 1095 maiorum
956 1055 1032 1095 fide
1063 1053 1245 1110 fuer[int,
1278 1056 1422 1108 queive
1454 1055 1493 1095 in
1524 1054 1601 1095 fide
1633 1067 1726 1095 eum

111 1113 315 1165 habuerit,
358 1114 552 1166 quoiusve
595 1114 766 1154 maiores
809 1113 954 1154 infide
997 1114 1204 1154 habuerint
1235 1127 1326 1154 eum
1368 1114 1593 1154 maioresve
1625 1113 1726 1165 eius,

112 1172 256 1225 quoius
289 1185 434 1213 nomen
462 1172 687 1222 deferatur3
719 1173 835 1213 neive
858 1174 972 1222 eium,
1005 1174 1095 1225 quei
1129 1169 1428 1227 q]uaestion[e]
1460 1168 1726 1227 ioudici[o]ve

111 1231 272 1284 publico
305 1228 612 1285 condemnatu[s
654 1232 752 1281 siet,
796 1231 901 1284 quod
934 1232 1039 1272 circa
1072 1243 1163 1271 eum
1204 1231 1244 1270 in
1282 1236 1462 1272 senatum
1501 1231 1606 1285 legei
1646 1242 1727 1272 non

110 1289 251 1342 liceat,
292 1291 409 1330 neive
442 1288 631 1345 eumque]
669 1303 721 1331 ex
753 1290 788 1330 h.
821 1289 844 1329 l.
877 1289 997 1330 iudex
1028 1290 1066 1330 in
1100 1302 1187 1329 eam
1229 1302 1314 1330 rein
1347 1290 1440 1341 erit,
1486 1292 1604 1331 neive
1636 1301 1727 1331 eum

113 1349 206 1402 quei
238 1362 290 1390 ex
320 1349 357 1389 h.
391 1348 414 1389 l.
449 1353 637 1402 patronus
671 1348 785 1389 datus
818 1348 904 1388 erit.

817 1407 942 1459 Caput
980 1408 1023 1447 V.

254 1466 312 1506 De
345 1471 514 1520 patrono
546 1464 804 1520 repudiando.
857 1466 958 1514 Quei
991 1478 1042 1506 ex
1074 1465 1109 1506 h.
1142 1465 1164 1506 Ι.
1198 1471 1389 1520 patronus
1422 1465 1534 1507 datus
1553 1465 1640 1519 erit,
1667 1465 1729 1508 sei

112 1609 287 1656 Dictator,
319 1610 465 1656 Consul,
496 1612 658 1658 Praetor,
691 1611 862 1658 Magister
883 1611 1052 1659 equitum,
1085 1611 1237 1657 Censor,
1269 1611 1417 1657 Aedilis,
1447 1611 1619 1648 Tribunus
1641 1611 1726 1660 ple-

114 1669 181 1715 bis,
215 1669 418 1716 Quaestor,
451 1670 625 1707 Triumuir
656 1671 838 1718 capitalis,
870 1670 1044 1707 Triumuir
1075 1671 1171 1717 agris
1204 1671 1328 1708 dandis
1361 1670 1614 1718 adsignandis,
1643 1670 1725 1707 Tri-

115 1729 228 1764 bunus
261 1728 405 1765 miiitum
437 1729 642 1776 legionibus
676 1735 846 1777 quattuor
876 1729 1000 1778 primis
1033 1730 1149 1777 aliqua
1181 1741 1325 1776 earum,
1357 1729 1462 1778 quiue
1493 1729 1527 1766 in
1560 1729 1630 1766 alio
1662 1730 1725 1766 of-

115 1787 196 1823 ficio
229 1787 285 1834 sit,
315 1787 349 1824 in
381 1788 432 1824 ius
466 1789 570 1825 educi
603 1800 647 1825 ne
680 1788 798 1825 liceto.
846 1789 895 1825 At
927 1788 987 1835 qui
1020 1801 1065 1825 ex
1099 1799 1143 1825 eo
1167 1788 1378 1836 magistratu
1399 1788 1598 1838 imperioue
1620 1788 1726 1826 abie-

114 1845 179 1893 rit,
211 1846 397 1894 quominus
432 1847 536 1884 educi
567 1848 695 1894 liceat,
729 1847 812 1884 nihil
842 1847 1097 1895 impedimento
1131 1852 1223 1885 esto.

816 1906 930 1955 Caput
965 1906 1026 1943 IV.

255 1965 307 2001 De
338 1965 497 2014 patronis
529 1965 664 2002 dandis.
728 1965 793 2010 Qui
825 1977 871 2002 ex
902 1966 969 2002 hac
1011 1966 1094 2013 lege
1134 1965 1319 2014 pecuniam
1361 1969 1481 2014 petet,
1523 1976 1726 2013 nomenque

119 2023 302 2069 detulerit,
334 2024 432 2061 cuius
466 2035 590 2061 eorum
623 2037 667 2062 ex
700 2025 768 2061 hac
799 2025 882 2072 lege
915 2029 997 2061 ante
1028 2026 1199 2061 kalendas
1231 2025 1463 2073 Septembres
1495 2024 1621 2072 petitio
1645 2024 1726 2070 erit,

114 2083 141 2119 si
173 2082 202 2119 is
234 2083 332 2120 uolet
363 2083 428 2121 sibi
458 2087 632 2132 patronos
664 2083 697 2120 in
730 2096 808 2120 eam
839 2095 914 2120 rem
956 2083 1032 2120 dari
1073 2084 1223 2120 Praetor
1254 2085 1299 2120 ad
1331 2095 1435 2131 quem
1477 2084 1552 2120 eius
1594 2094 1726 2120 nomen

115 2141 271 2178 delatum
304 2141 394 2189 erit,
427 2154 532 2179 unum
564 2147 748 2189 actorem,
781 2147 818 2179 et
849 2142 906 2190 qui
939 2154 1019 2180 eum
1051 2143 1219 2180 adiuuent
1251 2143 1339 2179 alios
1371 2142 1633 2191 subscriptores
1665 2141 1723 2178 fa-

115 2200 188 2238 cito
219 2201 253 2238 iu
285 2201 454 2239 contione
485 2201 638 2238 iudicum
670 2202 920 2248 iniuratorum,
953 2202 1034 2238 dum
1067 2213 1218 2250 nequem
1251 2213 1376 2239 eorum
1409 2203 1470 2238 det
1499 2201 1614 2238 sciens
1638 2200 1725 2237 dolo

115 2261 231 2306 malo,
265 2260 320 2297 cui
350 2260 402 2307 is,
435 2260 532 2297 cuius
565 2272 693 2298 nomen
727 2261 934 2307 deferatur,
964 2272 1103 2308 gener,
1134 2272 1262 2307 socer,
1293 2261 1460 2307 uitrieus,
1491 2260 1725 2308 priuignusue

115 2319 174 2365 sit,
207 2319 312 2366 quiue
344 2319 377 2356 ei
409 2320 573 2356 sobrinus
605 2320 671 2366 sit,
703 2321 898 2369 propiusue
931 2332 1010 2356 eum
1043 2331 1084 2356 ea
1117 2320 1335 2367 cognatione
1367 2320 1521 2367 attingat
1553 2318 1658 2366 quiue
1692 2316 1727 2354 ei

116 2378 248 2414 sodalis
280 2377 346 2424 sit,
380 2378 485 2427 quiue
516 2379 550 2415 in
583 2379 712 2416 eodem
744 2378 902 2427 collegio
934 2379 990 2424 sit,
1024 2378 1149 2415 cuiaue
1181 2378 1214 2415 in
1247 2379 1316 2415 fide
1348 2379 1377 2415 is
1411 2378 1490 2425 erit,
1522 2377 1726 2414 maioresue

115 2435 149 2473 in
182 2436 352 2474 maiorum
384 2438 453 2474 [ide
486 2437 638 2484 fuerint,
681 2438 784 2485 quiue
816 2437 849 2474 in
882 2438 954 2474 fide
986 2450 1064 2474 eum
1097 2438 1285 2483 habuerit,
1328 2437 1473 2474 cuiusue
1504 2436 1657 2473 maiores
1689 2434 1726 2472 in

116 2495 186 2531 fide
216 2495 407 2533 habuerint
439 2509 518 2533 eum
549 2496 750 2534 maioresue
783 2496 870 2542 eius,
904 2497 1001 2534 cuius
1034 2507 1162 2534 nomen
1197 2497 1402 2542 deferatur-3
1434 2507 1526 2533 neue
1558 2506 1638 2532 eum
1665 2493 1726 2542 qui

117 2555 327 2601 quaestione
360 2555 539 2592 iudicioue
582 2556 726 2604 publico
768 2555 1023 2593 condemnatus
1066 2556 1131 2601 sit,
1173 2555 1346 2603 quocirca
1388 2567 1467 2592 eum
1498 2555 1533 2591 in
1563 2557 1726 2590 senatum

117 2613 190 2660 legi
221 2626 293 2651 non
324 2614 452 2661 liceat,
485 2626 576 2652 neue
608 2626 687 2651 eum
719 2615 777 2662 qui
809 2626 855 2651 ex
885 2615 952 2651 hae
982 2615 1067 2662 lege
1099 2614 1207 2652 iudex
1238 2615 1273 2652 in
1307 2626 1384 2651 eam
1414 2625 1490 2652 rem
1521 2613 1602 2660 erit,
1632 2622 1724 2650 neue

118 2683 196 2710 eum
227 2672 286 2721 qui
318 2684 365 2710 ex
396 2673 464 2710 hac
495 2674 578 2721 lege
611 2677 782 2722 patronus
815 2673 916 2710 datus
950 2674 1027 2711 erit.

828 2732 940 2781 Caput
970 2732 1014 2768 V.

256 2791 310 2828 De
340 2795 496 2841 patrono
530 2790 766 2841 repudiando.
800 2791 867 2836 Qui
899 2803 945 2830 ex
976 2791 1044 2829 hae
1075 2791 1160 2839 lege
1190 2794 1361 2839 patronus
1394 2789 1497 2827 datus
1528 2788 1609 2838 erit,
1640 2788 1669 2828 si
1693 2788 1722 2828 is

143 2996 149 3003 Ι
201 3007 209 3016 ·
259 2949 298 2995 1)
323 2951 452 2987 Tabula
477 2952 581 2988 habet
603 2951 793 2990 ATIIGAT.
819 2952 982 2997 Gottling.
1009 2969 1049 2978 -
1076 2949 1116 2995 2)
1142 2948 1303 2997 Gottling.
1328 2951 1363 2986 in
1379 2950 1493 2987 tabula
1506 2951 1600 2999 legit.
1617 2950 1723 2986 Kten-

120 3006 398 3092 musielffeiiiscriptt.
415 3050 535 3088 deiectus.
1457 3057 1513 3105 16
