1877 3313
385 136 415 178 §.
442 135 473 170 7.
522 135 668 170 Decreta
694 140 727 169 et
751 135 938 168 sententiae
965 135 1220 177 magistratuum
1246 142 1472 168 romanorum.
1646 129 1732 173 347

127 236 366 295 inscriptionis
399 245 533 294 aliquot
565 245 814 294 explicuerunt
846 255 912 281 van
945 243 1076 292 Nispen
1109 243 1293 280 Dissertat.
1336 243 1379 279 ad
1421 243 1620 289 fragmenta
1653 241 1731 277 He-

127 305 241 342 rennii
274 304 461 341 illodestini
504 305 594 352 apud
629 304 786 340 Oelrichs
818 303 851 340 in
893 303 1061 339 Thesaur.
1095 303 1293 339 Dissertatt.
1337 301 1514 338 iuridicar.
1554 299 1730 347 Belgicar.

127 364 207 401 Vol.
239 364 264 400 I.
297 364 393 400 Tom.
426 364 451 399 Ι.
483 375 517 411 p.
552 363 587 399 5.
619 367 655 398 et
685 362 842 410 inprimis
873 361 1038 397 Marinius
1078 361 1152 397 Atti
1195 373 1267 397 arv.
1299 361 1340 396 ΙΙ.
1373 373 1407 408 p.
1441 360 1535 396 555.
1567 359 1731 405 Integras

128 427 295 470 utrasque
326 421 576 470 inscriptiones
609 421 755 457 exhibet
777 419 1095 468 Spangenbergius
1121 420 1227 456 Tabb.
1251 424 1375 465 negot.
1398 419 1546 455 solemn.
1578 430 1611 465 p.
1634 417 1731 453 298.

131 482 195 518 sed
227 492 349 529 parum
382 485 568 516 accurate:
602 492 680 516 nam
713 483 884 526 utrasque
916 478 1163 526 inscriptiones
1197 478 1289 526 apud
1321 478 1525 514 Fabrettum
1548 479 1731 524 separatas

128 540 235 576 tacite
259 540 292 575 iu
317 551 418 575 unam
451 539 660 585 coniungit,
689 538 781 574 etin
813 537 958 584 reliquis
991 548 1133 584 quoque
1157 549 1174 572 a
1209 537 1365 573 Fabretti
1399 535 1563 583 exemplo
1596 540 1733 570 temere

124 598 275 635 recedit.
328 598 448 645 Nuper
480 597 670 633 admodum
704 596 969 633 accuratissime-
1001 596 1094 631 hunc
1126 595 1277 643 lapidem
1310 595 1342 631 in
1375 605 1496 631 museo
1530 592 1730 641 Capitolino

126 658 244 693 denuo
276 655 495 703 transcripsit
527 660 562 691 et
593 655 751 691 Fabretti
784 655 919 702 aliquot
950 665 1092 690 errores
1126 653 1327 690 emendavit
1365 653 1472 689 Olaus
1503 651 1731 688 Kellermann

126 713 310 766 [Vigilum
341 725 522 750 romanor.
555 714 724 750 latercula
757 713 828 750 duo
860 725 894 761 p.
928 712 992 749 30.
1025 725 1057 749 n.
1093 707 1196 764 15),
1229 713 1262 748 in
1295 712 1391 748 euius
1416 710 1578 747 doctrina
1601 714 1636 747 et
1662 710 1732 745 side

122 774 230 822 plane
262 772 495 820 acquiescere
526 783 725 820 possumus.
781 773 880 808 Idem
923 782 1065 818 quoque
1106 772 1308 816 arbitratur,
1340 769 1606 818 inscriptionem
1639 780 1732 805 num.

123 833 165 869 11.
198 844 302 868 unam
335 831 556 878 eandemque
589 842 668 867 esse
701 842 778 867 cum
811 831 966 867 clausula
998 830 1236 878 inscriptionis
1269 830 1293 865 Ι.
1327 830 1449 865 Denuo
1481 826 1662 864 recensuit
1694 831 1731 862 et

123 891 308 940 praeclare
341 890 530 927 illustravit
562 889 760 926 Rudorffius
792 889 847 926 in:
892 889 1052 936 savigny
1094 889 1296 925 Zeitsclirilt
1336 888 1391 925 fiir
1421 888 1459 924 R.
1491 886 1552 923 W.
1583 885 1660 923 XV.
1694 885 1734 922 2.

123 962 157 998 p.
191 948 434 986 254—263.

122 1075 283 1117 Herculi
314 1088 483 1116 sacrum.
546 1076 679 1116 Posuit
712 1075 870 1115 Publius
904 1073 1063 1115 Clodius
1095 1074 1331 1114 Fortunatus
1365 1073 1410 1121 Q.
1443 1073 1488 1121 Q.
1511 1069 1546 1127 ¹)
1579 1082 1730 1124 perpe-

748 1138 838 1174 tuus
881 1134 993 1174 huius
1024 1132 1115 1173 loci.

261 1193 592 1233 Interlocutioncs
623 1192 727 1232 Aelii
758 1193 950 1240 Floriani,
983 1191 1157 1232 Herenni
1186 1190 1418 1243 lllodestini,
1451 1189 1616 1231 Faltonii
1645 1189 1732 1229 Re·-

121 1252 336 1302 stitutiani,
368 1249 569 1306 Praeff.2)
602 1251 707 1304 vigil.
751 1251 818 1291 PP.
853 1247 989 1303 We)

263 1310 468 1350 Florianus
501 1307 602 1364 [14]
636 1309 831 1357 Quantum
864 1309 911 1348 ad
934 1308 1097 1348 formam
1123 1320 1142 1347 a
1172 1320 1233 1347 me
1261 1306 1385 1347 datam
1413 1308 1596 1360 pertinet,
1625 1318 1731 1358 quo-

122 1369 222 1409 niam
255 1381 317 1408 me
349 1369 563 1418 convenis,
606 1367 655 1407 de
696 1368 771 1407 hoc
810 1367 984 1420 inprimis
1017 1366 1259 1406 tractandum
1293 1370 1365 1406 est.
1425 1367 1479 1406 Ita
1511 1365 1732 1405 interlocu-

120 1434 201 1467 tum
244 1440 305 1467 me
347 1428 430 1467 scio
474 1439 565 1466 esse
599 1426 783 1466 hesterna
816 1426 902 1476 die,
935 1425 1082 1466 docere
1114 1430 1264 1478 partem
1298 1424 1495 1464 diversam
1529 1428 1731 1477 oportere,

120 1486 195 1526 lioc
228 1498 280 1525 ex
311 1497 425 1526 sacra
457 1485 690 1525 auctoritate
723 1484 985 1534 descendere,
1018 1488 1058 1523 ut
1089 1484 1303 1536 pensiones
1336 1496 1414 1524 non
1448 1482 1732 1535 dependeren-

121 1549 197 1585 iur.
260 1544 306 1585 Et
337 1543 563 1596 respondit:
597 1556 642 1583 se
676 1543 982 1596 quibuscunque
1008 1543 1226 1583 rationibus
1255 1554 1374 1595 posse
1400 1541 1629 1591 ostendere,
1658 1540 1733 1580 hoc

121 1616 174 1643 ex
205 1615 318 1643 sacra
351 1603 585 1643 auctoritate
619 1603 836 1642 observari.
897 1602 944 1641 Et
976 1600 1093 1641 hodie
1125 1601 1199 1641 boc
1231 1600 1344 1641 dicit:
1377 1600 1437 1641 Ex
1463 1612 1513 1641 eo
1541 1604 1733 1652 tempore,

119 1662 269 1714 inquit,
311 1674 363 1701 ex
404 1673 484 1714 quo
528 1661 732 1713 Augustus
772 1673 855 1700 rem
886 1659 1080 1713 publicam
1114 1660 1295 1700 obtinere
1328 1660 1481 1713 coepit,
1523 1670 1653 1711 usque
1693 1658 1733 1698 in

119 1719 376 1770 hodiernum,
411 1732 619 1772 mnnquam
652 1720 750 1759 haee
782 1719 870 1758 loca
903 1719 1119 1771 pensiones
1152 1719 1386 1771 pensitasse.

259 1779 307 1819 Et
337 1777 439 1818 insra
463 1778 668 1818 Florianus
701 1778 747 1818 D.
795 1778 882 1817 Vidi
918 1777 1042 1817 locum
1073 1777 1294 1818 dedicatum
1325 1777 1560 1831 imaginibus
1593 1775 1731 1816 sacris.

258 1837 307 1877 Et
346 1837 422 1877 alio
465 1837 592 1889 capite
635 1835 882 1877 Modestinus
914 1836 959 1875 I).
1015 1836 1054 1877 Si
1097 1836 1191 1888 quid
1232 1840 1292 1876 est
1334 1836 1568 1883 iudicatum,
1615 1834 1734 1874 habet

119 1908 229 1936 suam
273 1896 570 1946 auctoritatem,
613 1896 644 1935 si
689 1900 771 1946 est,
813 1900 855 1935 ut
895 1894 997 1943 dixi,
1042 1894 1266 1934 iudicatum.
1327 1895 1484 1934 Interim
1527 1892 1628 1947 apud
1671 1906 1733 1932 me

120 1955 247 1994 nullae
261 1952 300 2007 5)
332 1955 588 2007 probationes
613 1954 861 2005 exhibent-nr,
896 1954 1036 2005 quibus
1063 1952 1282 1993 doceantur
1303 1952 1473 1993 fullones
1501 1952 1539 1992 in
1567 1951 1730 2005 pensio-

119 2014 234 2054 nibus
249 2010 289 2067 ὃ)
324 2013 540 2052 conveniri.

260 2072 307 2112 Et
340 2071 416 2112 alio
450 2071 712 2124 capite..nus
747 2071 788 2111 C.
822 2070 862 2110 C.
898 2070 939 2111 C.
973 2067 1098 2123 112³)
1131 2070 1377 2110 Manifestum
1407 2073 1481 2120 est,
1514 2067 1605 2121 quid
1627 2067 1732 2108 iudi-

121 2135 211 2172 cant
239 2131 278 2171 P.
310 2131 350 2170 P.
384 2131 429 2170 V.
462 2127 561 2183 51³)
604 2143 691 2170 nam
725 2129 928 2170 Florianus
957 2129 1132 2181 partibus
1157 2129 1238 2168 suis
1275 2128 1577 2182 diligentissime
1609 2126 1731 2167 fune-

120 2194 185 2230 tus
217 2194 298 2239 est,
333 2189 412 2241 qui,
444 2201 532 2229 cum
566 2189 602 2228 in
636 2201 718 2228 rem
751 2193 1002 2240 praesentem
1045 2188 1243 2237 venisset,
1296 2187 1426 2227 locum
1458 2186 1650 2239 inspexit,
1693 2189 1732 2225 et

120 2249 315 2288 universis
356 2244 565 2301 iniliciisi')
609 2247 861 2296 examinatis,
904 2242 1211 2299 sententiarum)
1252 2245 1301 2284 de
1336 2257 1384 2285 eo
1426 2245 1538 2296 loco,
1571 2244 1620 2284 de
1652 2257 1730 2298 quo

119 2307 296 2346 maxime
327 2307 552 2359 quaeritur,
584 2305 747 2359 protulit
778 2318 805 2345 a
836 2318 912 2356 qua
943 2309 1209 2356 provocatum
1243 2316 1320 2345 non
1352 2308 1425 2345 est.

264 2469 301 2512 1)
329 2469 605 2513 Quinquennalis.
636 2487 675 2491 »-
703 2468 741 2511 2)
767 2469 901 2502 Fabret.
927 2469 1034 2512 praes.
1061 2469 1181 2501 omissa
1208 2469 1313 2502 altera
1340 2469 1435 2502 litera
1460 2469 1497 2502 F.
1525 2485 1565 2490 —-
1592 2466 1631 2509 3)
1650 2478 1731 2511 per-

120 2517 379 2551 fectissimorum
404 2518 567 2549 virorum.
610 2516 711 2549 Posse
738 2517 837 2549 etiam
874 2516 1033 2559 explicari
1059 2515 1217 2548 Marinius
1251 2516 1349 2549 dicit:
1384 2518 1515 2560 piorum
1541 2516 1734 2556 vindicurn3

121 2575 232 2608 neque
257 2574 340 2596 vero
366 2574 441 2596 cum
458 2563 610 2596 stlaffeio:
635 2563 851 2606 prudentium
878 2564 1039 2595 virorum.
1068 2580 1108 2583 —
1135 2563 1175 2604 4)
1203 2563 1295 2596 dixit.
1322 2580 1364 2584 ——
1392 2563 1429 2604 5)
1456 2562 1589 2596 Fabret.
1607 2562 1730 2595 multae

121 2622 184 2654 pro
210 2611 332 2644 millae.
359 2627 403 2631 —
429 2610 467 2652 6)
493 2610 542 2643 Ita
567 2610 769 2643 Rudorffius.
808 2609 906 2652 Apud
935 2609 1226 2642 Kellermannum:
1250 2612 1424 2653 pen....}‘.
1451 2609 1630 2642 conveniri.
1658 2608 1729 2642 Fa-

121 2658 250 2691 brettus
275 2659 346 2690 sine
371 2657 483 2690 littera
508 2657 544 2690 F.
570 2657 835 2701 Spangenberg:
861 2658 1016 2700 pensione
1041 2658 1219 2690 conveniri.
1245 2674 1289 2679 ν·
1317 2657 1353 2699 ’7)
1381 2655 1523 2698 Supple:
1559 2655 1729 2689 Remum-

122 2716 204 2745 nns3
231 2710 413 2748 sequentes
437 2710 533 2737 notas
558 2703 709 2745 intellige
734 2703 917 2736 secundum
946 2703 1138 2736 Marinium:
1166 2714 1240 2737 cum
1268 2703 1408 2736 consilio
1432 2702 1619 2736 collocutus
1638 2703 1729 2736 dixit.

122 2750 175 2784 Ex
200 2751 253 2784 hic
278 2750 432 2784 omnibus
457 2750 593 2784 Fabret.
625 2750 705 2783 nihil
732 2749 835 2783 habet
867 2756 1002 2793 praeter
1031 2750 1162 2784 literam
1187 2751 1228 2784 D.
1260 2768 1300 2772 —
1335 2748 1372 2791 8)
1398 2749 1464 2782 Has
1490 2749 1602 2783 literas
1629 2750 1664 2784 P.
1690 2750 1727 2783 P.

121 2797 160 2830 V.
183 2798 221 2830 V.
247 2798 473 2842 praetermisit
497 2797 630 2831 Fabret.
659 2815 697 2820 —
727 2794 764 2837 9)
790 2796 923 2830 Fabret.
949 2797 1084 2830 indiciis
1110 2798 1199 2831 dedit
1226 2803 1382 2839 tanquam
1416 2798 1585 2840 integrum
1613 2799 1646 2830 in
1672 2797 1726 2830 la-

123 2844 202 2883 pide
227 2850 439 2889 superesset:
466 2844 679 2877 Kellermann
707 2843 814 2876 solum
840 2844 984 2885 ..die-iis,
1010 2846 1135 2887 primas
1159 2844 1255 2877 binas
1282 2844 1396 2876 literas
1422 2845 1454 2876 in
1478 2844 1622 2877 eundem
1648 2854 1725 2877 mo-

126 2889 203 2922 dum
235 2891 369 2935 supplet
402 2889 588 2932 (indiciis);
623 2890 681 2923 sed
708 2890 963 2934 Spengenberg.
997 2891 1138 2923 iudiciis.
1176 2908 1215 2912 —
1256 2889 1314 2931 10)
1341 2890 1371 2922 Α
1398 2889 1563 2924 vocabulo
1587 2891 1725 2924 medio:

124 2936 203 2969 tiam
228 2935 464 2980 (sententiam)
490 2937 593 2971 altera
620 2939 746 2981 primae
774 2938 997 2982 inscriptionis
1023 2948 1100 2982 pars
1127 2939 1252 2981 incipit,
1279 2938 1330 2971 cui
1357 2936 1533 2973 Fabrettus
1557 2939 1604 2972 ita
1621 2948 1725 2982 prae-
