1877 3313
140 149 227 192 408
587 140 690 176 Inscr.
714 141 891 187 profanae.
941 138 1088 183 (7212.st
1132 137 1291 173 Tabulae.

279 249 376 292 XIII.
439 247 686 300 Novissime,
723 249 759 288 si
797 248 893 302 quid
921 246 1121 287 codicillis
1151 244 1284 286 aliove
1316 256 1393 299 quo
1424 255 1578 299 genere
1607 244 1742 299 scrip-

141 319 223 355 tum
255 310 523 363 signatumque
552 306 778 358 reliquero,
820 306 958 346 ‘calere
998 305 1111 354 volo,
1152 305 1264 355 quasi
1302 311 1524 344 testamento
1555 304 1742 357 scriptum

140 372 418 423 siqnatumque
450 366 709 419 reliquissem.
743 365 913 415 Liturae‚
945 364 1207 413 inductiones,
1233 362 1616 415 super-inductiones,
1644 375 1742 413 quae

139 430 184 468 in.
214 440 260 468 eo
286 425 541 466 inveniuntur
571 424 650 464 iam
680 424 902 464 testamenti
927 421 1099 462 faciundi
1130 425 1170 460 et
1199 421 1388 473 siquandi
1415 428 1588 472 tempore
1610 420 1742 472 factae

140 494 241 527 sunt.
312 484 589 524 Testamentum
628 482 877 523 scribendum
917 481 1060 520 curavi
1102 492 1181 532 per
1228 478 1445 520 Ventidium
1492 478 1743 532 Campanum,

145 542 503 593 testamentarium,
545 541 646 581 iuris
683 541 910 591 studiosum,
944 570 1109 579 ......
1124 570 1134 590 ,
1174 538 1336 588 Romae,
1377 537 1491 579 Aelio
1521 536 1742 590 Hadriano,

142 602 330 644 Trebatio
362 601 496 641 Prisco
528 612 631 640 0088.

283 659 382 699 XIV.
445 690 454 698 .
484 690 493 698 .
516 663 543 699 t.
586 657 636 698 do
667 657 761 711 lego
794 656 1033 709 damnasque
1064 660 1145 696 esto
1178 655 1358 709 quisquis
1387 654 1481 695 milii
1510 654 1626 695 heres
1656 655 1743 705 erit,

142 719 300 759 dare..
319 749 327 757 .
347 750 356 757 .
387 717 484 769 Imp.
520 716 633 757 Caes.
671 716 848 756 Traiano
881 715 985 767 Aug.
1011 714 1245 755 Germanico
1276 714 1432 753 Dacico
1451 744 1596 754 ......
1626 713 1743 754 Sosio

142 776 351 819 Senecioni
382 774 551 830 singulis
584 806 735 816 ......
768 774 922 826 argenti
955 774 993 813 P.
1028 774 1087 824 V.,
1120 772 1285 814 Otacilio
1317 784 1364 812 or
1402 803 1550 813 ......
1582 780 1621 812 to
1652 784 1743 812 me-

144 835 233 876 dico
267 834 338 875 HS.
372 835 428 879 5<-
460 834 475 875 1
506 865 659 874 ......
692 833 753 874 HS
786 834 881 881 (TC—C,
915 845 966 871 ox
997 844 1048 885 qu
1053 862 1228 872 .......
1259 827 1743 885 AnatelloniiEurota(e)

142 894 294 935 libertis
324 893 412 933 sinc
441 892 522 932 ulla
552 892 790 932 alienatione
824 891 1048 931 dilexerunt
1065 921 1218 931 ......

287 977 415 1014 1796.
475 974 586 1027 Expl.
619 978 730 1014 tesm.
753 970 787 1027 ¹)
820 973 939 1026 partis
971 984 1055 1026 pos.
1071 969 1113 1026 ²)

282 1033 453 1075 lulianus
494 1032 537 1072 V.
571 1032 611 1072 C.
653 1044 772 1072 sanus
814 1032 948 1072 salbus
989 1043 1084 1071 sana
1125 1034 1255 1070 mente
1287 1030 1525 1084 integroque
1566 1029 1746 1082 consilio,

143 1104 296 1133 memor
337 1091 579 1132 condicionis
611 1087 806 1142 omane3)
850 1093 1123 1129 testamentum
1157 1088 1244 1128 feci.
1294 1089 1398 1129 Inter
1430 1094 1564 1129 cetera
1595 1089 1746 1130 civibus

143 1152 255 1192 Prae.
275 1148 313 1205 ³]
346 1150 524 1190 omnibus
558 1149 640 1188 dari
672 1146 819 1202 b0105]
853 1161 904 1187 ex
936 1160 1065 1188 massa
1108 1144 1274 1200 praefi]
1307 1146 1440 1187 kasam
1473 1148 1537 1188 cui
1567 1147 1747 1188 vocabu-

143 1210 219 1250 lem
252 1213 313 1249 est
343 1208 540 1261 Fulgerita
582 1207 750 1260 regioni.
793 1219 917 1259 camp.
951 1211 1043 1246 terr.
1077 1206 1187 1245 Prae.
1204 1203 1243 1259 7)
1277 1206 1328 1245 ita
1368 1211 1411 1246 ut
1442 1205 1489 1246 ad
1521 1206 1747 1246 memoriam

146 1280 273 1308 meam
316 1278 387 1320 per
427 1265 604 1317 singulos
650 1277 775 1306 annos
816 1266 902 1305 sine
943 1265 1063 1305 dubio
1107 1263 1237 1304 colant
1278 1264 1456 1316 spiritum
1499 1277 1650 1316 meum,
1695 1264 1748 1305 ita

145 1322 295 1379 ianas)
330 1329 372 1365 ut
403 1324 612 1364 conlocent
643 1328 769 1365 statua
783 1320 824 1378 9]
858 1324 1014 1363 nomine
1046 1323 1121 1363 mei
1153 1323 1190 1362 in
1223 1321 1311 1363 foro
1335 1327 1374 1362 et
1395 1323 1472 1363 hoc
1493 1324 1620 1376 ipsum
1642 1323 1747 1374 expl.

146 1389 298 1425 testam.
334 1383 530 1423 ascribant
562 1383 613 1423 ibi
646 1386 684 1422 et
706 1394 783 1423 non
808 1383 907 1422 haet.
932 1386 1075 1434 potest.
1100 1381 1330 1421 dextraendi
1348 1378 1405 1435 ¹⁰)
1425 1385 1465 1421 ut
1485 1383 1518 1422 si
1541 1380 1673 1434 quade
1691 1378 1746 1434 ¹¹)

145 1442 306 1483 alienari
339 1442 544 1488 notuerint,
576 1440 694 1482 fiscus
729 1440 943 1493 possideat.
977 1462 1031 1468 —
1065 1443 1265 1479 Praeneste.
1297 1442 1450 1489 Foggini
1484 1442 1575 1479 Fasti
1606 1455 1639 1490 p.
1672 1441 1746 1479 VII.

148 1503 244 1541 Orel.
277 1502 401 1538 4350.
455 1502 600 1548 Legitur
631 1502 664 1538 in
699 1501 771 1538 basi
802 1506 940 1537 statuae
971 1501 1105 1537 Iuliano
1139 1501 1292 1548 positae,
1324 1501 1566 1548 praecedente
1598 1501 1668 1538 hoc
1699 1501 1748 1537 ti-

149 1562 224 1598 tulo
258 1561 474 1597 honorario:
508 1557 639 1598 Iuliani
670 1557 871 1598 Postumio
902 1556 1047 1597 Iuliano
1080 1556 1121 1596 C.
1144 1557 1194 1596 Μ.
1217 1557 1261 1596 V.
1283 1554 1337 1609 ¹²)
1363 1557 1412 1596 ob
1436 1558 1616 1597 meritum
1638 1568 1752 1597 amo-

148 1629 233 1658 rem
267 1621 302 1657 et
337 1616 570 1670 religionem
602 1628 717 1668 quam
759 1628 855 1669 erga
887 1615 994 1655 cibes
1035 1615 1243 1655 universus
1260 1611 1315 1669 ¹3)
1355 1614 1501 1655 habere
1532 1616 1626 1656 satis
1659 1615 1751 1668 dig-

149 1680 264 1715 natus
298 1679 371 1724 est,
404 1675 574 1727 quiquae
592 1672 646 1728 ¹⁴)
680 1678 916 1714 testamento
947 1685 1021 1714 suo
1045 1685 1196 1713 memor
1219 1673 1540 1713 honorificentiae
1562 1671 1749 1728 n...e¹⁵)

147 1734 362 1774 memoriae
392 1733 540 1773 retines
562 1729 615 1786 ¹⁶)
648 1737 962 1784 testamentoque
994 1743 1089 1771 casa
1132 1732 1195 1771 cui
1227 1731 1460 1772 vocabulum
1502 1736 1562 1772 est
1600 1731 1752 1786 Fulge-

148 1793 264 1832 ritain
296 1791 506 1831 territorio
537 1791 806 1831 Praenestino
840 1791 951 1830 nobis
984 1790 1177 1830 universis
1210 1790 1358 1831 cibibus
1391 1802 1491 1843 quos
1515 1802 1656 1842 magna
1676 1789 1750 1830 ad—

147 1849 321 1890 fectione
354 1848 551 1902 diligebat,
582 1849 760 1901 reliquit3
793 1849 940 1901 cuique
974 1849 1022 1889 ob
1055 1848 1191 1888 cadem
1225 1849 1555 1902 contemplatione
1573 1845 1626 1904 17)
1655 1848 1751 1901 *dig-

148 1909 310 1948 nissimo
343 1908 536 1958 Patrono,
579 1908 690 1947 cuins
734 1919 871 1947 omnes
913 1907 1115 1958 requlmus
1135 1903 1189 1960 18)
1233 1906 1502 1947 defensionem
1542 1911 1581 1947 et
1619 1907 1752 1948 vindi-

148 1966 250 2006 cium
271 1961 340 2019 ¹⁹),
374 1970 540 2006 statuam
573 1969 754 2019 prompto
786 1966 914 2005 animo
947 1964 1175 2019 erigendam
1202 1966 1427 2006 censuimus
1450 1965 1538 2019 adq.
1560 1966 1610 2007 ob
1632 1966 1751 2007 nimio

148 2036 284 2064 amore
317 2020 515 2078 civico20)
548 2021 839 2078 secundum²¹)
871 2024 909 2063 in
942 2035 1044 2063 auno
1076 2023 1139 2063 vel
1161 2023 1325 2076 amplius
1346 2025 1522 2065 universi
1541 2025 1675 2065 civx·es
1689 2021 1750 2078 22)

147 2083 259 2123 Prae.
291 2082 473 2134 aepulum
511 2083 760 2123 celebraturi.

292 2159 417 2197 1797.
478 2157 528 2198 Μ.
552 2158 698 2198 Lollius
721 2157 946 2211 Arphocras
978 2157 1022 2198 V.
1055 2157 1094 2198 F.
1128 2157 1165 2199 S.
1181 2154 1241 2212 23)
1276 2163 1315 2198 et
1344 2157 1527 2199 Paelinae
1542 2155 1602 2213 24)
1635 2159 1752 2199 uxori

148 2213 270 2270 V.2⁵]
303 2221 341 2257 et
375 2215 439 2256 lib.
472 2216 652 2256 Iibertab.
687 2222 814 2270 postq.
848 2229 986 2257 eorum
1017 2217 1066 2257 M.
1100 2216 1137 2258 S.
1170 2217 1208 2257 S.
1241 2216 1283 2257 Ε.
1315 2216 1358 2256 Η.
1391 2217 1435 2257 Ν.
1469 2214 1580 2271 826)
1621 2229 1751 2271 neque

150 2274 217 2316 ulli
238 2274 344 2328 lique
356 2271 482 2327 bit27]
505 2275 709 2316 locationis
740 2288 858 2316 causa
890 2276 928 2315 in
960 2276 1069 2316 annis
1102 2279 1258 2316 centum
1281 2275 1518 2329 quandoque
1540 2280 1752 2317 transven-

292 2438 328 2480 1)
355 2439 554 2482 Exemplum
579 2440 781 2473 testamenti.
817 2456 859 2461 —-
895 2439 932 2479 2)
959 2439 1031 2473 Nou
1058 2439 1178 2485 liquet3
1214 2438 1376 2473 soi-lasse:
1411 2442 1512 2484 partis
1545 2441 1750 2484 posterioris.

152 2502 193 2508 -—
221 2483 260 2524 3)
284 2496 365 2530 pro:
393 2487 569 2520 humanae.
607 2504 646 2508 ——
681 2488 718 2526 4)
747 2487 979 2520 Praenestinis.
1017 2505 1055 2509 —
1093 2488 1130 2527 5)
1156 2496 1235 2531 pro:
1262 2486 1350 2519 volo.
1386 2504 1426 2510 —
1462 2486 1500 2530 6)
1526 2487 1751 2522 Praenestina.

152 2548 194 2554 —
210 2530 248 2574 '')
275 2534 423 2575 regionis
450 2535 647 2575 campestris
667 2533 916 2566 Praenestinae.
933 2550 971 2554 —
989 2533 1028 2574 8)
1047 2540 1169 2567 tamen.
1196 2549 1240 2554 —
1265 2533 1302 2575 9]
1320 2539 1474 2568 statuam.
1501 2551 1544 2556 —-
1573 2535 1632 2576 ¹0)
1652 2533 1752 2568 Orel-

152 2579 213 2612 lius
238 2579 399 2622 explicat:
428 2585 462 2612 et
487 2590 551 2612 nou
579 2579 724 2613 habeant
742 2586 944 2624 potestatem
965 2580 1173 2614 detrahendi.
1203 2597 1242 2601 —
1271 2579 1330 2621 11)
1350 2591 1429 2623 pro:
1456 2580 1601 2626 quando.
1629 2599 1669 2604 —-
1692 2579 1750 2622 12)

153 2625 355 2659 clarissimae
381 2628 565 2659 memoriae
592 2629 675 2659 viro.
703 2645 743 2648 —
783 2627 844 2666 13)
869 2637 943 2670 pro:
973 2629 1064 2660 cives
1090 2629 1274 2660 universos.
1302 2644 1342 2649 —
1371 2625 1431 2667 14)
1459 2629 1594 2672 quique.
1621 2645 1662 2650 —
1692 2626 1750 2669 15)

154 2677 281 2705 iwstrae
306 2672 440 2716 supplet
466 2671 556 2706 Orcl.
584 2690 625 2695 -
655 2671 713 2714 16)
738 2674 897 2707 retinens.
923 2692 966 2695 —
993 2674 1053 2715 17)
1079 2673 1213 2707 ablativ.
1233 2684 1294 2718 pro
1313 2676 1517 2709 accusativo.
1545 2691 1584 2697 ——
1613 2672 1673 2716 18)
1694 2685 1751 2708 re-

154 2719 322 2762 quirimus,
350 2737 389 2741 —
421 2718 480 2760 19)
505 2730 586 2763 pro:
613 2720 802 2754 vindiciam.
830 2737 870 2742 ——
899 2719 959 2761 20)
984 2721 1089 2764 adque
1112 2721 1228 2753 obicum
1252 2732 1362 2754 artiore
1385 2721 1489 2753 civico
1521 2720 1631 2764 Fogg.
1666 2721 1751 2755 Male

153 2764 261 2808 siquid
289 2765 402 2798 video.
438 2765 496 2798 Est
522 2767 631 2808 potius
656 2773 750 2810 alque
774 2766 809 2799 ob
834 2767 935 2799 nimio
960 2779 1078 2807 ιιηιονσ,
1105 2773 1141 2800 ut
1165 2778 1264 2811 supra
1289 2767 1323 2800 ob
1344 2767 1451 2800 cadem
1470 2767 1750 2812 contemplatione.

155 2808 244 2844 Orel.
273 2828 312 2833 —-
340 2811 401 2854 21)
428 2814 448 2844 i.
474 2823 502 2845 e.
531 2813 589 2845 bis.
617 2830 657 2834 —-
685 2813 747 2855 22)
773 2814 820 2846 sic
845 2823 923 2857 pro:
961 2815 1062 2846 cives.
1088 2830 1132 2834 —
1158 2814 1219 2857 23)
1246 2816 1340 2848 vivus
1367 2814 1445 2847 fecit
1469 2813 1542 2846 sibi.
1574 2831 1614 2837 -
1641 2813 1703 2856 24)
1729 2816 1749 2847 i.

156 2866 184 2887 e.
211 2856 379 2892 Paulinae.
417 2857 508 2892 Orel.
545 2876 586 2881 ——
622 2859 683 2900 25)
709 2861 820 2893 vivae.
857 2877 895 2881 —-
930 2859 991 2902 26)
1019 2867 1268 2895 monumentum
1293 2862 1365 2894 sive
1390 2860 1581 2904 sepulcrum
1611 2866 1662 2894 est
1686 2860 1749 2894 he-

156 2901 253 2936 redes
277 2914 344 2938 non
369 2907 528 2950 sequitur.
554 2921 597 2929 -
624 2904 684 2947 27)
710 2917 789 2950 pro:
816 2905 942 2940 licebit.
