1877 3313
205 181 286 223 106
538 178 642 212 Inscr.
667 186 795 212 sacrae.
844 176 923 223 Cap.
949 177 1004 212 111.
1056 176 1154 211 Tituli
1178 176 1396 221 sepulcrales.

201 288 253 327 sis
285 289 324 326 et
354 284 629 339 Aquitanicae,
667 283 759 323 item
791 283 982 325 tabulario
1014 283 1241 336 provinciae
1270 282 1494 323 Lusitaniae
1525 284 1570 324 H.
1603 283 1641 325 S.
1672 283 1717 325 E.
1749 283 1788 326 S.

202 346 242 385 T.
275 345 318 385 T.
349 344 391 383 L.
412 341 447 397 1)
479 343 587 394 Ulpia
617 341 682 382 Pia
712 342 869 396 coniugi
900 342 940 382 F.
974 340 1070 396 Οἳ)
1103 363 1158 370 —
1190 344 1290 380 Doni.
1321 344 1371 380 Cl.
1403 344 1445 381 V.
1475 356 1508 381 n.
1543 344 1634 382 126.
1680 345 1789 382 More.

202 405 265 454 Op.
298 416 353 453 ep.
384 404 425 440 ΙΙ.
459 403 523 439 86.

341 479 433 515 912.
493 475 561 515 Dis
591 475 771 516 Manibus
802 488 968 517 sacrum.
1002 475 1048 516 A.
1081 475 1263 516 Menenio
1295 474 1343 515 A.
1375 475 1416 515 F.
1451 472 1592 529 Qui.3)
1626 475 1790 528 Capitio,

200 535 401 576 horreario
445 534 580 586 ple.et
620 534 706 573 trib.
750 533 825 575 Pal.
841 531 881 588 4)
924 535 1010 574 Vix.
1056 546 1116 573 an.
1157 533 1236 573 XL.
1269 534 1319 574 M.
1351 533 1443 574 Vlll.
1474 534 1653 575 Menenia
1684 533 1791 576 lunia

200 594 334 647 Tyche
366 593 504 632 marito
536 591 763 632 dulcissimo
792 604 878 645 pos.
911 616 966 621 ——
998 595 1139 631 Romae.
1185 595 1269 630 Mur.
1300 607 1335 642 p.
1367 594 1462 631 964.
1508 594 1605 631 Oret.
1637 594 1761 631 3214.

337 671 430 707 913.
489 667 536 708 D.
578 667 628 708 M.
670 667 863 709 Caesenni
893 668 1046 721 Eugeni
1084 667 1279 708 mensoris
1310 667 1455 720 publici
1485 667 1708 708 Florentius
1737 667 1790 708 li-

196 727 347 768 bertus.
378 749 433 756 -—-
466 728 576 765 Comi.
608 728 761 766 Bianchi.
791 729 908 765 Marm.
941 729 1055 765 Crem.
1085 740 1117 775 p.
1155 727 1245 764 128.
1293 727 1388 765 Orel.
1422 728 1546 765 3224.

337 804 428 841 914.
488 801 535 841 D.
568 801 618 842 M.
650 802 885 855 Primigenio
912 801 1061 842 lustrali
1079 797 1117 853 5)
1150 800 1282 853 Augg.
1314 800 1361 840 N.
1394 799 1491 842 Alfia
1516 800 1790 842 Verecundina

197 861 296 916 patri
325 860 581 914 pientissimo.
612 884 667 890 —
697 863 839 899 Romae.
871 863 970 899 Fabr.
1002 874 1035 910 p.
1070 861 1162 898 326.
1209 861 1304 898 Orel.
1336 861 1460 898 2452.

609 1018 645 1057 5⁸.
676 1013 713 1052 8.
765 1014 1052 1062 Mayz'slratuum
1082 1012 1373 1060 municipalium.

332 1147 426 1185 915.
485 1144 531 1186 A.
554 1145 714 1186 Clodius
736 1144 783 1185 A.
807 1145 848 1185 F.
880 1145 983 1185 Men.
1017 1144 1178 1186 Flaccus
1210 1143 1239 1184 ΙΙ
1270 1144 1331 1184 vir
1360 1142 1386 1184 1.
1419 1144 1464 1184 D.
1497 1147 1558 1184 ter
1588 1140 1788 1199 Quinq.⁶)

195 1204 301 1245 Trib.
333 1204 409 1244 mil.
441 1216 463 1244 a
494 1204 652 1257 populo.

329 1263 457 1303 Primo
489 1263 735 1303 duumviratu
765 1260 1017 1314 Apollinarib.
1049 1262 1086 1301 in
1121 1260 1209 1302 foro
1242 1273 1420 1314 pompam
1452 1264 1611 1313 tauros,
1650 1265 1789 1302 tauro-

195 1325 350 1371 centaS,
383 1332 660 1371 succursores,
693 1321 893 1373 pontarios
924 1321 1030 1373 paria
1061 1319 1119 1360 ΙΙΙ.
1152 1320 1306 1373 pugiles
1339 1319 1582 1359 catervarios
1613 1323 1653 1359 et
1683 1332 1789 1373 pyc-

192 1383 251 1419 tas
283 1379 397 1419 ludos
429 1380 610 1420 omnibus
641 1379 875 1419 acruamatis
907 1379 1192 1431 pantomimisq.
1226 1377 1405 1418 omnibus
1428 1382 1467 1417 et
1489 1376 1636 1431 Pylade
1657 1383 1696 1418 et
1714 1378 1788 1419 HS.

194 1436 238 1477 N.
272 1436 412 1478 CCIOO
444 1437 482 1477 in
514 1437 709 1489 publicum
740 1449 812 1489 pro
845 1436 1104 1476 duomviratu.

333 1495 514 1537 Secundo
548 1495 792 1536 duomviratu
825 1492 1016 1549 Quinq.6)
1050 1494 1343 1547 Apollinaribus
1385 1493 1423 1533 in
1466 1492 1557 1534 foro
1593 1505 1788 1546 pompam,

194 1558 341 1605 tauros,
373 1553 581 1604 taurarios,
613 1565 889 1600 succursores,
922 1553 1076 1606 pugiles
1109 1553 1373 1601 catervarios;
1404 1556 1551 1604 poster.
1584 1551 1646 1591 die
1677 1552 1788 1593 solus

193 1613 231 1652 in
264 1611 498 1664 spectaculis
530 1611 710 1662 athletas,
742 1624 823 1664 par.
846 1610 956 1650 XXX
980 1611 1083 1664 glad.
1107 1623 1187 1663 par.
1212 1611 1256 1650 V.
1282 1615 1319 1650 et
1341 1609 1499 1663 gladiat.
1522 1622 1605 1662 par.
1627 1609 1786 1650 XXXV.

194 1675 233 1710 et
263 1671 458 1711 venation.
488 1675 636 1719 tauros,
669 1674 931 1719 taurocentas,
964 1681 1093 1722 apros,
1126 1681 1255 1720 ursos,
1287 1673 1421 1708 cetera
1449 1668 1659 1708 venatione
1678 1669 1788 1710 varia

193 1741 278 1768 cum
313 1728 477 1782 collega.
511 1728 643 1768 Tertio
677 1727 922 1768 duomviratu
954 1727 1066 1768 ludos
1098 1726 1269 1767 factione
1300 1727 1422 1779 prima
1454 1725 1617 1767 adiectis
1640 1739 1787 1767 acrua-

192 1788 305 1827 matis
337 1799 425 1827 cum
459 1786 624 1841 collega.

332 1844 464 1885 Clodia
504 1843 550 1884 A.
593 1844 633 1884 F.
674 1843 749 1884 boc
789 1848 1078 1884 monumentum
1119 1856 1190 1883 sua
1222 1844 1396 1895 impensa
1428 1841 1502 1884 sibi
1533 1847 1573 1883 et
1602 1843 1698 1884 suis.
1730 1865 1787 1874 —

192 1906 377 1954 Pompeiis.
425 1906 514 1942 Gud.
546 1918 578 1954 p.
616 1905 707 1941 106.
752 1904 900 1941 Bimard.
932 1905 964 1941 in
998 1905 1081 1940 Mur.
1114 1905 1256 1951 Proleg.
1287 1916 1320 1952 p.
1357 1903 1419 1940 12.
1466 1903 1562 1940 Orel.
1593 1903 1717 1941 2530.

331 1980 426 2018 916.
488 1977 554 2019 Cn.
597 1978 797 2018 Trebonio
835 1977 964 2018 Firmo
1007 1983 1045 2017 et
1087 1977 1172 2017 Vol.
1213 1976 1456 2017 lantumarae
1488 1976 1529 2017 C.
1563 1976 1786 2018 Trebonius

190 2038 355 2079 Faustus
383 2038 415 2078 ΙΙ
435 2037 560 2077 virum
575 2033 615 2090 τ)
646 2041 683 2076 et
705 2035 831 2076 Praef.
855 2034 880 2075 I.
903 2035 947 2075 D.
962 2032 1003 2089 8]
1037 2036 1199 2076 civitatis
1225 2031 1456 2089 Agount.⁹)
1488 2036 1679 2088 parentib.
1709 2048 1787 2090 op-

191 2097 268 2137 tim.
301 2100 340 2136 et
369 2096 442 2136 sibi
473 2100 510 2135 et
544 2095 762 2136 Treboniae
793 2094 948 2135 Maximi
981 2095 1020 2133 F.
1054 2094 1252 2134 Exoratae
1276 2094 1433 2146 coniugi
1453 2092 1558 2133 fecit.
1593 2117 1642 2123 —
1676 2096 1786 2142 Seou,

189 2169 280 2194 nunc
311 2156 345 2193 in
377 2157 547 2204 antiquar.
582 2157 781 2192 illonacens.
828 2154 923 2190 Oret.
958 2154 1080 2191 3871.
1127 2166 1159 2190 v.
1192 2155 1326 2191 Hesner
1357 2155 1454 2190 Rom.
1487 2154 1699 2191 Denkmiiler
1729 2155 1783 2192 in:

191 2216 411 2261 Oberbayer.
443 2215 587 2251 Archiv.
621 2215 678 2250 VI.
709 2227 743 2262 p.
775 2213 868 2249 250.

329 2289 423 2326 917.
482 2287 528 2327 D.
562 2288 611 2328 M.
643 2287 693 2327 M.
728 2286 866 2327 Caesio
888 2285 939 2326 M.
961 2285 1000 2325 F.
1024 2285 1099 2325 Pal.
1123 2285 1282 2339 Magno,
1307 2284 1338 2325 Il
1366 2285 1436 2325 vir.
1463 2285 1488 2325 I.
1517 2284 1565 2326 D.
1584 2282 1640 2339 ¹⁰]
1662 2284 1694 2326 Π
1714 2286 1784 2328 vir.

191 2343 338 2399 QQ.¹¹)
371 2346 430 2386 IV.
459 2345 671 2385 Tamudiae
693 2345 743 2385 M.
764 2345 803 2384 F.
827 2344 997 2385 Severac
1022 2343 1218 2383 sacerdot..
1252 2343 1393 2395 public.
1428 2343 1563 2384 Cerer.
1596 2344 1646 2385 M.
1680 2343 1786 2385 Cae-

190 2406 271 2446 sius
302 2405 483 2458 MagnuS‚
516 2404 652 2443 Caesia
685 2404 832 2445 Severa
864 2403 1090 2455 parentibus
1122 2402 1169 2441 D.
1203 2401 1250 2441 D.
1281 2402 1351 2442 bis.
1385 2425 1439 2430 —-
1472 2405 1655 2442 Amiterni.
1687 2406 1784 2443 Grut.

190 2478 224 2515 p.
257 2466 349 2503 380.
398 2465 492 2501 Orel.
527 2464 648 2500 3823.

331 2625 366 2669 1)
392 2626 455 2660 Hic
480 2627 560 2659 situs
586 2630 648 2659 est.
674 2626 721 2658 Sit
746 2624 803 2658 tibi
829 2630 919 2658 terra
944 2624 1041 2657 levis.
1069 2641 1108 2645 -
1136 2620 1173 2664 2)
1193 2623 1382 2656 faciendum
1407 2624 1548 2657 curavit.
1575 2640 1616 2647 —-
1642 2621 1681 2666 3)
1700 2624 1784 2666 Qui-

194 2675 262 2707 rina
288 2674 386 2707 tribu.
412 2690 456 2694 —-
481 2673 520 2715 4)
546 2672 650 2705 tribus
675 2672 857 2705 Palatinae.
884 2670 973 2704 Orel.
1009 2687 1048 2692 —
1084 2668 1120 2711 5)
1147 2669 1305 2702 Fabreuo
1331 2676 1365 2703 et
1390 2668 1515 2703 Orellio
1540 2670 1707 2704 Lustrales
1730 2673 1784 2704 in-

191 2726 241 2753 ter
266 2722 432 2753 ministros
457 2729 628 2752 sacrorum
654 2719 854 2752 numerandi
886 2718 1061 2758 videntur3
1094 2715 1294 2749 Forcellinio
1329 2714 1379 2755 (in
1404 2716 1469 2750 lex.
1495 2728 1521 2750 S.
1548 2714 1598 2760 v.)
1631 2718 1703 2750 auri
1729 2717 1783 2751 lu-

190 2766 299 2800 stralis
325 2773 498 2800 coactores
523 2771 609 2798 sunt.
638 2783 678 2787 —
713 2764 750 2806 6)
777 2763 1051 2809 quinquennalis.
1079 2779 1118 2784 —
1153 2761 1191 2803 7)
1217 2761 1359 2796 Orellius
1385 2769 1579 2806 corruptum
1603 2763 1783 2797 arbitratus

190 2814 351 2846 coniecit:
379 2813 415 2846 11
436 2814 488 2846 vir
512 2813 637 2845 ilerum.
664 2811 729 2843 Sed
756 2811 892 2845 Heiner.
919 2815 1011 2844 recte
1036 2819 1097 2852 pro
1123 2810 1225 2851 genit.
1253 2809 1376 2852 plurali
1401 2811 1533 2853 accipit,
1559 2815 1595 2842 ut
1619 2816 1670 2844 est
1694 2810 1783 2854 apud

193 2857 276 2892 Geli.
303 2859 341 2892 N.
369 2861 407 2892 Α.
436 2860 472 2901 I.,
502 2858 553 2891 12.
579 2859 672 2891 cuius
697 2863 790 2897 pater
815 2858 998 2890 flamen...
1025 2861 1081 2888 aut
1105 2854 1416 2900 quindecimvirum.
1444 2873 1484 2878 --
1512 2854 1551 2898 8)
1575 2857 1638 2889 iuri
1664 2856 1782 2890 dicun·
1850 2877 1852 2903 5

194 2905 249 2938 do.
288 2922 329 2927 —
364 2904 400 2947 9)
434 2906 656 2949 Agountinae.
685 2921 725 2928 —
760 2903 819 2947 10)
845 2904 1020 2938 duumviro
1045 2903 1108 2936 iuri
1133 2901 1288 2936 dicundo.
1316 2921 1356 2927 —-
1394 2900 1452 2944 11)
1480 2902 1656 2936 duumviro
1683 2904 1783 2948 quin·
1849 2906 1852 2918 ¹

193 2951 350 2997 quennali
376 2959 540 2997 quartum.
