1877 3313
214 199 245 240 §.
271 198 302 232 6.
350 196 375 231 T
380 196 449 232 ituli
475 196 645 231 honorarii
669 197 700 230 in
725 197 845 230 statuis
871 195 1010 241 aliisque
1037 196 1259 230 monumentis
1283 194 1480 229 honorariis.
1565 193 1646 236 169

197 305 317 342 1459.
379 302 418 344 C.
458 302 640 343 Umbrius
681 301 899 343 Eudrastus
940 301 1190 353 Fortunatus,
1231 299 1294 342 IIII
1324 301 1403 351 vir,
1445 312 1650 342 mensuras

54 362 145 416 lege
178 362 342 402 civitatis
374 362 534 414 proprio
575 365 715 402 sumtu.
758 382 813 388 —
853 363 1027 410 Compsae
1069 363 1101 398 in
1144 361 1307 410 Hirpinis.
1352 361 1449 398 Grut.
1488 373 1521 409 p.
1553 361 1648 399 223.

55 423 162 460 More.
193 423 269 459 Stil.
300 422 449 458 CCXXI.

199 498 322 536 1460.
381 496 425 536 L.
462 494 608 536 Gellius
640 494 680 534 L.
712 494 753 534 F.
785 493 980 535 Poblicola
1022 495 1063 534 C.
1097 493 1301 535 Caedicius
1341 493 1383 534 C.
1413 493 1454 533 F.
1485 492 1647 534 Duovir.

55 567 108 595 ex
138 554 176 597 S.
211 554 250 594 C.
284 553 461 607 pondera
494 558 533 593 et
565 558 687 593 metra
719 557 1006 605 exaequarunt,
1038 552 1164 592 eidem
1197 552 1245 591 cle
1277 564 1345 593 sua
1371 551 1534 605 pecunia
1568 563 1649 604 po-

54 613 183 653 nenda
226 616 423 652 curarunt.
468 635 517 639 —
562 614 600 650 In
643 625 732 661 agro
775 613 1021 660 Minturnan03
1061 614 1093 650 in
1136 614 1252 662 lapide
1294 616 1480 650 excavato.
1526 612 1648 649 Bullet.

55 674 210 710 arcbcol.
247 671 368 709 1841.
400 684 433 720 p.
471 671 563 708 170.

53 830 90 868 §-
122 824 156 861 6.
218 823 328 860 Tituli·
357 823 553 860 honorarii
583 825 624 859 in
653 824 786 860 statuis
819 823 979 870 aliisque
1018 824 1262 859 monumentis
1303 823 1538 867 honorariis,
1579 833 1651 858 ex-

53 884 168 931 ceptis
198 883 246 919 iis
276 883 340 930 qua·
370 893 486 930 supra
516 886 552 924 §-
574 881 592 918 1
623 883 720 919 inter
752 892 865 929 opera
892 881 1044 929 publica
1075 881 1177 918 urbis
1202 882 1340 918 Romae
1373 886 1652 927 enumerantur,

730 945 763 977 et
804 940 977 990 quidem:

168 1055 209 1089 A.
258 1055 513 1098 Principum
541 1054 742 1088 divorum
767 1060 807 1087 et
833 1055 1033 1088 vivorum
1060 1064 1149 1087 cum
1177 1054 1298 1087 domo
1325 1053 1540 1097 Augusta.

194 1151 317 1188 1461.
380 1148 420 1189 C.
455 1148 549 1188 lulio
583 1148 741 1189 Caesari
772 1148 882 1189 Pont.
915 1160 1016 1189 max.
1049 1147 1151 1188 Patri
1183 1148 1346 1201 patriae.
1379 1171 1434 1178 -—
1467 1149 1650 1186 Brundisii.

54 1210 138 1247 Mur.
171 1210 266 1246 219.
319 1210 413 1245 Orel.
447 1209 540 1245 581.

335 1284 455 1322 1462.
516 1282 617 1322 Divo
648 1282 743 1322 Iulio
775 1280 1027 1335 Augustales.

515 1340 614 1380 Divo
646 1339 831 1393 Augusto
864 1338 1119 1392 Augustales.

56 1422 106 1429 --
142 1402 341 1439 Herculani.
390 1401 505 1437 Mafsei
536 1402 603 1437 Tre
634 1401 763 1436 lettere
794 1413 827 1448 p.
860 1399 925 1436 27.
972 1399 1067 1436 Orel.
1101 1398 1194 1436 610.

195 1477 316 1514 1463.
377 1473 544 1515 Senatus
576 1473 826 1526 Populusque
859 1485 1047 1513 romanus
1078 1471 1170 1525 Imp.
1204 1470 1362 1512 Caesari
1394 1471 1472 1511 divi
1502 1470 1587 1512 Iulii
1612 1471 1653 1512 F.

53 1534 142 1575 Cos.
176 1534 319 1586 quinct.
355 1532 445 1573 Cos.
480 1531 632 1585 design.
665 1544 749 1572 sex.
771 1529 804 1584 ¹)
835 1531 927 1584 Imp.
961 1536 1061 1584 sept.
1093 1530 1295 1584 republica
1327 1535 1575 1570 conservata.
1597 1550 1654 1560 --

53 1596 195 1631 Romae.
242 1594 281 1630 In
313 1604 489 1629 marmore
520 1593 624 1629 Pario
657 1593 768 1637 longo
801 1593 881 1640 ped.
912 1592 971 1629 IX.
1003 1592 1118 1640 spisso
1147 1592 1229 1640 ped.
1252 1591 1294 1628 11.
1341 1592 1478 1628 Gruter.
1500 1603 1534 1640 p.
1555 1590 1653 1639 226,

60 1654 95 1690 5.
140 1653 249 1689 More.
280 1652 355 1688 Stil.
386 1651 522 1688 LXXII.
569 1651 665 1687 Orel.
700 1651 793 1686 596.

200 1727 320 1764 1464.
381 1724 418 1765 S.
450 1725 490 1765 P.
525 1724 569 1772 Q.
601 1725 646 1764 R.
689 1724 872 1778 Augusto
914 1722 989 1764 deo
1023 1724 1201 1777 clupeum
1244 1724 1397 1764 virtutis
1439 1723 1556 1764 dedit.
1597 1746 1653 1754 —

56 1786 241 1824 Potentiae
272 1786 306 1822 in
341 1786 541 1832 fragmento
574 1786 715 1822 tabulae
747 1796 980 1822 marmoreae.
1031 1785 1205 1832 Borghesi
1244 1785 1337 1833 apud
1378 1785 1547 1821 Gerhard.
1578 1784 1653 1821 Ar-

57 1845 194 1882 chaeol.
225 1844 341 1891 Zeitg.
377 1843 499 1880 1841.
529 1856 564 1892 p.
598 1843 692 1880 241.

199 1919 321 1956 1465.
383 1916 475 1970 lmp.
509 1917 669 1957 Caesari
699 1917 884 1970 Augusto
916 1917 992 1957 divi
1036 1917 1076 1956 F.
1109 1915 1284 1956 Pontifici
1315 1928 1521 1967 maxumo,
1562 1916 1654 1956 Tri-

53 1976 181 2017 bunio.
214 1979 410 2029 potestate
441 1975 523 2015 XV.
555 1974 647 2029 Imp.
679 1975 775 2015 XIII.
808 1975 856 2015 M.
888 1975 1005 2016 Iulius
1029 1976 1136 2029 regis
1159 1975 1286 2015 Donni
1306 1974 1347 2015 F.
1373 1974 1505 2015 Cetius
1527 1975 1653 2015 Prae-

53 2034 182 2075 fectus
214 2034 464 2083 ceivitatium,
497 2046 598 2086 quae
631 2034 877 2086 subscriptae
909 2039 1013 2084 sunt,
1046 2033 1319 2085 Seguviorum,
1351 2032 1652 2085 Segusinorum,

52 2092 298 2142 Belacorum,
331 2091 568 2145 Caturigum,
599 2091 876 2143 Medullorum,
909 2092 1191 2142 Tebaviorum,
1223 2090 1478 2142 Adauatium‚
1509 2091 1652 2131 Savin-

53 2151 217 2201 catium,
249 2149 525 2203 Egdiniorum,
556 2151 872 2201 Veaminiorum,
905 2150 1222 2199 Venisamorum,
1251 2149 1537 2200 Hemeriorum,
1567 2149 1653 2189 Ve-

51 2209 317 2259 subianorum,
350 2208 593 2256 Quadiatium
627 2213 663 2248 et
697 2210 902 2249 ceiviiates
934 2221 1038 2261 quae
1070 2208 1142 2249 sub
1175 2219 1223 2248 eo
1246 2207 1450 2248 Praefecto
1478 2206 1649 2248 fuerunt.

50 2270 208 2306 Fornicis
241 2269 406 2317 Segusini
438 2269 633 2318 inscriptio.
679 2269 794 2306 Masfei
825 2270 911 2306 illus.
943 2270 1027 2306 Ver.
1055 2281 1088 2317 p.
1113 2268 1206 2305 324.
1253 2269 1361 2305 More.
1393 2268 1468 2305 Stil.
1499 2268 1651 2306 LXXIII.

54 2328 150 2365 Orel.
184 2327 279 2364 626.

194 2403 315 2440 1466.
375 2401 605 2454 Imperatori
639 2400 799 2441 Caesari
832 2401 909 2441 divi
939 2401 980 2441 F.
1012 2400 1115 2453 Aug.
1146 2399 1321 2441 Pontifici
1344 2401 1526 2451 maximo,
1558 2399 1651 2453 Imp.

49 2459 161 2501 XIIII.
194 2459 435 2499 Tribunitiae
468 2460 675 2512 potestatis
707 2459 821 2509 XVII.
855 2459 893 2501 S.
925 2460 965 2500 P.
1000 2459 1045 2507 Q.
1078 2459 1122 2499 R.
1165 2458 1269 2511 quod
1308 2459 1392 2499 eius
1425 2458 1544 2500 ductu
1575 2471 1652 2498 au-

50 2518 262 2570 spiciisque
294 2522 436 2571 gentes
469 2517 637 2571 Alpinae
678 2529 838 2567 omnes,
883 2530 982 2570 quae
1024 2530 1045 2558 a
1078 2517 1173 2557 mari
1214 2529 1359 2569 supero
1402 2516 1450 2556 ad
1482 2516 1651 2557 inferum

50 2576 310 2629 pertinebant,
344 2575 416 2616 sub
449 2576 655 2628 imperium
686 2588 777 2629 pop.
810 2588 908 2616 roni.
941 2581 1030 2616 sunt
1061 2575 1256 2615 redactae.
1309 2575 1455 2615 Gentes
1488 2574 1652 2626 Alpinae

49 2634 250 2674 devictae:
284 2633 547 2686 Triumpilini‚
580 2634 765 2684 Camuni,
795 2634 1015 2684 Venostes,
1048 2634 1300 2674 Vennonetes
1332 2634 1462 2682 Isarci,
1494 2632 1652 2685 Breuni,

51 2691 285 2743 Genaunes,
327 2692 569 2740 Focunates3
618 2692 910 2733 vindelicorum
952 2696 1093 2745 gentes
1134 2697 1324 2744 quatuor3
1368 2691 1653 2743 Consuaneies,

1 2780 3 2794 1
49 2749 276 2801 Rucinates‚
306 2749 483 2799 Licates,
516 2750 748 2801 Catenates,
781 2750 1046 2799 Ainbisuntes,
1079 2749 1265 2802 Rugusci,
1297 2750 1500 2800 Suanetes,
1533 2748 1653 2790 Calu-

49 2819 183 2859 cones,
214 2808 436 2859 Brixentes,
458 2808 652 2860 Lepontii,
682 2808 824 2860 Viberi,
846 2808 1074 2859 Nantuates,
1097 2807 1255 2859 Seduni,
1284 2808 1461 2861 Veragri,
1491 2807 1650 2860 Salassi,

188 2968 225 3012 1)
250 2982 282 3005 u.
308 2982 336 3004 c.
362 2971 439 3005 725.
