1877 3313
163 172 248 214 260
610 169 713 203 Inscr.
738 170 908 214 profanae.
957 170 1037 214 Cap.
1062 170 1102 204 II.
1152 170 1310 204 Tabulae.

164 275 335 330 quoquid
367 274 491 328 magis
522 273 574 314 iei
615 273 720 325 dent,
757 275 985 327 praebeant,
1027 275 1073 315 ab
1104 275 1229 315 ieisve
1261 273 1487 326 auferatur,
1520 275 1619 316 nisei
1649 275 1754 328 quod

162 347 234 375 eos
265 347 318 373 ex
347 332 438 386 lege
468 332 596 372 Portia
628 331 723 372 dare
753 334 947 386 praebere
979 337 1136 386 oportet
1168 333 1376 385 oportebit.

302 390 412 438 Quae
443 390 554 443 leges
596 389 781 443 qnodque
822 393 883 432 ius
915 404 1095 444 quaeque
1127 391 1373 432 consuetudo
1406 391 1449 431 L.
1484 391 1631 431 Marcio
1663 391 1754 433 Sex.

161 449 256 490 Iulio
287 461 391 489 coss.
422 450 524 488 inter
553 449 672 488 civeis
714 448 912 491 Romanos
945 455 983 490 et
1013 450 1250 490 Terinenses
1290 449 1458 490 maiores
1489 448 1638 490 Pisidas
1669 449 1754 501 fuit,

161 506 323 548 eaedem
354 507 466 559 leges
500 505 706 558 eidemque
736 507 823 547 ious
856 508 1072 560 eademque
1102 507 1351 547 consuetudo
1385 508 1487 548 inter
1517 508 1649 547 ceives
1680 519 1754 548 ro—

160 577 299 605 manos
338 570 377 605 et
408 565 646 605 Termenses
691 566 858 606 maiores
899 566 1046 606 Pisidas
1087 571 1197 614 esto;
1240 565 1424 618 quodque
1466 566 1686 618 quibusque
1717 566 1755 605 in

160 624 281 664 rebus
312 623 435 664 loceis
468 623 598 677 agreis
630 622 840 664 aecliiicieis
884 623 1061 677 oppideis
1104 625 1225 664 iouris
1257 623 1526 664 Termensium
1567 625 1754 664 maiorum

160 680 373 722 Pisidarum
404 681 477 721 ieis
507 680 758 732 consulibus,
789 684 879 734 quei
911 694 1027 735 supra
1059 682 1219 734 scriptei
1250 687 1363 733 sunt,
1405 682 1496 731 fuit,
1536 681 1639 735 quod
1672 683 1755 722 eius

160 744 320 793 praeter
349 739 436 780 loca
468 751 589 791 agros
621 739 793 779 aedificia
823 740 921 792 ipsei
952 753 1021 781 sua
1054 740 1256 780 voluntate
1287 741 1334 780 ab
1367 752 1411 780 se
1444 753 1520 780 non
1553 739 1755 780 abaliena—

160 802 274 848 runt,
313 796 416 838 idem
448 798 486 837 in
518 796 656 838 iisdem
688 798 807 838 rebus
848 798 969 839 loceis
1011 801 1141 851 agreis
1183 798 1393 839 aedificieis
1435 798 1612 852 oppideis
1651 798 1754 838 Ter-

160 856 351 896 mensium
390 857 579 896 maiorum
617 855 832 896 Pisidarum
866 857 952 897 ious
985 862 1094 907 esto,
1136 861 1174 896 et
1206 868 1282 908 quo
1315 858 1442 897 minus
1475 869 1543 907 ea,
1586 869 1687 909 quae
1717 857 1755 896 in

160 913 237 954 hoc
268 915 396 966 capite
428 915 572 967 sei·Ipta
603 919 708 964 sunt,
740 914 790 953 ita
822 915 898 954 sint
927 914 1031 964 fiant,
1066 916 1149 955 eius
1182 914 1253 954 bac
1284 914 1375 967 lege
1396 914 1555 955 nibilum
1578 918 1753 967 rogatur.

161 971 287 1020 Quam
318 973 448 1026 legem
480 972 691 1025 portorieis
723 972 977 1012 terrestribus
999 973 1304 1024 maritimeisque
1326 973 1563 1013 Termenses
1585 973 1755 1013 maiores

159 1029 339 1071 Phisidae
371 1030 599 1083 capiundeis
642 1031 740 1070 intra
779 1042 875 1070 suos
912 1030 1024 1070 fineis
1057 1030 1295 1080 deixserint,
1339 1043 1384 1070 ea
1415 1031 1481 1070 lex
1511 1030 1583 1070 ieis
1613 1034 1756 1084 porto-

160 1089 256 1128 rieis
297 1088 525 1142 capiundeis
568 1093 677 1139 esto,
718 1088 808 1127 dum
840 1089 903 1127 nei
935 1088 1025 1139 quid
1057 1088 1209 1140 portori
1241 1089 1288 1127 ab
1320 1089 1391 1129 icis
1425 1089 1623 1141 capiatur,
1665 1088 1755 1140 quei

159 1146 312 1199 publica
333 1147 467 1200 populi
496 1147 648 1188 romani
680 1145 884 1200 vectigalia
915 1145 1117 1198 redempta
1149 1146 1357 1197 habebunt,
1389 1158 1489 1199 quos
1521 1158 1592 1199 per
1618 1158 1755 1187 eorum

160 1203 273 1246 fineis
303 1205 522 1258 publicanei
556 1217 605 1244 ex
638 1216 686 1244 eo
719 1204 900 1257 vectigali
934 1204 1266 1256 transportabant.

223 1344 306 1379 Lex
331 1345 382 1378 de
409 1345 574 1378 scribis
601 1344 855 1382 viatoribus
881 1351 920 1377 ct
947 1344 1244 1387 praeconibus
1271 1348 1364 1378 sive
1392 1344 1441 1378 de
1468 1344 1536 1378 XX
1562 1355 1697 1389 quae-

850 1391 1069 1425 stoi-ibus.

304 1487 425 1525 1681.
485 1488 588 1524 Huius
622 1489 712 1534 legis
744 1493 879 1536 partem
912 1487 1071 1525 continet
1103 1489 1219 1525 tabula
1251 1500 1356 1525 aerea
1386 1488 1534 1537 Neapoli
1567 1488 1600 1525 in
1631 1499 1754 1525 museo

159 1545 365 1584 Borbonico
397 1551 600 1591 asservata,
642 1546 729 1582 binis
761 1547 928 1583 columnis
960 1546 1150 1595 inscripta,
1183 1558 1272 1593 quae
1305 1547 1525 1583 sinistrorsus
1557 1546 1591 1583 in
1621 1558 1755 1583 summa

163 1604 322 1651 margine
363 1606 454 1641 lianc
484 1604 656 1641 rubricam
689 1604 896 1653 insculptam
929 1617 1014 1653 prae
1056 1618 1094 1641 se
1126 1606 1214 1641 fert:
1257 1605 1338 1642 VIII
1370 1605 1428 1641 DE
1459 1604 1524 1641 XX
1557 1605 1596 1649 Q.
1645 1605 1756 1649 Quam

163 1663 429 1710 inscriptionem
471 1674 591 1699 omnes
624 1663 779 1699 editores
822 1663 960 1711 priores
992 1668 1136 1711 praeter
1168 1675 1270 1700 unum
1314 1663 1546 1710 Augustinum
1587 1667 1754 1711 praeter-

163 1722 354 1767 miserunt,
387 1726 491 1768 atque
523 1722 550 1757 is
582 1721 723 1768 quidem
755 1721 942 1768 inteiligit,
974 1722 1203 1758 Mommsenio
1237 1733 1327 1758 nunc
1358 1722 1614 1769 adstipulante,
1647 1725 1748 1758 octa-

163 1791 243 1816 vam
274 1779 426 1816 tabulam
459 1780 506 1815 de
537 1780 618 1826 lege
650 1780 684 1815 L.
717 1780 871 1816 Cornelii
903 1780 1035 1824 Sullae,
1066 1792 1134 1827 qua
1168 1790 1330 1816 nmnerus
1361 1784 1586 1827 quaestorum
1618 1781 1662 1816 ad
1694 1778 1753 1815 vi-

165 1848 275 1875 cenos
306 1849 416 1885 usque
449 1842 568 1874 auctus
612 1842 665 1873 est
696 1838 826 1883 (Tacit.
857 1839 984 1874 Annal.
1015 1838 1086 1883 XI,
1116 1834 1220 1889 22.)
1275 1839 1347 1874 Sed
1390 1849 1493 1886 quum
1534 1837 1753 1885 plebiscitum

164 1908 245 1932 esse
276 1900 458 1944 appareat,
490 1896 585 1932 Sulla
619 1901 741 1932 contra
774 1897 909 1932 tributis
942 1897 1092 1933 comitiis
1124 1908 1262 1933 omnem
1292 1898 1409 1943 legum
1433 1896 1656 1933 serendarum
1681 1906 1753 1944 po-

164 1958 326 1991 testatem
368 1955 562 1999 ademerit,
604 1954 815 2001 Giittlingius
856 1955 946 2000 legis
991 1955 1099 1991 Titiae
1142 1955 1186 1990 de
1228 1955 1475 2001 quaestoribus
1516 1967 1535 1990 a
1579 1954 1754 1991 Cicerone

166 2017 464 2049 commemoratae
496 2008 586 2062 (pro
619 2012 772 2049 Murena.
805 2026 833 2048 c.
867 2008 927 2063 ὃ.)
969 2019 1104 2060 partem
1148 2014 1213 2049 hac
1244 2014 1362 2049 tabula
1403 2013 1576 2050 contineri
1620 2016 1753 2058 censet,

165 2076 272 2118 atque
301 2082 525 2119 programma
558 2071 631 2106 sive
662 2071 858 2116 rubricam,
901 2072 997 2107 cuius
1038 2075 1172 2118 partem
1203 2072 1359 2118 priorem
1399 2083 1475 2108 cum
1517 2070 1754 2107 antecedente

165 2130 284 2166 tabula
324 2129 471 2177 periisse
514 2133 656 2173 censet,
697 2129 743 2165 ita
785 2129 944 2177 supplet:
986 2130 1020 2165 1..
1054 2130 1111 2166 DE
1150 2129 1242 2166 OFF.
1274 2130 1387 2166 PRIM.
1419 2129 1499 2166 VIII
1528 2129 1587 2165 DE
1616 2128 1682 2166 XX
1713 2129 1754 2172 Q.

165 2189 189 2225 i.
221 2198 252 2224 e.
284 2188 342 2224 lex
375 2187 419 2224 de
450 2186 568 2223 officio
612 2188 800 2234 primorum
843 2192 926 2224 octo
959 2188 1004 2223 de
1035 2187 1159 2234 viginti
1200 2188 1459 2235 quaestoribus.
1506 2187 1596 2224 Octo
1638 2191 1754 2223 autem

167 2250 396 2294 quaestorum
426 2245 460 2281 in
492 2245 589 2281 Italia
622 2257 764 2282 munere
791 2256 855 2281 suo
879 2247 1097 2292 fungentium
1120 2246 1236 2282 officia
1257 2246 1445 2293 separatim
1468 2246 1534 2282 bac
1557 2245 1640 2292 Iege
1662 2256 1754 2282 con-

167 2304 282 2350 stitui,
315 2304 394 2351 quia
426 2304 641 2350 reliquorum
673 2304 859 2340 duodecim
892 2309 1119 2351 quaestorum
1151 2304 1265 2340 officia
1297 2303 1523 2340 classicorum
1554 2304 1627 2340 sive
1659 2304 1753 2340 mili-

167 2363 291 2399 tarium
323 2374 342 2398 a
374 2361 575 2398 consulibus
609 2366 643 2396 et
674 2362 896 2408 praetoribus
928 2367 1149 2408 regerentur.

305 2420 499 2457 Universae
530 2424 644 2455 autem
676 2420 719 2456 de
752 2420 1000 2467 quaestoribus
1034 2421 1123 2467 legis
1156 2421 1243 2456 liaec
1284 2420 1399 2456 tabula
1441 2420 1579 2457 nonnisi
1618 2423 1753 2468 partem

168 2490 318 2526 eamque
348 2478 489 2514 minoris
521 2477 686 2514 momenti
718 2479 898 2523 continet,
940 2479 985 2514 de
1016 2483 1242 2525 quaestorum
1275 2478 1538 2526 apparitoribus
1579 2478 1754 2525 legendis,

167 2537 314 2583 scribis,
355 2535 575 2580 viat-oribus,
615 2537 860 2583 praeconibus.
907 2536 1094 2573 Corneliae
1135 2536 1223 2582 legis
1265 2530 1502 2582 fragmentum
1543 2547 1621 2573 esse
1653 2536 1754 2573 novis

168 2594 384 2641 argumentis
414 2595 625 2642 comprobat
655 2594 715 2630 Th.
747 2595 937 2631 Mommsen
968 2594 1001 2631 in
1034 2595 1151 2640 Bergk
1175 2598 1209 2630 et
1242 2594 1372 2631 Caesar
1403 2594 1603 2632 Zeitschrin
1633 2594 1689 2630 fiir
1720 2594 1753 2629 d.

168 2654 322 2690 Alterth.
354 2653 414 2690 W.
450 2651 569 2688 1846.
602 2652 639 2687 N.
676 2651 737 2688 14.

308 2711 501 2747 Ediderunt
531 2710 660 2758 primus
701 2710 868 2756 Sigonius
902 2712 952 2747 De
984 2710 1128 2757 antiquo
1159 2710 1234 2747 iure
1265 2711 1391 2748 civium
1423 2722 1511 2747 rom.
1544 2710 1588 2756 II,
1620 2710 1656 2746 9.
1691 2708 1753 2746 15.

171 2768 318 2805 deinde:
349 2769 447 2806 Fuiv.
478 2768 618 2806 Ursinus
649 2768 739 2815 apud
772 2769 956 2816 Angustia.
987 2769 1040 2804 De
1070 2768 1179 2814 legib.
1211 2781 1243 2805 n.
1274 2769 1365 2806 XVI.
1396 2768 1504 2805 XVII.
1551 2768 1689 2804 Gruter.
1719 2779 1754 2815 p.

174 2825 267 2862 628.
313 2827 434 2864 Murat.
474 2826 562 2863 Nov.
603 2827 692 2862 thes.
732 2827 768 2863 T.
800 2827 841 2863 11.
883 2839 916 2874 p.
950 2826 1044 2863 581.
1089 2826 1251 2863 Haubold
1283 2827 1432 2864 Monuni.
1473 2826 1580 2872 legal.
1620 2838 1655 2874 p.
1687 2825 1753 2862 85.

171 2883 295 2929 Egger
323 2885 396 2921 Lat.
426 2895 578 2921 sermon.
608 2884 707 2931 reliq.
737 2897 770 2932 p.
803 2885 896 2921 285.
929 2884 1089 2931 Gettling
1109 2885 1289 2921 Fanfzehn
1316 2884 1471 2922 Urkuud.
1497 2896 1531 2932 p.
1556 2884 1590 2920 7.
1622 2883 1753 2927 Quibus

174 2941 368 2981 editoribus
399 2942 581 2982 addendus
612 2946 665 2980 est
694 2942 885 2981 Mommsen
917 2943 971 2981 Ad
994 2943 1111 2990 legem
1132 2943 1176 2980 de
1198 2943 1321 2981 scribis
1343 2947 1411 2981 etc.
1440 2940 1752 2981 Kiloniae.1843.
