1918 3313
290 128 322 170 §.
348 129 381 163 2.
430 127 632 170 Festorum,
658 128 905 162 sacrificiorum
931 132 966 160 et
989 137 1166 162 sacrorum
1190 127 1414 173 collegiorum
1440 131 1525 160 acta.
1660 127 1716 169 45

235 235 332 276 Item
362 235 523 289 placuit,
566 239 608 276 ut
651 233 966 289 Quinquennalis
1008 234 1069 275 sui
1108 235 1302 288 cuiusque
1344 232 1534 288 temporis
1576 232 1715 275 diebus

95 293 340 336 solemnibus
373 299 412 335 et
442 295 534 336 vino
567 294 766 348 supplicet
805 299 845 335 et
888 293 1034 334 ceteris
1075 293 1214 335 officiis
1257 294 1409 335 albatus
1450 292 1639 347 fungatur
1679 297 1720 333 et

96 354 159 394 die
175 354 326 395 Dianae
351 358 391 394 et
407 353 568 395 Antinoi
587 354 720 395 oleum
744 353 916 407 cellegio
942 353 980 393 in
1006 352 1160 394 balineo
1182 353 1341 406 publico
1365 356 1486 407 ponat
1504 356 1716 405 antequam

96 413 320 467 epulentur.
353 436 409 442 —
440 416 562 452 Nicola
605 416 696 452 Ratti
737 416 928 452 Dissertaz.
971 425 1079 462 sopra
1118 427 1186 451 una
1229 415 1332 452 antio.
1373 413 1488 452 iscriz.
1529 413 1564 450 di
1613 414 1716 451 civita

94 475 241 512 Lavinia
272 479 454 524 spettante
487 475 555 511 alla
588 475 670 512 citta
703 474 738 511 di
769 474 948 520 Lanuvio3
980 473 1014 509 in
1046 473 1123 510 Atti
1155 473 1239 511 dell'
1282 475 1462 511 accadem.
1493 484 1583 510 rom.
1616 474 1714 509 Tom.

94 535 138 571 11.
171 534 267 572 437.
329 534 507 571 Cardinal.
541 534 694 583 Diplom.
726 534 808 582 imp.
840 545 874 582 p.
909 532 1004 569 264.
1068 533 1261 570 Mommsen
1294 534 1346 570 De
1379 532 1542 580 collegiis
1575 544 1610 581 p.
1649 532 1717 569 98.

96 598 133 630 et
164 594 208 631 ad
241 593 329 630 calc.
353 605 458 641 quem
481 604 546 630 nos
569 592 685 630 secuti
710 604 840 629 sumuS.
881 592 1050 629 Huschke
1073 592 1106 629 in
1139 592 1300 640 Savigny
1321 592 1492 630 Zeitschr.
1514 592 1569 629 l'ur
1591 592 1716 640 gesch.

94 653 186 691 Rw.
216 653 295 692 xu.
326 665 361 702 p.
394 651 490 689 207.

543 782 619 829 Ex
657 784 767 830 actis
805 781 993 830 fratrum
1031 782 1262 830 arvalium.

240 902 337 939 383.
401 931 501 940 .....
537 899 605 940 Cn.
639 899 680 940 F.
714 898 918 950 Lentulus,
952 898 1107 953 Augur,
1141 899 1246 952 Mag.
1268 895 1304 952 ¹]
1337 897 1529 939 inlocum
1674 900 1716 937 et

97 959 146 1001 ad
180 958 326 1000 fratres
369 959 525 1000 arvales
567 958 720 1009 retulit,
763 959 959 999 arborem.
1003 960 1047 998 in
1089 958 1181 999 luco
1221 958 1337 998 Deae
1378 957 1476 999 Diae
1517 960 1717 998 vetustate

94 1018 313 1070 cecidisse,
345 1018 391 1066 Q.
425 1018 472 1059 D.
504 1018 548 1059 E.
582 1018 626 1058 R.
662 1018 703 1058 F.
736 1018 776 1058 P.
809 1018 855 1058 D.
888 1018 931 1059 E.
966 1017 1011 1058 R.
1045 1017 1070 1058 Ι.
1106 1017 1145 1057 C.
1162 1015 1216 1072 ²).

236 1078 332 1119 Cum
365 1078 488 1119 arbor
519 1081 720 1118 vetustate
752 1077 791 1117 in
824 1076 914 1119 luco
947 1077 1055 1118 Deae
1078 1076 1176 1117 Diae
1209 1075 1434 1127 cecidisset,
1469 1080 1512 1117 ut
1543 1074 1608 1116 illa
1641 1088 1720 1116 ex-

94 1138 273 1191 piaretur
313 1149 437 1190 porca
480 1141 519 1177 et
561 1149 662 1190 agna
706 1137 922 1190 opima
958 1149 981 1177 0
1023 1135 1072 1177 ad
1115 1135 1350 1177 sacrificium
1395 1139 1715 1187 consumeretur,

96 1209 201 1238 neve
233 1196 324 1250 quid
357 1208 379 1236 e
411 1196 503 1237 luco
537 1199 829 1248 exportaretur.

234 1254 467 1309 Adfuerunl
497 1254 539 1295 L.
572 1255 767 1296 Domitius
801 1254 869 1294 Cn.
902 1254 944 1294 F.
977 1253 1288 1302 Ahenobarbus3
1328 1252 1370 1294 L.
1406 1252 1639 1307 Calpurnius
1670 1252 1714 1294 L.

94 1315 135 1357 F.
167 1315 272 1365 Piso,
303 1313 510 1363 Pontifex3
546 1313 700 1354 Paullus
732 1312 876 1353 Fabius
910 1312 955 1360 Q.
989 1312 1029 1352 F.
1062 1311 1269 1353 Maximus.

235 1373 377 1415 Iisdem
421 1369 560 1426 cos.³)
603 1371 729 1426 pridie
771 1370 893 1412 Eidus
926 1370 1051 1412 Maias
1083 1372 1120 1411 in
1153 1371 1265 1425 regia
1297 1370 1365 1411 Cn.
1409 1370 1614 1413 Cornelius
1647 1370 1716 1412 Cn.

94 1433 147 1474 fil.
181 1432 374 1474 Lentulus
407 1431 549 1486 Augur
582 1431 686 1486 Mag.
720 1432 757 1471 in
791 1431 918 1471 locum
953 1430 994 1470 L.
1028 1429 1183 1470 Aemilii
1214 1430 1258 1470 L.
1291 1430 1361 1471 Fil.
1393 1430 1516 1472 Paulli
1547 1430 1721 1472 Drusum

98 1492 313 1534 Caesarem
347 1491 405 1532 Ti.
437 1491 479 1531 F.
515 1490 685 1544 Augusti
716 1490 762 1531 N.
796 1489 960 1531 fratrem
1002 1489 1177 1530 arvalem
1221 1490 1423 1543 cooptavit
1454 1494 1494 1530 et
1525 1489 1573 1531 ad
1605 1502 1720 1531 sacra

91 1551 264 1594 vocavit.
296 1549 529 1603 Adsuetum
567 1550 636 1591 Cn.
682 1549 894 1603 Pompeias
927 1549 973 1598 Q.
1008 1548 1048 1590 F.
1083 1549 1126 1588 L.
1169 1549 1366 1590 Domitius
1408 1548 1718 1601 Ahenobarbus,

94 1610 140 1652 L.
174 1610 425 1663 Calpurnius
464 1609 510 1650 L.
552 1609 627 1650 Fit.
671 1609 761 1650 Piso
804 1607 946 1650 Pontis.
988 1609 1031 1649 Τ.
1075 1608 1280 1656 Quinctius
1323 1607 1541 1663 Crispinus.
1575 1632 1632 1638 —-
1663 1610 1718 1648 Ex

94 1674 165 1711 tab.
201 1672 235 1710 1.
267 1685 302 1722 p.
335 1672 372 1709 C.
405 1671 528 1709 Marini
558 1671 635 1708 Atti
667 1670 724 1708 dei
757 1671 837 1708 frat.
871 1682 944 1708 arv.

235 1752 283 1793 K.
317 1749 541 1806 lanuarf‘).

235 1811 433 1866 Sulpicius
475 1811 733 1861 Camerinus,
766 1810 959 1865 Magister
992 1809 1160 1864 collegi,
1204 1808 1368 1851 fratrum
1410 1810 1598 1851 arvalium
1640 1821 1720 1852 no-

95 1872 200 1913 mine
251 1870 466 1912 immolavit.
513 1871 551 1911 in
595 1870 779 1924 capitolio
841 1870 891 1911 ob
938 1866 1085 1923 Cos.⁵)
1136 1868 1309 1910 Neronis
1353 1868 1487 1910 Claudi
1531 1869 1715 1911 Caesaris

94 1932 200 1984 Aug.
236 1931 460 1972 Germanici
494 1930 576 1972 lovi
610 1927 708 1984 B.⁶)
742 1942 904 1979 marein,
937 1929 1076 1970 lunoni
1106 1941 1283 1977 vaccam,
1315 1929 1522 1970 Minervae
1541 1941 1719 1981 vaccam,

95 1990 220 2032 Genio
267 1990 391 2044 ipsius
438 1994 602 2030 taurum.
671 1989 713 2029 In
762 1988 933 2043 collegio
979 1987 1192 2028 adfuerunt
1238 1987 1434 2041 Sulpicius
1482 1987 1717 2028 Camerinus

93 2050 308 2105 Magister,
340 2049 382 2088 L.
418 2049 506 2090 Piso
538 2048 580 2089 L.
613 2048 653 2089 F.
688 2048 730 2089 T.
765 2048 926 2089 Sextius
970 2047 1196 2097 Africanus,
1229 2046 1279 2087 Μ.
1313 2047 1492 2100 Aponius
1533 2046 1718 2088 Saturni-

96 2121 186 2162 nus,
216 2108 258 2149 L.
292 2107 452 2150 Salvius
485 2108 603 2159 Otho,
636 2108 813 2148 Titianus
846 2107 885 2147 P.
918 2107 1127 2148 Memmius
1159 2106 1353 2161 Regulus,
1385 2105 1427 2147 C.
1461 2105 1564 2147 Piso.

234 2167 377 2209 Iisdem
411 2167 502 2208 Cos.
533 2166 579 2206 Ill
611 2166 744 2208 Nonas
776 2167 929 2207 Ianuar.

239 2227 434 2280 Sulpicius
469 2226 702 2267 Camerinus
734 2225 926 2280 Magister
957 2224 1101 2279 collegi
1133 2223 1301 2265 fratrum
1333 2223 1523 2265 arvalium
1555 2225 1715 2266 nomine

96 2290 189 2328 vota
221 2286 462 2340 nuncupavit
494 2297 569 2339 pro
601 2285 728 2326 salute
759 2285 934 2326 Neronis
968 2283 1101 2325 Claudi
1134 2283 1212 2324 divi
1244 2282 1381 2324 Claudi
1414 2283 1454 2324 F.
1489 2283 1715 2325 Germanici

95 2346 278 2387 Caesaris
310 2345 356 2386 N.
374 2341 415 2400 ⁷)
461 2344 540 2385 divi
570 2344 672 2398 Aug.
716 2340 891 2399 Pr0n.⁸)
934 2342 1011 2384 divi
1043 2343 1146 2397 Aug.
1188 2339 1348 2398 Abn.⁹)
1383 2343 1567 2384 Caesaris
1607 2343 1714 2396 Aug.

93 2403 320 2446 Germanici
352 2404 464 2446 Pont.
498 2416 600 2444 max.
634 2404 741 2444 Trib.
773 2407 853 2457 pot.
890 2402 966 2444 VII.
998 2402 1090 2455 Imp.
1125 2400 1201 2443 VII.
1234 2401 1326 2444 Cos.
1359 2402 1420 2443 IV.
1453 2406 1493 2443 et
1524 2402 1713 2444 Octaviae

93 2465 276 2518 coniugis
308 2464 419 2514 eius,
455 2463 623 2504 victimis
654 2463 863 2504 immolatis
895 2462 933 2503 in
966 2460 1176 2514 capitolio,
1219 2473 1322 2514 quae
1361 2462 1580 2515 superioris
1621 2461 1714 2502 anni

93 2523 274 2577 Magistri
305 2526 501 2564 voverant
530 2521 726 2576 persolvit
757 2527 796 2563 et
827 2522 865 2562 in
893 2521 1116 2575 proximum
1140 2532 1285 2561 annum
1307 2521 1563 2574 nuncupavit,
1589 2532 1715 2574 prae-

95 2588 216 2623 eunte
248 2582 299 2624 M.
331 2582 489 2635 Aponio
521 2581 752 2632 Saturnino,
793 2581 875 2622 lovi
907 2592 1037 2621 mares
1070 2578 1176 2631 duo,
1215 2578 1353 2620 lunoni
1385 2591 1528 2620 vaccas
1559 2579 1602 2620 Il.
1633 2579 1714 2620 Mi-

94 2653 244 2683 nervae
277 2653 421 2683 vaccas
451 2640 495 2682 II.
527 2640 653 2683 Saluti
683 2639 827 2694 public.
861 2651 1005 2681 vaccas
1035 2637 1077 2679 ll.
1120 2637 1162 2679 In
1183 2638 1331 2693 templo
1355 2650 1460 2681 novo
1484 2637 1574 2679 divo
1605 2637 1711 2693 Aug.

239 2842 276 2886 1)
302 2843 475 2888 Magister.
510 2859 552 2865 —
587 2838 628 2884 2)
654 2840 741 2883 Quid
775 2841 819 2875 de
852 2851 894 2874 ea
928 2850 965 2873 re
998 2839 1069 2873 fieri
1101 2839 1274 2885 placeret,
1317 2839 1359 2873 de
1386 2849 1426 2872 ea
1452 2848 1491 2872 re
1515 2838 1561 2872 ita
1587 2849 1711 2872 censu-

25 2891 28 2909 ¹
96 2895 205 2925 erunt.
231 2907 276 2913 —
301 2888 340 2934 3)
367 2888 573 2924 consulibua.
601 2906 643 2912 -
670 2886 709 2931 4)
736 2888 898 2922 Kalendis
924 2887 1098 2922 Ianuariis,
1126 2905 1167 2911 —
1195 2885 1234 2931 5)
1261 2885 1484 2921 consulatum.
1510 2890 1555 2908 -4
1581 2883 1620 2929 6)
1647 2885 1715 2919 bo-

26 2946 28 2955 ’
95 2947 185 2973 vem.
213 2956 254 2963 -
281 2935 321 2980 ¹7)
346 2938 491 2982 nepotis.
518 2954 560 2960 -
586 2934 627 2980 8)
652 2936 864 2981 pronepotis.
891 2952 933 2958 ——
960 2932 999 2977 9)
1024 2933 1226 2979 Abnepotis.
