1877 3313
191 168 275 209 356
640 162 742 196 Inscr.
767 161 944 206 profanae.
993 160 1074 206 Cap.
1100 160 1139 196 ΙΙ.
1187 160 1344 196 Tabulae.

329 271 473 311 Fasces
502 280 629 322 penes
660 269 878 310 Murenam.
921 268 957 308 Is
980 269 1082 308 bene
1113 279 1228 308 mane
1259 278 1415 308 sacrum
1445 264 1538 306 fecit
1558 263 1606 306 ad
1637 263 1782 306 Casto—

189 331 244 372 ris
275 328 346 369 diis
378 328 549 368 Penatib.
583 327 673 380 pub.
706 325 800 367 Inde
831 327 964 378 coegit
994 327 1032 366 in
1065 326 1175 366 curia
1204 326 1375 377 Pompae
1394 322 1443 378 1).
1483 323 1665 377 Syllanus
1695 335 1782 363 cum

191 388 371 429 accensis
387 383 428 440 2)
464 398 622 426 causam
646 385 743 425 dixit
773 385 875 438 apud
898 385 942 433 Q.
962 384 1210 424 Cornificium
1237 396 1309 436 pro
1330 383 1421 424 Sex.
1451 382 1599 422 Ruscio
1622 394 1674 422 ex
1691 394 1783 422 mu-

191 446 335 498 nicipio
366 444 550 494 Larinati,
582 447 765 484 accusato
791 444 840 483 de
863 444 900 484 vi
924 443 1093 495 privata3
1125 442 1324 482 accusavit
1352 440 1395 480 L.
1417 441 1642 492 Torquatus
1662 439 1783 488 filius;

191 504 474 556 absolutusque
515 507 577 542 est
617 514 710 542 reus
759 502 962 542 sententiis
1004 500 1084 540 XL.
1127 500 1330 540 damnatus
1372 498 1459 539 XX.
1502 497 1706 539 Tumultus
1744 498 1785 537 in

193 575 308 604 sacra
339 563 400 602 via
431 562 533 601 inter
565 572 707 613 operas
740 559 864 600 Clodii
897 558 1049 599 Pulchri
1080 563 1119 598 et
1150 571 1291 600 servos
1323 558 1367 598 Τ.
1398 556 1527 597 Annii.
1582 556 1681 596 Rixa
1711 569 1784 609 po.

191 651 344 662 ......
377 624 415 659 et
447 616 619 672 (13)....
680 617 747 660 SC.
791 617 959 669 factum,
999 629 1050 656 ne
1089 616 1210 657 multa
1252 617 1496 657 aerariorum
1534 619 1708 655 transeat
1737 613 1785 654 ad

191 678 378 719 heredes.
427 678 570 718 Tonuit
600 676 671 718 sub
702 675 928 727 meridiem,
960 674 1173 729 fulguravit
1205 679 1243 715 et
1274 686 1443 728 quercus
1474 678 1576 715 tacta
1605 673 1644 714 in
1674 685 1785 715 sum-

190 749 255 778 mo
286 736 478 791 Argileto.

711 792 757 833 A.
790 793 836 833 D.
868 793 913 832 V.
944 792 1025 832 Kal.
1061 791 1257 845 Septemb.

331 865 382 906 M.
415 863 564 905 Tullius
595 876 753 904 causam
786 862 882 902 dixit
913 873 984 915 pro
1017 860 1132 902 Corn.
1167 862 1271 903 Sulla
1302 861 1404 915 apud
1436 861 1586 902 iudices
1613 860 1662 902 de
1685 872 1786 901 con-

191 924 398 975 iuratione,
431 927 643 963 accusante
675 922 878 974 Torquato
909 920 1012 968 fili03
1044 921 1215 973 quinque
1237 920 1442 961 sententiis
1472 920 1649 961 obtinuit.
1681 920 1785 961 Trib.

192 995 322 1024 aerar.
356 981 677 1023 condemnarunt.
732 980 877 1019 Fasces
909 991 1033 1030 penes
1065 979 1277 1031 Syllanam.
1323 979 1428 1019 Trib.
1459 979 1510 1031 pl.
1541 979 1787 1019 intercesse-

190 1046 284 1082 runt
314 1040 382 1083 SC.
398 1038 440 1094 4)
473 1039 522 1079 de
562 1039 717 1079 tributis
760 1036 968 1077 Laodiciae
1008 1041 1052 1077 ut
1092 1037 1230 1077 darent
1270 1036 1451 1090 praedes.
1506 1037 1670 1077 Praetor
1698 1037 1785 1077 urb.

190 1099 307 1140 filiam
340 1111 388 1140 eo
421 1098 482 1138 die
497 1095 537 1152 ⁵)
572 1096 681 1137 daret
713 1101 898 1148 nuptum,
931 1095 1060 1136 edicto
1093 1096 1255 1147 monuit,
1287 1108 1332 1135 se
1363 1096 1421 1136 ius
1459 1107 1538 1136 non
1581 1094 1788 1144 dicturum,

193 1163 232 1198 et
261 1157 481 1198 vadimonia
512 1156 639 1196 onmia
671 1156 707 1194 in
742 1154 841 1194 diem
875 1154 1049 1206 quintum
1082 1153 1239 1194 distulit.
1286 1153 1576 1194 Testamentum
1607 1153 1787 1194 Melionis

195 1216 354 1257 allatum
384 1215 561 1268 Mycenis
602 1214 764 1254 Praetor
805 1213 1039 1265 peregrinus
1071 1212 1257 1263 rescidit,
1292 1209 1388 1265 q.⁶)
1431 1223 1666 1265 expressum
1703 1214 1789 1251 erat

191 1275 240 1314 ab
274 1287 323 1315 eo
355 1273 571 1314 tormentis.
614 1272 658 1319 Q.
691 1271 867 1312 Tertinio
899 1270 1075 1310 Praetori
1106 1271 1166 1311 ius
1199 1269 1341 1310 dicenti
1371 1272 1536 1311 nuncius
1567 1269 1705 1310 allatus
1726 1274 1789 1310 est

194 1333 243 1372 de
275 1337 405 1373 morte
435 1331 512 1381 filii,
544 1331 655 1370 fictus
687 1330 735 1370 ab
768 1329 899 1369 amicis
933 1329 1136 1381 Copponii‚
1168 1329 1225 1368 rei
1257 1328 1306 1369 de
1337 1329 1543 1379 veneficio,
1574 1333 1619 1369 ut
1649 1328 1788 1368 conci-

191 1391 281 1431 lium
314 1391 533 1430 dimitteret.
592 1387 657 1428 Ille
687 1388 940 1440 perturbatus
973 1387 1129 1427 domum
1161 1400 1205 1427 sc
1237 1387 1472 1439 recipiebat3
1505 1385 1577 1427 sed
1607 1399 1652 1427 re
1675 1398 1789 1427 com—

192 1454 308 1502 perta
352 1448 631 1501 perseveravit
678 1447 716 1486 in
760 1444 1007 1497 inquirendo.
1052 1445 1090 1484 C.
1131 1445 1273 1485 Actius
1321 1445 1563 1498 Copponium
1608 1444 1790 1485 veneficii

192 1506 429 1561 postulavit;
461 1505 646 1544 divinatio
679 1504 834 1544 Actium
857 1504 958 1543 inter
981 1507 1019 1542 ct
1041 1503 1244 1555 Sepasium
1266 1503 1455 1543 minorem
1479 1503 1528 1543 de
1550 1501 1788 1544 accusando.

193 1566 332 1606 Actius
365 1564 546 1613 obtinuit,
579 1575 615 1614 q.
632 1559 674 1616 ⁶)
706 1562 855 1614 Sepasii
887 1573 989 1602 uxor
1020 1573 1136 1602 soror
1167 1566 1274 1602 esset
1305 1573 1427 1601 nurus
1459 1561 1662 1614 Copponii.
1694 1561 1793 1602 Rixa

193 1623 242 1664 ad
273 1622 467 1665 fornicem
497 1621 603 1662 Fabii
634 1625 674 1661 et
705 1619 849 1660 caedes
888 1619 1150 1674 gladiatorum
1191 1619 1357 1660 duorum
1388 1631 1441 1659 ex
1470 1619 1561 1661 ludo
1594 1619 1790 1661 Curionis.

750 1689 795 1730 A.
828 1690 875 1729 D.
906 1689 980 1729 1111.
1012 1689 1092 1729 Kal.
1127 1688 1233 1743 Sept.

333 1751 465 1792 Funus
497 1749 678 1791 Metellae
709 1749 802 1789 Piae
834 1748 997 1800 rirginis
1028 1747 1156 1787 illatae
1188 1748 1373 1801 sepulcro
1405 1761 1567 1790 suorum
1598 1749 1790 1790 maiorum

192 1809 257 1851 via
288 1808 461 1851 Aurelia.
506 1808 704 1849 Censores
737 1807 968 1847 locaverunt
1008 1805 1263 1846 reficiendum
1305 1811 1450 1848 tectum
1491 1807 1553 1848 Aii
1594 1808 1790 1860 loquentis

194 1868 254 1910 HS
285 1868 407 1908 XXV.
456 1868 501 1915 Q.
533 1866 771 1906 Hortensius
803 1865 875 1904 sub
907 1876 1119 1917 vesperum
1151 1866 1367 1906 orationem
1399 1865 1533 1906 habuit
1553 1877 1626 1918 pro
1648 1865 1789 1906 rostris

194 1927 244 1966 dc
277 1938 446 1967 censura
492 1929 530 1964 et
569 1924 671 1965 bello
711 1923 986 1977 Allobrogum.
1041 1922 1242 1975 Reliquiae
1283 1924 1577 1965 coniuratorum
1618 1936 1704 1965 cum
1746 1923 1788 1964 L.

193 1985 335 2037 Sergio
378 1983 660 2024 tumultuantur
701 1982 739 2021 in
780 1981 972 2022 Hetruria.
1036 1981 1170 2033 Caupo
1203 1981 1251 2022 ad
1283 1986 1364 2023 tres
1407 1982 1591 2024 tabernas
1633 1982 1789 2025 occisus

193 2056 216 2084 a
248 2043 465 2084 Thracibus
497 2041 616 2081 ebriis
648 2040 686 2080 in
718 2040 780 2079 via
810 2039 978 2093 publica.

333 2101 402 2141 Cn.
433 2101 620 2152 Pompeio
651 2099 780 2152 Magn.
812 2098 853 2138 11.
886 2097 937 2138 Μ.
968 2097 1120 2139 Livinio
1154 2098 1300 2140 Crasso
1331 2099 1373 2141 ΙΙ.
1408 2098 1518 2142 Coss.

335 2229 445 2270 Coss.
476 2227 517 2268 in
548 2227 707 2269 Galliam
739 2167 983 2280 proseciixazlid
996 2167 1311 2269 MCirihCaesarem.

195 2356 405 2393 Caesaris
430 2356 620 2401 Augusti
644 2355 780 2390 Index
806 2366 947 2436 regum
972 2366 990 2389 u
1016 2366 1060 2389 se
1084 2353 1324 2399 gestarum⁹
1349 2357 1446 2391 sive
1464 2357 1788 2392 Monumentum

880 2413 1138 2446 neyranum.

337 2500 459 2537 1740.
521 2499 720 2548 Imperator
750 2500 934 2547 Augustus
966 2499 1031 2536 tria
1064 2510 1140 2537 eum
1171 2503 1384 2537 testamento
1415 2511 1480 2538 suo
1513 2499 1693 2539 volumina
1721 2512 1785 2538 re-

195 2559 319 2608 liquit,
352 2569 501 2607 quorum
533 2570 636 2596 unum
668 2559 829 2596 mandata
863 2559 908 2595 de
938 2558 1062 2596 sunere
1093 2570 1159 2596 suo
1191 2558 1414 2606 complexum
1446 2563 1513 2607 est,
1548 2560 1698 2598 alterum
1726 2559 1784 2598 in-

335 2718 371 2762 1)
396 2719 549 2756 Lieberk.
575 2721 722 2756 coniicit:
758 2719 869 2766 Pomp.
894 2733 938 2755 se.
964 2721 984 2755 i.
1019 2731 1049 2755 e.
1083 2720 1240 2766 Pompeia
1265 2727 1430 2762 senatum3
1466 2720 1683 2756 Dodwellus:
1707 2721 1785 2755 inde

197 2772 347 2800 senatum
378 2770 490 2812 coegit
519 2770 550 2802 in
580 2771 670 2801 curia
700 2769 868 2812 Pompeia.
895 2786 936 2791 —
963 2766 1000 2810 2)
1026 2768 1223 2803 Dodwellus
1255 2768 1467 2802 scribendum
1492 2774 1605 2812 putat:
1637 2779 1785 2801 accenso.

200 2829 239 2859 5-
268 2813 304 2855 3)
331 2814 484 2848 Lieberk.
515 2815 662 2859 supplet:
698 2817 777 2848 rixa
806 2813 1053 2858 papium-iorum
1078 2821 1107 2847 et
1137 2826 1331 2859 quoqitorum
1365 2815 1460 2858 (proe
1494 2812 1707 2858 coquorum).
1740 2830 1786 2835 -

199 2859 236 2899 4)
262 2861 561 2894 senatusconsulto.
590 2878 630 2884 —-
658 2860 695 2902 5)
721 2861 964 2894 Lieberkuehn.
991 2872 1065 2894 cum
1092 2861 1271 2895 Dodwello
1296 2861 1576 2905 interponendum
1606 2860 1786 2894 arbitratur

198 2904 263 2936 hoc
294 2905 387 2940 loco:
428 2919 509 2941 cum.
553 2907 620 2941 Sed
654 2909 762 2951 aptius
792 2908 931 2941 fortasse
965 2908 1140 2951 suppletur
1172 2908 1266 2943 litera
1290 2907 1329 2949 Q.
1363 2907 1401 2950 (i.
1427 2918 1456 2943 e.
1482 2905 1610 2952 quod),
1639 2913 1676 2942 ut
1699 2906 1785 2942 infra

199 2951 317 2986 eadem
342 2954 461 2988 eodem
485 2964 586 2990 sensu
609 2953 706 2989 litera
731 2955 875 2998 ponitur.
901 2971 942 2978 —
970 2953 1010 2997 6)
1039 2953 1138 2999 quod.
