1877 3313
130 165 216 209 422
487 161 590 197 Inser.
615 161 772 207 publicae
797 161 970 196 militares.
1020 158 1102 205 Cap.
1128 158 1168 194 Il.
1216 158 1375 195 Tabulae.

131 274 347 327 perpetuus
378 267 470 311 Cos.
502 268 582 310 ΧΠ.
601 265 637 322 ¹)
669 268 710 309 P.
741 268 783 310 P.
815 268 982 322 equibus
995 264 1035 321 ²)
1068 271 1108 307 et
1137 265 1356 319 peditibus,
1389 263 1454 319 qui
1485 264 1661 307 miltitant
1691 265 1732 307 in

132 331 204 371 alis
247 329 423 379 duabus,
465 340 564 380 quae
607 326 851 381 appellantur
894 328 1091 367 Veterana
1134 324 1387 365 Gaetulorum
1420 328 1460 365 et
1490 323 1505 363 Ι
1537 324 1733 365 Thracum

131 389 360 429 Mauretana
393 392 431 427 et
463 386 693 427 cohortibus
726 390 911 440 quattuor
942 384 956 424 1
987 384 1168 439 Augusta
1210 382 1485 424 Lusitanorum
1518 386 1558 423 et
1587 382 1602 422 1
1633 388 1674 423 et
1702 382 1733 424 ll

133 447 328 487 Thracum
361 450 400 486 et
432 445 461 485 ll
492 443 774 486 Cantabrorum
806 449 846 485 et
868 447 958 484 sunt
988 443 1026 483 in
1058 441 1201 482 Iudaea
1223 441 1297 482 sub
1321 440 1601 494 Cn..Pompeio
1622 440 1734 482 Lon-

129 505 238 559 gino,
271 504 336 557 qui
366 504 483 557 quina
517 508 556 543 et
586 503 725 544 vicena
755 502 949 556 stipendia
980 505 1220 550 meruerant,
1253 512 1423 552 quorum
1446 500 1604 540 nomina
1634 499 1735 541 sub—

130 564 275 616 scripta
305 567 398 604 sunt
427 562 522 615 ipsis
553 561 689 603 liberis
720 562 971 615 posterisque
1003 572 1141 600 corum
1165 560 1363 599 civitatem
1394 558 1502 599 dedit
1534 562 1574 598 et
1604 569 1735 600 conu-

129 622 238 663 bium
269 634 359 662 cum
391 621 596 672 uxoribus,
629 632 728 673 quas
762 625 856 662 tunc
886 619 1138 668 habuissent,
1172 630 1259 658 cum
1292 622 1354 658 est
1386 617 1524 659 civitas
1553 617 1600 658 iis
1633 615 1736 667 data,

131 685 198 721 aut
229 680 332 733 siqui
363 679 536 721 caelibes
568 684 705 720 essent
745 692 834 720 cum
877 678 924 720 iis
965 689 1063 731 quas
1104 681 1243 731 postea
1285 675 1492 717 duxissent
1533 674 1736 717 dumtaxat

131 738 276 793 singuli
307 738 495 793 singulas.

270 796 318 838 A.
350 797 396 838 D.
430 796 487 837 ΙΙΙ.
521 796 612 838 Idus
642 797 764 839 Maias

270 855 362 897 Sex.
396 856 560 897 Octavio
593 856 808 906 Frontone,
840 855 885 895 Ti
915 853 1010 895 Iulio
1043 852 1220 894 Candido
1253 852 1377 894 Mario
1410 852 1511 893 Cels.
1546 850 1691 907 Cos')

271 914 367 955 Coh.
399 913 441 955 11.
473 914 679 966 Thracum,
713 915 776 955 cui
808 918 943 966 praest
975 911 1159 953 Claudius
1191 912 1414 965 Montanus,
1445 912 1567 965 equiti
1589 911 1737 954 Seutlie

132 972 319 1014 Traibithi
350 973 391 1013 F.
425 973 507 1014 Col.
541 970 741 1026 Oletic.³)

271 1031 521 1085 Descriptum
553 1037 592 1072 et
623 1032 871 1085 recognitum
904 1043 956 1070 ex
988 1029 1115 1070 tabula
1148 1041 1285 1081 aenea,
1318 1041 1419 1082 quae
1450 1030 1527 1070 fixa
1559 1034 1619 1070 est
1650 1030 1736 1072 Ro-

131 1103 217 1131 mae
250 1090 287 1130 in
321 1090 511 1144 Capitolio
543 1096 633 1144 post
664 1095 828 1143 tropaea
861 1088 1083 1130 Germanici
1115 1089 1154 1129 in
1185 1088 1390 1141 tribunali,
1433 1100 1537 1142 quae
1567 1093 1660 1131 sunt
1689 1088 1737 1130 ad

131 1148 271 1190 aedem
301 1149 411 1191 Fidei
442 1149 481 1191 P.
514 1149 559 1190 R.

651 1208 700 1248 D.
733 1207 853 1248 Consi
885 1205 1023 1247 Alcimi

651 1267 693 1307 C.
727 1266 886 1306 Ferenti
917 1264 1063 1305 Natalis

650 1325 690 1366 P.
723 1324 880 1367 Sallieni
911 1323 1125 1364 Philumeni

650 1384 694 1424 Τ.
727 1383 865 1424 Hostili
896 1382 1085 1423 Martialis

651 1441 692 1482 P.
724 1441 790 1483 Sili
822 1442 1020 1481 Hei-metis

653 1500 694 1540 C.
728 1500 858 1548 Quinti
889 1498 1040 1540 Phileti.

274 1556 340 1613 (ln
371 1560 461 1599 binis
493 1561 632 1611 paginis
662 1555 936 1612 interioribus):

272 1618 365 1671 lmp.
409 1618 556 1659 Caesar
598 1618 677 1659 divi
725 1617 956 1671 Vespasiani
1002 1616 1042 1656 F.
1084 1614 1329 1656 Domitianus
1375 1614 1583 1671 Augustus
1635 1614 1740 1657 Ger·-

132 1676 308 1718 manicas
342 1677 523 1718 Pontifex
554 1677 748 1717 maximus
781 1676 978 1716 Tribunic.
1021 1679 1203 1727 potestat.
1247 1674 1291 1714 V.
1335 1673 1424 1728 Imp.
1468 1674 1548 1715 ΧΙΙ.
1589 1674 1742 1716 Censor

132 1740 351 1789 perpetuus
385 1735 462 1777 Cos
494 1735 574 1776 Xll.
607 1735 646 1776 P.
680 1736 718 1775 Ρ.
753 1735 948 1788 equitibus
984 1738 1021 1773 ct
1054 1733 1272 1787 peditibus,
1312 1734 1377 1786 qui
1409 1732 1571 1774 militant
1601 1735 1638 1774 in
1671 1734 1742 1775 alis

133 1795 285 1835 duabus
320 1807 425 1847 quae
457 1794 702 1847 appellantur
734 1794 929 1833 Veterana
963 1791 1216 1833 Gaetulorum
1260 1796 1299 1832 et.
1330 1792 1355 1832 1.
1388 1792 1583 1833 Thracum
1625 1793 1742 1834 Mau-

132 1858 269 1893 retana
310 1858 350 1893 et
390 1853 620 1894 cohortibus
663 1856 873 1905 quattuor,
915 1851 928 1891 1
960 1851 1139 1904 Augusta
1183 1851 1455 1891 Lusitanorum
1498 1856 1538 1891 et
1576 1851 1591 1891 1
1628 1856 1668 1892 et
1697 1851 1740 1892 ll.

132 1912 324 1953 Thracum
359 1916 399 1952 et
431 1912 461 1952 ΙΙ
493 1911 775 1953 Cantabrorum
808 1915 847 1951 et
878 1915 968 1951 sunt
999 1911 1037 1950 in
1069 1908 1212 1950 Iudaea
1232 1910 1305 1950 sub
1329 1909 1396 1950 Cn.
1421 1910 1608 1963 Pompeio
1629 1910 1741 1951 Lon—

131 1971 239 2023 gino,
272 1971 337 2024 qui
370 1971 488 2023 quina
522 1975 560 2011 et
593 1971 730 2010 vicena
762 1970 954 2023 stipendia
986 1972 1210 2008 meruerant
1250 1980 1417 2019 quorum
1449 1969 1607 2009 nomina
1637 1969 1741 2010 sub-

132 2032 279 2084 scripta
310 2034 417 2079 sunt,
450 2030 543 2082 ipsis
574 2029 710 2069 liberis
743 2029 994 2082 posterisque
1026 2038 1162 2067 eorum
1197 2027 1392 2067 civitatem
1419 2026 1526 2067 dedit
1548 2033 1586 2068 et
1609 2039 1741 2069 conu-

132 2089 237 2129 bium
270 2100 357 2128 cum
400 2089 592 2129 uxoribus
634 2100 730 2140 quas
773 2092 865 2128 tunc
907 2086 1133 2128 habuissent
1175 2098 1260 2125 cum
1295 2091 1354 2127 est
1396 2086 1533 2127 civitas
1564 2086 1610 2127 iis
1653 2086 1741 2127 data

132 2152 198 2188 aut
229 2147 329 2200 siqui
362 2147 535 2187 caelibes
574 2152 711 2188 essent
754 2159 841 2187 cum
883 2146 929 2186 iis
971 2156 1068 2198 quas
1111 2149 1248 2197 postea
1292 2144 1500 2186 duxissent
1539 2144 1742 2187 dumtaxat

132 2206 277 2260 singuli
308 2205 498 2259 singulas.

273 2263 318 2304 A.
350 2265 397 2304 D.
431 2264 488 2305 Ill.
522 2263 612 2305 Idus
645 2264 779 2305 Maias.

270 2323 362 2364 Sex.
397 2323 563 2363 Octavio
595 2323 810 2374 Frontone,
844 2322 887 2363 Ti
918 2321 1013 2363 Iulio
1047 2319 1220 2362 Candido
1253 2320 1377 2361 Mario
1411 2320 1530 2362 Celso
1562 2321 1655 2363 Cos.

274 2381 369 2422 Coh.
404 2381 445 2421 ΙΙ.
479 2381 675 2423 Thracum
708 2382 770 2422 cui
801 2385 936 2435 praest
967 2379 1152 2421 Claudius
1183 2379 1392 2421 Montanus
1434 2381 1557 2433 equiti
1593 2380 1740 2422 Seuthe

134 2439 323 2481 Traibithi
353 2440 394 2480 F.
427 2439 508 2481 Col.
543 2440 684 2481 Oletic.

273 2499 523 2553 Descriptum
557 2504 597 2539 et
629 2499 866 2553 ricognitum
899 2511 950 2538 ex
982 2497 1112 2538 tabula
1144 2509 1288 2547 aenea,
1321 2509 1422 2549 quae
1453 2498 1531 2539 fixa
1562 2503 1625 2540 est
1655 2498 1742 2540 Ro-

132 2570 220 2598 mae
250 2559 289 2598 in
323 2558 531 2611 Capitolio.
563 2580 618 2586 —
651 2561 688 2597 In
721 2560 976 2607 Trunsylvania
1015 2564 1148 2607 repert.
1209 2559 1341 2596 Primus
1373 2558 1485 2596 edidit
1525 2560 1564 2596 G.
1596 2560 1741 2598 Henzen

135 2619 317 2667 docteque
350 2619 524 2667 explicuit
554 2619 589 2656 iu
621 2620 840 2656 Iahrbiicher
871 2619 933 2655 des
965 2618 1115 2654 Vereins
1137 2619 1201 2654 der
1219 2617 1616 2656 Altherthumsfreunde
1642 2619 1740 2656 Fase.

134 2676 223 2714 Xlll.
257 2691 291 2727 p.
324 2677 378 2714 26
392 2689 493 2726 seqq.
525 2682 561 2715 et
592 2678 752 2716 Bulletiu.
785 2677 869 2715 dett'
901 2677 980 2714 inst.
1014 2678 1108 2714 arch.
1145 2676 1266 2714 1848.
1296 2688 1330 2725 p.
1362 2676 1416 2713 24
1430 2688 1530 2726 seqq.

137 2884 162 2929 ('
252 2838 314 2922 At}
335 2840 383 2894 §36
409 2852 441 2885 p.
469 2840 539 2930 (fh.)
555 2847 622 2876 nat.
657 2857 697 2862 -—
733 2839 771 2883 2)
797 2841 844 2874 sic
869 2839 957 2874 male
986 2850 1046 2884 pro
1073 2841 1237 2883 equilibus.
1274 2858 1314 2864 —
1350 2838 1390 2883 3)
1423 2840 1557 2874 colonia
1582 2839 1743 2875 Olciticos

156 2898 174 2920 ι.
199 2897 228 2920 e.
283 2901 299 2921 υ
315 2899 372 2923 aie
398 2893 519 2928 τεῖχος.

735 3003 835 3008 -—.,..-
843 3002 1148 3010 *0*—
