1877 3313
710 155 741 197 §.
768 154 800 189 6.
850 154 958 200 Leges
983 160 1017 189 et
1042 155 1232 200 plebiscita.
1689 156 1774 200 211

164 260 280 313 qeive
319 257 370 315 [l.
414 257 583 315 queive]
628 257 697 316 [ab
742 273 882 302 eorum
926 273 1006 315 quo
1051 264 1161 315 emit,
1210 262 1372 316 emerit,
1413 261 1523 316 quod
1563 262 1651 308 eius
1692 265 1778 322 agri

163 332 242 362 non
273 319 536 361 abalienatum
569 324 643 373 est,
675 320 727 361 ita
758 321 838 362 utei
870 333 902 362 s.
935 333 970 362 s.
1003 327 1076 363 est.

853 391 979 446 Caput
1010 392 1088 433 VII.

304 450 371 492 Sei
403 451 490 505 quis
523 463 674 501 eorum,
708 451 864 504 quibus,
896 452 948 492 ita
979 452 1060 493 utei
1091 465 1122 492 s.
1156 464 1187 493 s.
1221 458 1299 506 est,
1329 466 1428 509 ager
1457 455 1499 496 in
1531 459 1642 497 terra
1671 452 1780 496 Italia

163 509 277 551 datus
308 509 536 564 adsignatus
567 508 765 565 redditu]s
798 515 872 561 est,
904 523 956 551 ex
986 512 1247 564 possessione
1283 514 1322 554 vi
1354 514 1506 555 eiectus
1547 519 1629 568 est,
1671 513 1780 568 quod

162 569 248 610 eius
279 569 312 610 is
344 570 413 622 qui
444 570 597 610 eiectus
631 574 716 619 est,
748 568 999 623 possederit,
1033 570 1140 624 quod
1172 584 1304 625 neque
1337 573 1374 613 vi
1404 585 1538 627 neque
1575 574 1677 615 clam
1698 585 1779 615 ne-

164 640 243 682 que
273 628 456 682 precario
487 628 740 682 possederit,
772 628 820 669 ab
853 641 918 681 eo,
949 630 1042 681 quei
1076 642 1165 670 eum
1207 643 1252 672 ea
1285 633 1562 685 possesionem
1593 631 1643 686 (l.
1675 644 1780 687 pos—

162 685 352 742 sesione)
396 687 433 728 vi
472 684 685 742 eiec[erit,
718 692 798 728 tum
831 700 890 741 pr.
924 689 1128 739 consolve,
1161 702 1278 742 quem
1311 703 1364 731 ex
1394 691 1430 732 h.
1464 691 1488 732 l.
1522 691 1572 733 de
1605 704 1655 734 eo
1677 704 1780 747 agro

162 747 224 787 ius
255 745 419 787 deicere
450 747 669 800 oportebit,
703 752 794 787 ante
827 747 940 788 eidus
972 745 1153 803 mart]ias
1193 761 1295 802 quae
1327 755 1417 804 post
1448 750 1485 792 h.
1516 751 1540 792 1.
1571 763 1658 806 rog.
1692 752 1782 806 pri-

163 817 251 846 mae
282 810 412 856 erunt,
444 805 578 856 facito,
612 807 695 847 utei
727 807 773 856 is,
806 808 898 859 quei
930 807 980 847 ita
1015 808 1051 848 vi
1073 808 1225 849 eiectus
1250 806 1361 862 e[rit,
1394 822 1480 850 eam
1501 811 1781 863 possesionem

162 863 267 906 unde
300 865 339 906 vi
368 865 520 906 eiectus
552 864 685 917 fuerit,
717 877 900 918 quaeque
933 870 1027 907 tunc
1057 867 1135 908 ibei
1166 867 1311 919 habuit,
1343 873 1566 923 recuperet.

839 936 964 991 Caput
994 937 1087 978 VIII.

304 995 406 1044 Quei
437 1008 536 1050 ager
577 995 690 1037 Iocus
731 996 909 1049 publicus
950 997 1085 1050 popuii
1125 998 1327 1050 romanei,
1370 998 1527 1052 quodve
1558 999 1780 1043 aedificium

163 1066 215 1095 ex
245 1054 336 1110 lege
368 1054 552 1108 plebeive
583 1052 708 1109 sci]to
741 1067 845 1096 exve
878 1056 912 1096 h.
935 1056 958 1097 l.
992 1057 1185 1109 privatum
1217 1056 1360 1098 factum
1383 1063 1458 1111 est,
1490 1071 1563 1112 pro
1596 1071 1646 1102 co
1678 1072 1780 1115 agro

161 1114 251 1156 Ioco
284 1114 488 1165 aedificio,
522 1127 677 1167 proque
708 1115 903 1168 scriptura
937 1116 1117 1169 pecoris,
1160 1116 1266 1169 quod
1297 1117 1334 1156 in
1367 1129 1416 1158 eo
1447 1130 1546 1172 agro
1587 1120 1780 1172 pascitur,

162 1177 371 1227 postquam
412 1173 622 1228 vectigalia
663 1175 933 1225 constiterint,
976 1187 1080 1227 quae
1122 1181 1212 1229 post
1250 1175 1286 1215 h.
1321 1172 1364 1230 [Ι.
1398 1181 1578 1231 rogatam
1609 1179 1781 1233 primum

163 1233 425 1284 constiterint,
456 1234 613 1286 neiquis
635 1234 887 1285 magistratus
920 1246 1045 1287 prove
1067 1235 1298 1287 magistratu
1320 1235 1454 1286 facito,
1486 1249 1567 1289 quo
1590 1238 1677 1290 quis
1698 1250 1780 1290 po-

162 1291 256 1346 pulo
289 1304 455 1333 romano
487 1290 574 1346 aut!
608 1292 817 1345 publicano
860 1290 1086 1345 pequnia¹)
1130 1294 1389 1346 scripturam,
1433 1296 1656 1350 vectigalve
1698 1296 1780 1349 det,

164 1351 311 1392 dareve
343 1351 508 1400 debeat,
551 1352 668 1391 neive
710 1352 798 1403 quis
841 1347 908 1403 [de
941 1363 989 1391 ea
1020 1364 1065 1391 re
1098 1350 1146 1391 ad
1178 1357 1359 1393 senatum
1391 1352 1546 1395 referto
1588 1355 1707 1396 neive
1738 1356 1780 1398 in

162 1415 303 1452 senatu
333 1412 567 1451 sententiam
602 1409 759 1461 deicito,
791 1411 908 1450 ncivc
939 1409 1066 1461 ferto,
1099 1411 1214 1451 ncive
1247 1412 1335 1464 quis
1377 1411 1497 1453 iudex
1539 1415 1780 1456 sententiam

164 1469 309 1510 deicito
343 1482 420 1522 quo
464 1470 549 1522 quis
593 1469 643 1509 ob
687 1481 771 1509 eam
813 1482 896 1510 rem
939 1470 1084 1522 popolo
1126 1482 1290 1511 romano
1323 1475 1389 1512 aut
1430 1471 1641 1525 publicano
1683 1473 1780 1528 quid

163 1525 341 1584 debeat],
373 1541 506 1581 quove
538 1528 629 1581 quid
662 1529 713 1569 ob
747 1541 831 1568 eam
865 1541 948 1569 rem
980 1528 1126 1582 populo
1149 1534 1214 1570 aut
1232 1530 1439 1583 publicano
1472 1530 1588 1573 detur
1608 1534 1779 1588 exsiga—

159 1672 290 1719 suerit,
335 1673 441 1720 quive
474 1674 518 1709 ab
551 1684 674 1710 eorum
707 1685 778 1721 quo
812 1673 895 1710 emit
928 1673 1054 1711 emerit
1086 1675 1184 1722 quod
1215 1675 1291 1712 eius
1325 1675 1404 1724 agri
1435 1687 1506 1714 non
1539 1676 1777 1717 abalienatum

159 1736 235 1779 est,
265 1732 313 1769 ita
346 1732 395 1769 uti
427 1744 535 1781 supra
567 1732 736 1781 scriptum
768 1737 832 1770 est.

851 1804 965 1853 Caput
1008 1805 1082 1842 VII.

303 1863 342 1900 Si
374 1863 451 1911 quis
483 1873 625 1910 eorum,
656 1864 782 1911 quibus
815 1864 863 1901 ita
897 1864 945 1901 uti
976 1875 1083 1913 supra
1115 1864 1284 1913 scriptum
1316 1870 1371 1903 est
1388 1877 1478 1914 ager
1498 1866 1532 1904 in
1555 1871 1650 1906 terra
1672 1868 1774 1906 Italia

158 1923 262 1960 datus
293 1922 500 1969 adsignatus
531 1923 693 1959 redditus
726 1928 802 1970 est,
835 1935 880 1960 ex
912 1924 1145 1971 possessione
1176 1925 1210 1961 vi
1243 1924 1376 1962 eiectus
1409 1930 1477 1973 est,
1508 1927 1606 1975 quod
1638 1927 1712 1964 eius
1743 1928 1773 1965 is

158 1981 217 2031 qui
249 1982 384 2019 eiectus
418 1987 497 2028 est,
537 1982 767 2030 possederit,
809 1983 908 2031 quod
950 1994 1066 2031 neque
1098 1984 1133 2020 vi
1165 1995 1282 2031 neque
1322 1985 1413 2022 clam
1455 1997 1575 2034 neque
1605 1986 1772 2035 precario

156 2041 364 2090 possederit
395 2042 438 2078 ab
471 2052 517 2078 eo
549 2041 607 2089 qui
639 2053 719 2078 eum
752 2054 794 2079 ea
834 2043 1063 2090 possessione
1094 2043 1127 2080 vi
1161 2043 1331 2089 eiecerit,
1372 2048 1445 2081 tum
1487 2049 1638 2093 praetor
1677 2057 1772 2083 con-

157 2101 274 2147 solve,
305 2112 410 2148 quem
443 2112 489 2137 ex
521 2101 588 2137 hac
619 2101 703 2148 lege
734 2102 779 2138 de
812 2113 857 2138 eo
890 2113 981 2148 agro
1013 2102 1065 2139 ius
1098 2102 1218 2139 dicere
1250 2103 1434 2151 oportebit
1465 2108 1549 2141 ante
1573 2104 1650 2142 idus
1673 2105 1770 2142 Mar-

156 2159 246 2206 tias,
287 2172 379 2208 quae
410 2164 494 2208 post
524 2161 615 2197 hanc
646 2161 764 2207 legem
798 2165 962 2208 rogatam
994 2162 1129 2210 primae
1161 2167 1286 2208 eruut,
1330 2162 1463 2209 facito,
1505 2167 1542 2200 ut
1572 2163 1601 2200 is
1633 2164 1691 2212 qui
1722 2164 1771 2202 ita

157 2219 191 2256 vi
224 2219 358 2256 eiectus
391 2219 470 2265 erit,
503 2231 580 2256 eam
612 2219 880 2268 possessionem
912 2221 1005 2258 unde
1037 2221 1071 2257 vi
1103 2221 1236 2258 eiectus
1269 2221 1390 2270 fuerit,
1423 2232 1589 2272 quaeque
1618 2228 1700 2262 tunc
1722 2223 1772 2262 ibi

156 2278 302 2326 habuit,
333 2283 537 2327 recuperet.

849 2350 963 2399 Caput
990 2351 1081 2389 VIII.

298 2420 369 2465 Qui
400 2432 490 2469 ager
521 2421 622 2458 locus
653 2422 815 2471 publicus
847 2423 970 2471 populi
1002 2421 1158 2469 romani,
1199 2423 1344 2471 quodve
1376 2424 1572 2462 aedificium
1604 2436 1651 2462 ex
1683 2425 1769 2473 Iege

157 2479 304 2528 plebive
336 2480 428 2517 scito
461 2492 555 2517 exve
586 2481 654 2518 hac
683 2481 766 2529 iege
797 2482 974 2530 privatum
1006 2483 1136 2519 factum
1170 2487 1236 2528 est,
1266 2495 1334 2532 pro
1368 2495 1412 2521 eo
1445 2496 1534 2532 agro
1559 2485 1641 2522 Ioco
1662 2485 1766 2522 aedi-

156 2538 239 2575 ficio
271 2549 412 2588 proque
444 2539 618 2589 scriptura
649 2540 793 2589 pecoris
826 2542 923 2589 quod
955 2541 988 2578 in
1022 2552 1066 2578 eo
1099 2552 1189 2588 agro
1221 2543 1388 2590 pascitur,
1420 2548 1627 2594 postquam,
1648 2544 1766 2582 vecti-

157 2597 254 2645 galia
287 2598 525 2646 constiterint,
557 2611 648 2647 quae
680 2604 763 2648 post
794 2601 885 2637 hanc
916 2600 1036 2647 legem
1067 2605 1232 2646 rogatam
1263 2601 1412 2650 primum
1443 2602 1689 2650 constiterint,
1720 2615 1766 2642 ne

157 2655 233 2704 quis
264 2657 491 2704 magistratus
521 2669 637 2706 prove
663 2659 873 2705 magistratu
906 2659 1027 2706 facito,
1059 2670 1130 2707 quo
1163 2659 1239 2707 quis
1271 2662 1408 2710 populo
1440 2670 1589 2699 romano
1612 2667 1672 2700 aut
1691 2675 1764 2712 pu·-

156 2715 296 2753 blicano
327 2716 527 2764 pecuniam,
558 2717 784 2766 scripturam,
817 2718 1021 2765 vectigalve
1054 2719 1128 2765 det,
1161 2718 1294 2756 dareve
1327 2721 1469 2767 debeat,
1501 2732 1595 2758 neve
1617 2721 1694 2770 quis
1717 2723 1764 2760 de

159 2784 200 2811 ea
231 2786 272 2812 re
303 2775 348 2812 ad
380 2780 539 2812 senatum
571 2777 732 2824 referto,
774 2789 866 2814 neve
896 2777 930 2814 in
963 2782 1087 2814 senatu
1125 2778 1336 2816 sententiam
1369 2780 1497 2827 dicito,
1529 2791 1622 2818 neve
1653 2781 1764 2830 ferto,

158 2843 249 2872 neve
280 2833 357 2883 quis
388 2834 500 2872 iudex
530 2835 746 2874 senteutiam
777 2836 904 2884 dicito,
936 2847 1007 2885 quo
1039 2835 1116 2885 quis
1145 2837 1194 2875 ob
1225 2850 1303 2876 eam
1334 2850 1410 2877 rem
1439 2840 1577 2889 populo
1608 2845 1668 2879 aut
1687 2853 1762 2892 pu-

299 2977 336 3023 1)
359 2981 503 3026 pequm‘a
526 2991 589 3027 pro
610 2981 799 3027 pecuniam.

1453 3040 1551 3088 14*
