1877 3313
462 153 492 195 §.
518 153 550 188 4.
598 153 847 188 Professionum
873 150 1063 186 liberalium
1089 156 1123 186 et
1147 151 1313 196 opificum.
1609 149 1666 191 89

67 257 217 316 zusa¹)
249 271 364 301 uxor.
406 259 466 301 Vi.
501 257 613 315 ...²)
645 260 766 302 XXV.
802 282 852 289 --
887 260 1053 298 Catanae.
1085 261 1213 298 Donat.
1245 260 1288 298 Π.
1318 272 1353 310 p.
1386 259 1480 296 395.
1526 259 1664 296 Torre-

67 333 202 360 muzza.
232 333 268 370 p.
301 321 365 359 62.
414 321 509 358 Orel.
541 321 666 359 4177.

66 457 87 495 R
208 398 302 434 735.
364 394 409 443 Q.
443 395 648 437 Cornelius
681 394 727 444 Q.
762 399 802 435 et
833 393 877 435 O.
901 393 944 434 L.
971 393 1183 447 Nicephor.
1213 392 1403 448 sagariuS.
1435 413 1491 420 -—-
1522 394 1668 431 Romae.

85 458 153 495 Iur.
183 469 217 506 p.
250 457 345 495 948.

209 527 303 564 736.
364 524 415 565 Μ.
448 524 654 565 Cornelius
684 524 806 565 Hiero
837 524 882 564 V.
908 523 948 563 F.
977 523 1050 564 sibi
1075 527 1113 564 et
1137 521 1342 564 Corneliae
1363 519 1526 562 Heroidi
1549 520 1667 561 uxori

67 585 294 626 carissimae
327 588 365 624 et
395 583 447 624 M.
480 582 665 624 Cornelio
698 583 825 636 Carpo
857 582 952 623 iuris
983 580 1163 623 studioso
1190 581 1338 622 libertis
1358 579 1665 632 libertabusque.

67 665 124 673 —--
153 646 313 682 Iaderae.
345 645 430 681 Mur.
463 657 496 692 p.
529 644 624 680 948.

40 770 43 772 Ὗ
209 720 302 757 737.
362 717 404 757 D.
444 717 495 758 M.
539 717 577 758 S.
621 717 690 758 Cn.
723 716 906 757 Cornelio
939 714 1006 756 Cn.
1039 715 1079 756 F.
1115 712 1259 770 Sab.3]
1290 715 1455 756 Musaeo
1495 713 1665 766 mancipi

66 776 155 818 viae
185 775 335 832 Appiae
365 776 563 816 Herennia
594 775 769 816 Priscilla
811 775 972 831 coniugi
1012 775 1113 815 bene
1145 775 1309 815 merenti
1341 772 1447 814 fecit.
1479 795 1534 802 —
1565 775 1665 812 Rom.

68 838 169 876 Grut.
200 850 234 886 p.
269 837 364 874 622.
412 837 506 874 Orel.
541 837 664 874 3221.

193 913 302 1008 9738.
362 910 403 952 Ρ.
437 910 577 952 Curius
608 910 754 964 Eupor.
789 910 964 952 tibiarius
994 909 1043 951 de
1075 921 1188 951 sacra
1219 909 1293 951 via.
1322 931 1371 938 —-
1406 911 1551 948 Romae.
1581 911 1668 948 Mur.

66 985 100 1023 p.
133 973 187 1010 94
222 1001 229 1009 .

209 1043 302 1080 739.
362 1040 409 1081 D.
452 1040 503 1082 Μ.
547 1041 811 1082 Decimiorum
853 1040 986 1081 Fausti
1019 1044 1057 1080 et
1087 1039 1290 1080 Fortunati
1322 1039 1530 1081 cabatores
1544 1035 1586 1094 4)
1620 1037 1670 1079 de

65 1099 128 1140 via
159 1112 274 1141 sacra
305 1098 486 1140 fecerunt
525 1100 599 1140 sibi
631 1104 670 1139 et
701 1099 848 1140 libertis
889 1099 1184 1152 libertabusque
1225 1099 1476 1152 posterisque
1516 1110 1667 1139 eorum.

67 1181 121 1188 --
152 1162 297 1198 Romae.
330 1161 427 1198 Grut.
461 1160 554 1198 622.
601 1161 696 1197 Orel.
730 1159 854 1196 4155.

210 1237 303 1274 740.
364 1231 427 1288 (In
460 1237 676 1273 monumenti
707 1236 896 1283 Eurysaois
929 1237 1042 1273 latere
1074 1230 1334 1287 occidentali]:

205 1293 275 1334 Est
314 1293 388 1333 hoc
424 1294 706 1333 monimentum
747 1293 898 1345 Margei
939 1291 1113 1346 Vergilei
1153 1291 1365 1344 Eurysacis
1406 1290 1566 1344 pistoris
1597 1302 1669 1331 re-

68 1351 285 1406 demptoris
317 1356 491 1405 apparet.
513 1348 553 1406 ⁵)

277 1407 340 1465 (In
372 1413 485 1449 latere
517 1407 789 1462 meridionali]:

204 1468 273 1510 Est
307 1469 382 1509 hoe
413 1473 707 1509 monumentum
739 1468 863 1508 Marci
896 1467 1058 1522 Vergilii
1089 1466 1280 1521 Eurysac.

278 1524 341 1581 (In
374 1530 484 1566 latere
516 1524 829 1581 septentrionali}

206 1585 256 1628 Μ.
289 1585 436 1626 Marcei
467 1586 643 1639 Vergilei
673 1585 885 1639 Eurysacis
917 1586 1077 1638 pistoris
1108 1584 1370 1637 redemptoris
1401 1587 1576 1638 apparet.
1594 1579 1633 1639 ⁵)

277 1642 340 1699 (In
372 1645 491 1695 lapide
523 1649 566 1683 ad
598 1647 691 1683 idem
724 1652 986 1684 monumentum
1017 1641 1268 1698 pertinente}

206 1704 292 1744 Fuit
323 1703 461 1744 Atistia
494 1716 595 1743 uxor
626 1703 765 1752 miliei;
813 1702 955 1743 femina
989 1704 1159 1756 opiturna
1191 1703 1355 1752 veixsit3
1398 1701 1540 1755 quoius
1572 1712 1671 1742 cor-

65 1763 174 1818 poris
206 1762 410 1815 reliquiae,
442 1761 548 1815 quod
564 1759 603 1816 ⁶)
636 1767 847 1815 superant,
888 1766 979 1802 sunt
1010 1763 1048 1802 in
1081 1761 1155 1801 hoo
1187 1763 1359 1813 panario.
1400 1783 1455 1792 --
1495 1763 1675 1812 Explicuit

67 1827 128 1861 has
160 1824 410 1872 inscriptiones
444 1823 528 1860 Otto
560 1824 652 1860 Jahn
683 1824 716 1860 in
748 1823 874 1860 Annali
907 1823 1116 1868 arclieolog.
1153 1821 1274 1858 1838.
1313 1822 1391 1859 Vol.
1423 1822 1466 1859 X.
1505 1834 1540 1870 p.
1573 1821 1672 1860 231.

66 1883 213 1921 laudans
247 1883 292 1919 de
324 1883 453 1919 eodem
481 1887 692 1929 argumento
727 1883 791 1918 hos
825 1881 934 1918 libros
967 1885 1183 1918 tractantes:
1218 1881 1301 1917 Cav.
1332 1881 1432 1927 Luigi
1461 1881 1545 1918 Grili
1567 1880 1670 1917 Brevi

67 1936 169 1979 cenni
201 1941 235 1977 di
268 1953 313 1977 un
345 1946 574 1978 monumento
608 1945 777 1989 scoperto
811 1953 828 1977 a
861 1941 966 1978 Porta
999 1940 1198 1986 maggiore.
1230 1940 1352 1976 Roma.
1379 1939 1499 1976 1838.
1521 1939 1670 1977 For—-

66 2001 196 2037 March.
230 2000 268 2036 G.
301 2000 518 2045 melchion-i,
549 1999 658 2036 Cenni
689 1999 834 2036 intorno
867 2000 897 2035 al
930 2003 1161 2035 monumento
1195 1999 1395 2046 sepolcrale
1420 1998 1454 2034 di
1475 1999 1669 2044 Eurysace.

66 2059 164 2096 Rom.
201 2058 321 2095 1838.
355 2059 390 2095 8.
433 2079 488 2084 —
529 2059 568 2094 E.
610 2058 722 2094 Braun
766 2070 785 2093 e
828 2062 933 2094 conte
975 2058 1068 2094 Bart.
1104 2057 1289 2103 Borghesi,
1322 2056 1480 2093 Bulletin.
1513 2057 1669 2093 archeol.

70 2117 190 2154 1838.
224 2130 258 2165 p.
296 2117 388 2154 165.
436 2117 539 2154 Adde
572 2117 691 2163 Bergk
722 2116 924 2153 Zeitsclirift
958 2117 980 2152 f.
1014 2116 1144 2153 A.-W.
1182 2115 1302 2151 1848.
1336 2114 1431 2151 277.

208 2193 301 2229 741.
364 2191 531 2231 Faustus
563 2189 750 2243 Popillius
781 2191 937 2231 institor
969 2193 1156 2243 unguent.
1190 2211 1244 2218 --
1277 2192 1418 2229 Romae.
1451 2190 1547 2228 Grut.
1577 2191 1670 2228 636.

66 2252 160 2289 Orel.
192 2252 320 2288 4203.

206 2328 302 2364 742.
363 2325 430 2366 Dis
472 2325 651 2365 Manibus
698 2325 738 2364 L.
783 2325 901 2365 Faeni
943 2324 1120 2365 Ursionis
1163 2323 1279 2365 Thur.
1298 2321 1337 2378 ⁷)
1377 2323 1533 2377 coniugi
1569 2323 1671 2363 bene

66 2385 233 2424 merenti
275 2384 410 2438 Tyche
451 2383 590 2424 liberta
632 2383 736 2424 fecit.
779 2406 833 2411 —
876 2387 914 2423 In
954 2386 1067 2422 Ischia
1107 2385 1229 2422 insula.
1272 2385 1395 2422 Murat.
1426 2385 1467 2422 II.
1510 2397 1543 2432 p.
1576 2384 1671 2421 952.

64 2445 381 2482 Raout-Roehette
421 2445 624 2492 Antiquites
657 2446 770 2482 chret.
814 2445 877 2481 des
920 2445 1124 2482 Catacomb.
1167 2444 1201 2481 in
1242 2445 1343 2481 Mem.
1386 2444 1431 2481 de
1467 2443 1602 2481 l'Acad.
1636 2443 1669 2480 d.

64 2505 173 2541 Inscr.
204 2505 241 2540 T.
272 2504 364 2541 XIII.
397 2516 432 2552 p.
469 2504 564 2540 707.
598 2509 670 2541 not.
704 2503 741 2540 2.

209 2619 244 2662 1)
270 2619 455 2663 legendum
481 2619 634 2652 videtur:
661 2618 806 2652 Claudia
830 2619 984 2652 Paezusa.
1014 2635 1054 2640 —
1082 2616 1120 2660 2)
1146 2619 1228 2652 vixit
1253 2630 1367 2652 annos.
1397 2635 1435 2641 —
1473 2616 1510 2660 3)
1537 2617 1669 2651 Sabba-

65 2668 131 2700 tina
157 2665 256 2699 tribu.
284 2685 324 2689 —
352 2664 389 2708 4)
416 2668 436 2699 i.
464 2677 494 2710 q.
522 2672 710 2699 cavatores.
738 2684 779 2689 —-
815 2667 853 2708 5)
879 2666 1088 2698 Postremum
1115 2665 1255 2699 verbum
1282 2671 1465 2710 apparet
1490 2666 1583 2699 varie
1609 2675 1669 2698 ex-

64 2713 209 2756 plicant;
247 2712 385 2746 Griiius:
426 2714 650 2757 apparemus,
687 2713 760 2746 vel:
799 2712 987 2746 absolutum
1027 2714 1168 2756 pecunia
1202 2715 1338 2758 propria
1372 2723 1413 2746 ex
1451 2717 1671 2754 testament03

66 2760 257 2793 Melchiorri
291 2766 324 2793 et
355 2760 539 2803 Borghesi:
576 2766 829 2804 apparet0r11m3
866 2759 1130 2792 Forchhammer
1161 2771 1223 2804 pro
1256 2761 1353 2793 tert-ia
1380 2769 1524 2802 persona
1551 2761 1671 2803 accipit

67 2818 109 2840 eo
135 2818 256 2847 sensu,
283 2812 318 2839 ut
343 2808 404 2839 sit:
432 2807 494 2839 hoc
520 2813 632 2850 patet,
659 2807 723 2839 hoe
750 2807 875 2839 clarum
903 2812 953 2839 est
979 2803 1092 2849 sputa:
1119 2818 1192 2839 esse
1220 2811 1470 2840 monumentum
1496 2806 1668 2851 pistoris);

68 2852 105 2886 Ο.
130 2853 214 2886 Jahn
242 2860 274 2887 et
300 2855 369 2897 ipse
405 2865 465 2897 pro
503 2855 600 2886 tertia
628 2864 770 2897 persona
798 2853 893 2886 verbi
921 2854 1063 2895 accipit,
1105 2854 1163 2886 scd
1201 2865 1241 2886 co
1268 2864 1378 2893 sensu,
1405 2858 1440 2885 ut
1464 2854 1672 2896 significetur

67 2907 316 2934 monumentum
352 2900 539 2933 absolutum
574 2911 649 2933 esse
684 2906 716 2933 et
753 2902 795 2932 ita
830 2910 1005 2942 apparere.
1038 2915 1081 2920 -
1115 2900 1151 2942 6)
1187 2911 1266 2943 pro:
1299 2905 1381 2942 quot.
1411 2917 1449 2923 -
1486 2898 1523 2943 7)
1550 2900 1668 2934 Thurio

67 2946 140 2980 vel:
167 2947 292 2981 Thuris.
319 2947 554 2981 Raoul-Roch.
578 2946 825 2991 Explicandum
851 2947 980 2990 potius:
1006 2946 1145 2980 thurarii
1173 2958 1247 2980 cum
1274 2947 1469 2981 Muratorio.
