1877 3313
114 151 202 199 246
567 152 671 188 Inscr.
695 153 867 199 profanae.
915 153 996 200 Cap.
1021 152 1062 189 II.
1111 153 1271 191 Tabulae,

113 261 310 304 neminem
339 259 379 301 in
409 256 562 301 iudices
593 259 732 313 legise,
764 261 855 314 quei
887 261 1154 302 arvorsarium
1185 258 1282 316 ulla]
1316 261 1587 304 necesitudine
1608 261 1712 304 atin-

113 324 195 374 gat,
227 331 329 372 quae
360 328 480 371 supra
510 317 656 371 scripta
687 319 801 360 sient.
845 319 891 368 Q.
923 319 1029 360 unde
1062 320 1222 372 petitum
1253 320 1350 372 erit,
1392 318 1714 375 quom1[nus....

113 378 181 421 Sei
210 378 261 417 ita
292 381 485 429 uterque,
526 381 603 416 tam
644 377 677 417 is
716 378 806 430 quei
846 383 954 432 petet
986 391 1102 431 quam
1133 379 1166 419 is
1197 377 1303 419 unde
1334 383 1513 432 petetur,
1554 376 1714 433 C[vir0s

113 434 282 476 ediderit
312 435 555 486 imamque,
587 439 666 475 tum
699 438 755 476 eis
786 448 844 489 pr.
876 436 993 477 facito
1025 437 1106 477 utei
1138 437 1171 476 is
1203 436 1307 477 unde
1337 442 1517 489 petetur,
1559 437 1716 479 die....

115 490 367 548 [postquam]
401 493 487 533 eius
519 504 662 534 nomen
704 494 872 536 delatum
906 496 980 535 erit
1013 507 1113 547 quos
1147 495 1224 536 Cis
1256 497 1348 547 quei
1378 500 1508 549 petet,
1540 509 1593 536 ex
1623 496 1659 536 11.
1691 497 1715 536 Ι.

113 551 297 602 ediderit,
330 551 378 591 de
411 552 469 591 eis
501 551 651 592 iudices
685 549 734 606 [L
765 553 870 607 legat
901 558 941 593 et
972 554 1052 593 utei
1084 554 1117 593 is
1151 554 1241 606 quei
1272 558 1401 606 petet,
1443 554 1493 594 de
1524 555 1583 595 eis
1615 566 1716 607 quos

111 610 146 651 is
176 608 282 651 unde
317 614 487 664 petetur,
520 609 710 661 ediderit,
742 611 902 652 totidem
934 612 1086 652 iudices
1118 612 1234 665 legat.
1267 612 1331 653 Sei
1363 617 1545 665 uterque,
1577 617 1653 653 tam
1684 614 1717 653 is

114 669 206 721 quei
236 672 368 721 petet,
412 680 526 720 quam
557 668 590 709 is
623 671 765 722 quoius
806 667 972 725 nom]en
1006 683 1058 709 ex
1089 669 1123 709 11.
1156 670 1181 710 1.
1214 669 1382 711 delatum
1426 672 1526 722 erit,
1564 671 1718 712 iudices

113 739 166 766 ex
196 726 232 766 h.
265 726 289 767 1.
321 739 402 767 non
432 726 574 780 legerit
605 727 822 769 edideritve
853 730 1058 769 seive....
1093 742 1115 768 e
1147 728 1352 770 sodalitate
1384 730 1543 783 atingat,
1575 730 1719 782 queive

111 785 153 826 in
184 784 326 826 eodem
367 785 551 839 conlegio
583 786 681 838 siet,
722 799 773 826 ex
804 786 840 826 h.
872 787 895 827 1.
930 800 1008 828 11011
1043 800 1149 827 e....
1183 800 1272 828 eum
1305 800 1360 840 pr.
1393 787 1718 828 advorsariumve

112 854 266 884 moram
299 856 378 884 non
410 844 484 884 erit
516 845 725 897 quominus
757 845 863 899 legat
895 845 1205 886 edatve...,em
1250 846 1355 899 legat
1397 847 1488 898 quei
1519 847 1570 886 ita
1602 845 1718 886 lectei

115 907 248 955 erunt,
279 903 337 943 eis
368 903 406 942 in
440 915 525 943 eam
558 915 641 944 rem
673 902 824 944 iudices
856 909 971 944 sunto
1005 917 1224 957 eorumque
1256 901 1480 958 eit1[s....]

811 973 935 1027 Caput
965 974 1030 1014 IX.

255 1042 344 1083 Utei
375 1042 522 1097 scripta
554 1043 591 1083 in
635 1044 801 1085 taboleis
843 1043 1072 1084 habeantur.
1107 1043 1168 1083 Pr.
1202 1045 1293 1096 quei
1333 1057 1384 1083 ex
1414 1042 1450 1083 11.
1483 1043 1507 1084 1.
1541 1049 1721 1096 quaeret,

112 1100 231 1142 facito
267 1098 371 1156 [utei
402 1099 547 1156 viros],
581 1115 683 1154 quos
715 1103 748 1142 is
782 1102 872 1154 quei
904 1107 1012 1155 petet
1044 1106 1083 1142 et
1116 1101 1221 1142 unde
1254 1107 1412 1155 petetur
1450 1114 1502 1142 ex
1532 1101 1569 1142 11.
1600 1103 1624 1143 1.
1656 1102 1721 1143 le—

112 1161 246 1215 gerint
268 1158 476 1211 ediderint,
509 1173 662 1213 eosque
695 1165 896 1214 patronos,
932 1158 1056 1214 [quos
1088 1161 1120 1200 is
1154 1161 1245 1213 quei
1277 1161 1459 1213 petiverit
1491 1165 1529 1201 et
1549 1161 1582 1202 is
1615 1161 1720 1202 unde

111 1218 279 1272 petitum
311 1219 406 1269 erit,
438 1219 539 1259 sibei
572 1220 880 1269 nominaverint,
915 1219 1056 1270 queive
1088 1220 1163 1259 eiei
1195 1220 1287 1270 quei
1318 1224 1425 1272 petet
1456 1231 1478 1259 a
1509 1231 1567 1272 pr.
1601 1232 1653 1260 ex
1683 1220 1720 1260 11.

113 1278 139 1318 l.
173 1276 276 1318 datei
308 1281 438 1328 erunt,
470 1278 508 1317 in
541 1277 707 1318 taboleis
739 1277 929 1330 popliceis
962 1278 1132 1330 scriptos
1165 1277 1317 1327 habeat,
1349 1278 1467 1331 eique
1499 1275 1615 1332 q[uei
1646 1291 1722 1331 pe—

113 1336 247 1377 tiverit
278 1339 317 1376 et
349 1335 452 1375 unde
483 1336 643 1388 petitum
677 1336 764 1385 erit,
798 1336 886 1387 quei
919 1348 1056 1377 eorum
1089 1335 1209 1384 volet,
1242 1348 1293 1376 ex
1321 1336 1486 1377 taboleis
1508 1333 1721 1392 popli[ceis

117 1406 261 1436 eorum
292 1393 451 1435 nomina
481 1393 642 1448 legundi
676 1406 834 1447 semper
866 1395 954 1435 ious
987 1399 1244 1448 potestasque
1276 1392 1397 1450 esto]

820 1464 941 1519 Caput
975 1465 1023 1506 X.

254 1533 416 1576 Eisdem
447 1534 622 1577 ioudices
663 1536 777 1576 unius
820 1537 878 1576 rei
909 1536 947 1577 in
977 1541 1214 1591 perpetuom
1258 1536 1372 1578 sient.
1430 1537 1531 1585 Quei
1572 1536 1723 1579 iudices

115 1689 213 1727 dices
246 1688 394 1736 legisse,
426 1690 483 1737 qui
509 1690 749 1727 aduersarium
772 1692 839 1728 ulla
864 1692 1125 1728 necessitudine
1148 1692 1313 1738 attingat,
1345 1702 1437 1738 quae
1459 1702 1566 1739 supra
1589 1690 1721 1738 scripta

113 1748 192 1785 sint.
226 1748 266 1792 Q.
298 1749 391 1785 unde
422 1749 569 1797 petitum
603 1750 683 1795 erit,
717 1750 979 1797 quominus....
1012 1751 1048 1787 Si
1080 1751 1126 1787 ita
1161 1755 1308 1798 uterque
1342 1754 1412 1786 tam
1444 1750 1486 1795 is,
1519 1749 1576 1797 qui
1609 1753 1721 1797 petet,

114 1819 217 1855 quam
248 1807 289 1853 is,
322 1807 415 1843 unde
446 1812 588 1855 petetur
621 1813 791 1846 centenos
825 1809 921 1845 uiros
955 1810 1127 1855 ediderit,
1159 1810 1379 1857 iuraritque,
1412 1813 1483 1844 tum
1515 1808 1542 1844 is
1574 1808 1722 1844 Praetor

113 1866 247 1915 facito,
289 1870 325 1902 ut
355 1865 383 1902 is
426 1867 518 1902 unde
562 1871 705 1915 petetur
749 1868 806 1904 die
919 1873 1107 1915 postquam
1151 1868 1225 1905 eius
1267 1879 1397 1904 nomen
1441 1867 1597 1903 delatum
1642 1866 1721 1912 erit,

113 1936 203 1972 quos
235 1923 383 1961 Centum
413 1924 456 1970 is,
488 1925 546 1972 qui
578 1930 689 1974 petet,
723 1938 769 1963 ex
801 1927 866 1963 hac
898 1927 980 1973 lege
1012 1927 1176 1972 ediderit,
1210 1927 1254 1963 de
1285 1927 1335 1963 eis
1368 1925 1505 1962 iudices
1540 1925 1720 1972 quinqua-

114 1983 215 2030 ginta
248 1983 361 2030 }egat.,
393 1987 428 2020 et
460 1988 497 2019 ut
527 1984 553 2020 is
588 1985 644 2032 qui
678 1990 789 2033 petet,
823 1985 867 2022 de
899 1985 963 2031 eis,
994 1997 1082 2032 quos
1117 1986 1265 2022 Centum
1296 1985 1323 2021 is
1357 1985 1450 2021 uude
1473 1988 1614 2032 petetur
1639 1983 1721 2020 edi-

115 2041 230 2088 derit,
261 2042 410 2078 totidem
440 2042 574 2078 iudices
607 2045 718 2089 legat.
780 2044 816 2080 Si
849 2048 1012 2091 uterque,
1044 2048 1112 2080 lam
1145 2045 1171 2080 is
1205 2043 1262 2091 qui
1294 2048 1406 2092 petet,
1439 2054 1544 2090 quam
1567 2042 1594 2078 is
1619 2042 1715 2078 cuius

113 2111 245 2138 nomen
278 2111 323 2137 ex
354 2100 421 2137 hac
452 2101 536 2147 lege
568 2101 726 2138 delatum
760 2103 850 2148 erit,
883 2102 1154 2150 quinquagenos
1188 2101 1321 2138 iudices
1355 2114 1400 2138 ex
1434 2103 1500 2138 hac
1532 2102 1615 2148 lege
1650 2112 1721 2137 nou

113 2158 248 2205 legerit
271 2158 469 2195 edideritue
492 2160 567 2196 siue
591 2172 666 2197 e...
690 2161 880 2197 sodalitate
912 2161 1075 2208 attingat,
1108 2162 1212 2208 quiue
1245 2161 1277 2196 in
1310 2161 1439 2197 eodem
1472 2159 1632 2206 collegio
1663 2159 1721 2206 sit,

118 2230 165 2254 ex
196 2219 263 2254 hac
294 2218 378 2264 lege
411 2229 480 2254 non
514 2230 596 2255 e...
630 2232 707 2256 eum
739 2220 794 2256 Pr.
827 2220 1114 2256 aduersariumue
1146 2231 1279 2255 moram
1313 2230 1384 2256 non
1417 2219 1504 2264 erit,
1537 2217 1720 2265 quominus

115 2277 215 2323 legat
237 2276 366 2314 edatue
466 2288 520 2313 em
541 2278 650 2326 legat.
685 2278 750 2323 Qui
782 2279 829 2315 ita
861 2278 943 2314 lecti
976 2283 1092 2325 erunt,
1125 2278 1157 2315 ei
1188 2278 1220 2315 in
1255 2289 1331 2315 eam
1364 2289 1438 2314 rem
1459 2277 1594 2314 iudices
1616 2280 1720 2314 sunto

116 2347 311 2384 eorumque
343 2335 501 2373 eius....

814 2407 928 2456 Caput
965 2407 1023 2444 lx.

257 2476 317 2514 Vti
348 2476 480 2526 scripta
512 2476 545 2514 in
578 2478 706 2515 tabulis
738 2478 950 2516 habeantur.
1010 2479 1170 2523 Praetor,
1203 2477 1261 2525 qui
1293 2489 1338 2515 ex
1366 2478 1433 2514 hac
1453 2477 1538 2525 lege
1559 2481 1720 2525 quaeret,

116 2536 226 2575 facito
258 2540 297 2573 ut
338 2536 459 2584 uiros,
492 2548 581 2584 quos
614 2537 641 2573 is
674 2537 731 2585 qui
764 2541 877 2585 petet,
909 2541 946 2574 et
978 2537 1071 2574 unde
1103 2541 1246 2585 petetur
1277 2548 1323 2573 ex
1355 2537 1423 2573 hae
1453 2536 1536 2583 lege
1567 2536 1722 2583 legerint

118 2595 297 2633 ediderint
330 2606 466 2643 eosque
496 2599 682 2644 patronos,
714 2607 802 2643 quos
835 2596 878 2642 is,
910 2596 967 2644 qui
1000 2595 1181 2644 petiuerit,
1214 2600 1250 2632 et
1279 2596 1307 2633 is
1338 2594 1431 2631 unde
1462 2595 1610 2643 petitum
1642 2594 1721 2641 erit,

117 2654 182 2691 sibi
213 2653 485 2701 nominauerint,
517 2654 621 2702 quiue
657 2654 689 2690 ei
721 2655 779 2702 qui
810 2659 922 2703 petet,
955 2666 973 2691 a
1005 2655 1175 2691 Praetore
1209 2666 1253 2691 ex
1286 2655 1352 2691 hac
1383 2655 1467 2700 lege
1500 2653 1571 2690 dati
1604 2657 1720 2699 erunt,

117 2712 153 2748 in
184 2712 311 2750 tabulis
341 2713 488 2762 publicis
520 2713 672 2761 scriptos
702 2713 856 2759 habeat,
899 2713 1003 2761 eique
1044 2713 1102 2760 qui
1133 2712 1323 2760 petiuerit,
1364 2717 1402 2750 et
1440 2711 1535 2748 unde
1572 2712 1719 2761 petitum

119 2770 209 2818 erit,
248 2771 306 2819 qui
339 2782 462 2809 eorum
494 2771 615 2819 uolet,
649 2783 693 2808 ex
727 2773 854 2810 tabulis
886 2771 1036 2820 publicis
1070 2782 1191 2808 eorum
1224 2771 1366 2810 nomina
1399 2771 1545 2819 legundi
1577 2781 1718 2820 semper

118 2828 172 2865 ius
202 2834 434 2878 potestasque
466 2834 556 2869 esto.

499 2935 501 2937 ι
826 2890 939 2938 Caput
969 2889 1011 2925 X.

261 2946 385 2985 Eidem
416 2947 551 2986 iudices
582 2947 682 2985 unius
714 2948 764 2986 rei
797 2948 830 2986 in
862 2952 1071 2997 perpetuum
1101 2946 1180 2985 sint.
1242 2946 1307 2992 Qui
1339 2946 1473 2985 iudices
1511 2946 1554 2984 ab
1589 2945 1638 2983 eis
1669 2945 1717 2983 ita
