<?xml version="1.0" encoding="UTF-8"?>
<!DOCTYPE html PUBLIC "-//W3C//DTD XHTML 1.0 Transitional//EN"
    "http://www.w3.org/TR/xhtml1/DTD/xhtml1-transitional.dtd">
<html xmlns="http://www.w3.org/1999/xhtml" xml:lang="en" lang="en">
 <head>
  <title>
</title>
<meta http-equiv="Content-Type" content="text/html;charset=utf-8" />
  <meta name='ocr-system' content='tesseract 3.04.00' />
  <meta name='ocr-capabilities' content='ocr_page ocr_carea ocr_par ocr_line ocrx_word'/>
</head>
<body>
  <div class='ocr_page' id='page_1' title='image "./handbuchderrmi0103zelluoft_0017.png"; bbox 0 0 1877 3313; ppageno 0'>
   <div class='ocr_carea' id='block_1_1' title="bbox 447 733 1312 784">
    <p class='ocr_par' dir='ltr' id='par_1_1' title="bbox 447 733 1312 784">
     <span class='ocr_line' id='line_1_1' title="bbox 447 733 1312 784; baseline -0.003 0"><span class='ocrx_word' id='word_1_1' title='bbox 447 733 844 784; x_wconf 88' lang='lat' dir='ltr'><strong>CORRIGENDA</strong></span> <span class='ocrx_word' id='word_1_2' title='bbox 880 735 959 782; x_wconf 90' lang='lat' dir='ltr'>ET</span> <span class='ocrx_word' id='word_1_3' title='bbox 998 735 1312 783; x_wconf 83' lang='lat' dir='ltr'>ADDENDA.</span> 
     </span>
    </p>
   </div>
   <div class='ocr_carea' id='block_1_2' title="bbox 68 911 1686 3026">
    <p class='ocr_par' dir='ltr' id='par_1_2' title="bbox 220 911 1378 957">
     <span class='ocr_line' id='line_1_2' title="bbox 220 911 1378 957; baseline -0.003 -10"><span class='ocrx_word' id='word_1_4' title='bbox 220 913 301 957; x_wconf 83' lang='lat' dir='ltr'>Pag.</span> <span class='ocrx_word' id='word_1_5' title='bbox 330 913 359 946; x_wconf 86' lang='lat'>1.</span> <span class='ocrx_word' id='word_1_6' title='bbox 387 924 419 948; x_wconf 92' lang='grc' dir='ltr'>ιι.</span> <span class='ocrx_word' id='word_1_7' title='bbox 445 912 477 946; x_wconf 88' lang='lat'>3.</span> <span class='ocrx_word' id='word_1_8' title='bbox 504 918 573 946; x_wconf 90' lang='lat' dir='ltr'>not.</span> <span class='ocrx_word' id='word_1_9' title='bbox 599 912 631 948; x_wconf 85' lang='lat'>3.</span> <span class='ocrx_word' id='word_1_10' title='bbox 659 923 719 956; x_wconf 90' lang='lat' dir='ltr'>pro</span> <span class='ocrx_word' id='word_1_11' title='bbox 746 912 901 946; x_wconf 81' lang='lat' dir='ltr'>seticis</span> <span class='ocrx_word' id='word_1_12' title='bbox 927 912 1187 955; x_wconf 79' lang='lat' dir='ltr'>corrigendum:</span> <span class='ocrx_word' id='word_1_13' title='bbox 1213 911 1378 945; x_wconf 80' lang='lat' dir='ltr'>fidelis.</span> 
     </span>
    </p>

    <p class='ocr_par' dir='ltr' id='par_1_3' title="bbox 75 957 1682 1051">
     <span class='ocr_line' id='line_1_3' title="bbox 215 957 1682 1004; baseline -0.001 -10"><span class='ocrx_word' id='word_1_14' title='bbox 215 960 298 1004; x_wconf 79' lang='lat' dir='ltr'>Pag.</span> <span class='ocrx_word' id='word_1_15' title='bbox 324 959 355 994; x_wconf 89' lang='grc'>3.</span> <span class='ocrx_word' id='word_1_16' title='bbox 390 971 421 994; x_wconf 91' lang='lat' dir='ltr'>n.</span> <span class='ocrx_word' id='word_1_17' title='bbox 448 960 502 994; x_wconf 84' lang='lat'>23.</span> <span class='ocrx_word' id='word_1_18' title='bbox 537 970 614 1003; x_wconf 88' lang='lat' dir='ltr'>pro:</span> <span class='ocrx_word' id='word_1_19' title='bbox 653 960 820 995; x_wconf 79' lang='lat' dir='ltr'>Bullet.</span> <span class='ocrx_word' id='word_1_20' title='bbox 855 960 1055 994; x_wconf 81' lang='lat' dir='ltr'>archeol.</span> <span class='ocrx_word' id='word_1_21' title='bbox 1091 959 1190 993; x_wconf 84' lang='lat'>1832.</span> <span class='ocrx_word' id='word_1_22' title='bbox 1223 970 1255 1004; x_wconf 93' lang='lat' dir='ltr'>p.</span> <span class='ocrx_word' id='word_1_23' title='bbox 1292 959 1392 992; x_wconf 82' lang='grc'><strong>1831.</strong></span> <span class='ocrx_word' id='word_1_24' title='bbox 1428 957 1682 1003; x_wconf 81' lang='lat' dir='ltr'>corrigendum:</span> 
     </span>
     <span class='ocr_line' id='line_1_4' title="bbox 75 1006 775 1051; baseline -0.001 -10"><span class='ocrx_word' id='word_1_25' title='bbox 75 1006 251 1041; x_wconf 82' lang='lat' dir='ltr'>Bultet.</span> <span class='ocrx_word' id='word_1_26' title='bbox 277 1006 775 1051; x_wconf 78' lang='lat' dir='ltr'>arc11e01.1831.p.182.</span> 
     </span>
    </p>

    <p class='ocr_par' dir='ltr' id='par_1_4' title="bbox 76 1052 1685 1285">
     <span class='ocr_line' id='line_1_5' title="bbox 216 1052 1683 1098; baseline -0.001 -10"><span class='ocrx_word' id='word_1_27' title='bbox 216 1054 298 1097; x_wconf 77' lang='lat' dir='ltr'>Pag.</span> <span class='ocrx_word' id='word_1_28' title='bbox 325 1055 355 1088; x_wconf 91' lang='lat'>5.</span> <span class='ocrx_word' id='word_1_29' title='bbox 381 1065 412 1088; x_wconf 92' lang='grc' dir='ltr'>ιι.</span> <span class='ocrx_word' id='word_1_30' title='bbox 440 1055 494 1088; x_wconf 82' lang='lat'>44.</span> <span class='ocrx_word' id='word_1_31' title='bbox 521 1054 720 1087; x_wconf 82' lang='lat' dir='ltr'>Muratorius</span> <span class='ocrx_word' id='word_1_32' title='bbox 747 1055 766 1087; x_wconf 78' lang='lat'>1.</span> <span class='ocrx_word' id='word_1_33' title='bbox 794 1054 816 1087; x_wconf 80' lang='lat'>1.</span> <span class='ocrx_word' id='word_1_34' title='bbox 846 1054 940 1087; x_wconf 81' lang='lat' dir='ltr'>binas</span> <span class='ocrx_word' id='word_1_35' title='bbox 975 1065 1051 1087; x_wconf 79' lang='lat' dir='ltr'>aras</span> <span class='ocrx_word' id='word_1_36' title='bbox 1085 1054 1194 1093; x_wconf 76' lang='lat' dir='ltr'>affert,</span> <span class='ocrx_word' id='word_1_37' title='bbox 1232 1064 1372 1098; x_wconf 83' lang='lat' dir='ltr'>quarum</span> <span class='ocrx_word' id='word_1_38' title='bbox 1406 1052 1511 1086; x_wconf 81' lang='lat' dir='ltr'>altera</span> <span class='ocrx_word' id='word_1_39' title='bbox 1538 1052 1683 1097; x_wconf 77' lang='lat' dir='ltr'><strong>Neptuni</strong></span> 
     </span>
     <span class='ocr_line' id='line_1_6' title="bbox 76 1099 1684 1145; baseline -0.002 -10"><span class='ocrx_word' id='word_1_40' title='bbox 76 1107 110 1135; x_wconf 81' lang='lat' dir='ltr'>et</span> <span class='ocrx_word' id='word_1_41' title='bbox 134 1102 317 1135; x_wconf 80' lang='lat' dir='ltr'>Ventorum</span> <span class='ocrx_word' id='word_1_42' title='bbox 351 1108 420 1141; x_wconf 69' lang='lat' dir='ltr'>est,</span> <span class='ocrx_word' id='word_1_43' title='bbox 459 1101 562 1134; x_wconf 82' lang='lat' dir='ltr'>altera</span> <span class='ocrx_word' id='word_1_44' title='bbox 595 1101 866 1144; x_wconf 69' lang='lat' dir='ltr'>Tranquiilttiatis.</span> <span class='ocrx_word' id='word_1_45' title='bbox 916 1102 981 1134; x_wconf 83' lang='lat' dir='ltr'>Sed</span> <span class='ocrx_word' id='word_1_46' title='bbox 1017 1101 1173 1135; x_wconf 76' lang='lat' dir='ltr'>videntur</span> <span class='ocrx_word' id='word_1_47' title='bbox 1209 1103 1320 1145; x_wconf 86' lang='lat' dir='ltr'>potius</span> <span class='ocrx_word' id='word_1_48' title='bbox 1353 1106 1469 1133; x_wconf 81' lang='lat' dir='ltr'>ternae</span> <span class='ocrx_word' id='word_1_49' title='bbox 1502 1099 1578 1133; x_wconf 78' lang='lat' dir='ltr'>illae</span> <span class='ocrx_word' id='word_1_50' title='bbox 1604 1110 1684 1132; x_wconf 83' lang='lat' dir='ltr'>arae</span> 
     </span>
     <span class='ocr_line' id='line_1_7' title="bbox 76 1146 1685 1192; baseline 0 -11"><span class='ocrx_word' id='word_1_51' title='bbox 76 1159 151 1181; x_wconf 85' lang='lat' dir='ltr'>esse</span> <span class='ocrx_word' id='word_1_52' title='bbox 179 1148 267 1181; x_wconf 84' lang='lat' dir='ltr'>Antii</span> <span class='ocrx_word' id='word_1_53' title='bbox 293 1154 448 1191; x_wconf 79' lang='lat' dir='ltr'>repertae</span> <span class='ocrx_word' id='word_1_54' title='bbox 475 1154 507 1180; x_wconf 83' lang='lat' dir='ltr'>et</span> <span class='ocrx_word' id='word_1_55' title='bbox 534 1159 621 1181; x_wconf 83' lang='lat' dir='ltr'>nunc</span> <span class='ocrx_word' id='word_1_56' title='bbox 650 1151 680 1181; x_wconf 87' lang='lat' dir='ltr'>in</span> <span class='ocrx_word' id='word_1_57' title='bbox 709 1159 823 1181; x_wconf 78' lang='lat' dir='ltr'>musco</span> <span class='ocrx_word' id='word_1_58' title='bbox 851 1146 1041 1192; x_wconf 72' lang='lat' dir='ltr'>Capitolino</span> <span class='ocrx_word' id='word_1_59' title='bbox 1068 1153 1273 1188; x_wconf 77' lang='lat' dir='ltr'><strong>asservatae,</strong></span> <span class='ocrx_word' id='word_1_60' title='bbox 1300 1147 1341 1180; x_wconf 87' lang='lat' dir='ltr'>de</span> <span class='ocrx_word' id='word_1_61' title='bbox 1359 1146 1480 1191; x_wconf 84' lang='lat' dir='ltr'>quibus</span> <span class='ocrx_word' id='word_1_62' title='bbox 1499 1147 1536 1180; x_wconf 85' lang='lat' dir='ltr'>V.</span> <span class='ocrx_word' id='word_1_63' title='bbox 1553 1146 1685 1181; x_wconf 81' lang='lat' dir='ltr'><strong>Urlichs</strong></span> 
     </span>
     <span class='ocr_line' id='line_1_8' title="bbox 77 1194 640 1238; baseline 0 -10"><span class='ocrx_word' id='word_1_64' title='bbox 77 1194 335 1237; x_wconf 75' lang='lat' dir='ltr'>Bcschreibung</span> <span class='ocrx_word' id='word_1_65' title='bbox 359 1195 473 1228; x_wconf 84' lang='lat' dir='ltr'>Roms.</span> <span class='ocrx_word' id='word_1_66' title='bbox 501 1207 534 1238; x_wconf 84' lang='lat' dir='ltr'>p.</span> <span class='ocrx_word' id='word_1_67' title='bbox 561 1194 640 1229; x_wconf 82' lang='lat'>253.</span> 
     </span>
     <span class='ocr_line' id='line_1_9' title="bbox 85 1239 1250 1285; baseline -0.002 -10"><span class='ocrx_word' id='word_1_68' title='bbox 85 1239 87 1241; x_wconf 44' lang='lat'>¹</span> <span class='ocrx_word' id='word_1_69' title='bbox 215 1242 297 1285; x_wconf 84' lang='lat' dir='ltr'>Pag.</span> <span class='ocrx_word' id='word_1_70' title='bbox 326 1241 381 1275; x_wconf 88' lang='lat'>13.</span> <span class='ocrx_word' id='word_1_71' title='bbox 408 1253 438 1275; x_wconf 87' lang='lat' dir='ltr'>n.</span> <span class='ocrx_word' id='word_1_72' title='bbox 467 1243 542 1274; x_wconf 89' lang='lat'>116.</span> <span class='ocrx_word' id='word_1_73' title='bbox 570 1242 633 1274; x_wconf 86' lang='lat' dir='ltr'>Pro</span> <span class='ocrx_word' id='word_1_74' title='bbox 660 1241 734 1274; x_wconf 79' lang='lat' dir='ltr'>Kal</span> <span class='ocrx_word' id='word_1_75' title='bbox 761 1242 854 1274; x_wconf 88' lang='grc' dir='ltr'><strong>Ιιιιι.</strong></span> <span class='ocrx_word' id='word_1_76' title='bbox 882 1243 1006 1284; x_wconf 78' lang='lat' dir='ltr'>corrig.</span> <span class='ocrx_word' id='word_1_77' title='bbox 1034 1242 1127 1274; x_wconf 72' lang='lat' dir='ltr'>Ital.</span> <span class='ocrx_word' id='word_1_78' title='bbox 1155 1241 1250 1273; x_wconf 89' lang='lat' dir='ltr'>Iun.</span> 
     </span>
    </p>

    <p class='ocr_par' dir='ltr' id='par_1_5' title="bbox 215 1286 1686 1333">
     <span class='ocr_line' id='line_1_10' title="bbox 215 1286 1686 1333; baseline 0 -12"><span class='ocrx_word' id='word_1_79' title='bbox 215 1288 293 1333; x_wconf 78' lang='lat' dir='ltr'>Pag.</span> <span class='ocrx_word' id='word_1_80' title='bbox 322 1289 373 1321; x_wconf 88' lang='lat'>13.</span> <span class='ocrx_word' id='word_1_81' title='bbox 402 1299 431 1321; x_wconf 89' lang='lat' dir='ltr'>n.</span> <span class='ocrx_word' id='word_1_82' title='bbox 461 1289 536 1320; x_wconf 84' lang='grc'><strong>123.</strong></span> <span class='ocrx_word' id='word_1_83' title='bbox 565 1290 595 1321; x_wconf 87' lang='lat' dir='ltr'>in</span> <span class='ocrx_word' id='word_1_84' title='bbox 622 1288 686 1321; x_wconf 80' lang='lat' dir='ltr'>fine</span> <span class='ocrx_word' id='word_1_85' title='bbox 713 1288 816 1321; x_wconf 82' lang='lat' dir='ltr'>adde:</span> <span class='ocrx_word' id='word_1_86' title='bbox 857 1287 1026 1329; x_wconf 72' lang='lat' dir='ltr'>Di&#39;mtzer‚</span> <span class='ocrx_word' id='word_1_87' title='bbox 1052 1288 1254 1321; x_wconf 82' lang='lat' dir='ltr'>Rheinische</span> <span class='ocrx_word' id='word_1_88' title='bbox 1285 1286 1496 1321; x_wconf 75' lang='lat' dir='ltr'>Jahrbucher</span> <span class='ocrx_word' id='word_1_89' title='bbox 1522 1287 1546 1321; x_wconf 92' lang='lat' dir='ltr'>I.</span> <span class='ocrx_word' id='word_1_90' title='bbox 1572 1298 1603 1331; x_wconf 87' lang='lat' dir='ltr'>p.</span> <span class='ocrx_word' id='word_1_91' title='bbox 1628 1287 1686 1321; x_wconf 86' lang='lat'>89.</span> 
     </span>
    </p>

    <p class='ocr_par' dir='ltr' id='par_1_6' title="bbox 214 1335 1438 1378">
     <span class='ocr_line' id='line_1_11' title="bbox 214 1335 1438 1378; baseline -0.001 -10"><span class='ocrx_word' id='word_1_92' title='bbox 214 1335 296 1378; x_wconf 70' lang='lat' dir='ltr'>Pag.</span> <span class='ocrx_word' id='word_1_93' title='bbox 325 1335 377 1367; x_wconf 86' lang='grc'>14.</span> <span class='ocrx_word' id='word_1_94' title='bbox 404 1346 434 1367; x_wconf 89' lang='lat' dir='ltr'>n.</span> <span class='ocrx_word' id='word_1_95' title='bbox 464 1335 539 1367; x_wconf 83' lang='lat'>130.</span> <span class='ocrx_word' id='word_1_96' title='bbox 568 1345 629 1378; x_wconf 86' lang='lat' dir='ltr'>pro</span> <span class='ocrx_word' id='word_1_97' title='bbox 655 1336 936 1367; x_wconf 83' lang='lat' dir='ltr'>ministorum</span> <span class='ocrx_word' id='word_1_98' title='bbox 963 1336 1087 1378; x_wconf 78' lang='lat' dir='ltr'>corrig.</span> <span class='ocrx_word' id='word_1_99' title='bbox 1115 1336 1438 1368; x_wconf 85' lang='lat' dir='ltr'>ministrorum.</span> 
     </span>
    </p>

    <p class='ocr_par' dir='ltr' id='par_1_7' title="bbox 214 1381 1055 1422">
     <span class='ocr_line' id='line_1_12' title="bbox 214 1381 1055 1422; baseline 0 -8"><span class='ocrx_word' id='word_1_100' title='bbox 214 1382 297 1422; x_wconf 81' lang='lat' dir='ltr'>Pag.</span> <span class='ocrx_word' id='word_1_101' title='bbox 326 1381 378 1414; x_wconf 85' lang='lat'>15.</span> <span class='ocrx_word' id='word_1_102' title='bbox 406 1392 436 1414; x_wconf 94' lang='grc' dir='ltr'>ιι.</span> <span class='ocrx_word' id='word_1_103' title='bbox 463 1382 539 1415; x_wconf 86' lang='grc' dir='ltr'><strong>13ῖ.</strong></span> <span class='ocrx_word' id='word_1_104' title='bbox 568 1384 598 1414; x_wconf 91' lang='lat' dir='ltr'>in</span> <span class='ocrx_word' id='word_1_105' title='bbox 626 1382 679 1414; x_wconf 77' lang='lat' dir='ltr'>sm.</span> <span class='ocrx_word' id='word_1_106' title='bbox 707 1381 810 1414; x_wconf 81' lang='lat' dir='ltr'>adde:</span> <span class='ocrx_word' id='word_1_107' title='bbox 837 1381 927 1414; x_wconf 66' lang='lat' dir='ltr'>oret.</span> <span class='ocrx_word' id='word_1_108' title='bbox 958 1382 1055 1414; x_wconf 74' lang='lat'>1695.</span> 
     </span>
    </p>

    <p class='ocr_par' dir='ltr' id='par_1_8' title="bbox 212 1428 1084 1471">
     <span class='ocr_line' id='line_1_13' title="bbox 212 1428 1084 1471; baseline 0.001 -10"><span class='ocrx_word' id='word_1_109' title='bbox 212 1428 294 1471; x_wconf 77' lang='lat' dir='ltr'>Pag.</span> <span class='ocrx_word' id='word_1_110' title='bbox 320 1428 373 1461; x_wconf 86' lang='grc'>16.</span> <span class='ocrx_word' id='word_1_111' title='bbox 401 1439 431 1461; x_wconf 89' lang='grc' dir='ltr'>ιι.</span> <span class='ocrx_word' id='word_1_112' title='bbox 463 1429 536 1462; x_wconf 75' lang='grc'><strong>142.</strong></span> <span class='ocrx_word' id='word_1_113' title='bbox 563 1439 623 1471; x_wconf 90' lang='lat' dir='ltr'>pro</span> <span class='ocrx_word' id='word_1_114' title='bbox 650 1428 802 1461; x_wconf 83' lang='lat' dir='ltr'>Larth.</span> <span class='ocrx_word' id='word_1_115' title='bbox 830 1440 901 1461; x_wconf 77' lang='lat' dir='ltr'>eor.</span> <span class='ocrx_word' id='word_1_116' title='bbox 928 1428 1084 1462; x_wconf 77' lang='lat' dir='ltr'>Karth.</span> 
     </span>
    </p>

    <p class='ocr_par' dir='ltr' id='par_1_9' title="bbox 75 1474 1684 1555">
     <span class='ocr_line' id='line_1_14' title="bbox 214 1474 1684 1520; baseline 0.001 -13"><span class='ocrx_word' id='word_1_117' title='bbox 214 1474 294 1519; x_wconf 82' lang='lat' dir='ltr'>Pag.</span> <span class='ocrx_word' id='word_1_118' title='bbox 322 1475 375 1508; x_wconf 85' lang='grc'>18.</span> <span class='ocrx_word' id='word_1_119' title='bbox 402 1486 432 1508; x_wconf 90' lang='lat' dir='ltr'>n.</span> <span class='ocrx_word' id='word_1_120' title='bbox 464 1476 535 1508; x_wconf 82' lang='grc'><strong>156.</strong></span> <span class='ocrx_word' id='word_1_121' title='bbox 571 1476 741 1518; x_wconf 76' lang='lat' dir='ltr'>inscriptio</span> <span class='ocrx_word' id='word_1_122' title='bbox 769 1477 852 1508; x_wconf 78' lang='lat' dir='ltr'>inter</span> <span class='ocrx_word' id='word_1_123' title='bbox 887 1475 995 1508; x_wconf 77' lang='lat' dir='ltr'>titulos</span> <span class='ocrx_word' id='word_1_124' title='bbox 1029 1475 1236 1520; x_wconf 65' lang='lat' dir='ltr'>sepulcrales</span> <span class='ocrx_word' id='word_1_125' title='bbox 1270 1474 1350 1518; x_wconf 87' lang='lat' dir='ltr'>Cap.</span> <span class='ocrx_word' id='word_1_126' title='bbox 1377 1475 1432 1509; x_wconf 88' lang='lat'>111.</span> <span class='ocrx_word' id='word_1_127' title='bbox 1460 1474 1489 1515; x_wconf 63' lang='grc' dir='ltr'>ξ.</span> <span class='ocrx_word' id='word_1_128' title='bbox 1517 1475 1548 1508; x_wconf 87' lang='grc'>6.</span> <span class='ocrx_word' id='word_1_129' title='bbox 1574 1474 1684 1508; x_wconf 84' lang='lat' dir='ltr'>collo-</span> 
     </span>
     <span class='ocr_line' id='line_1_15' title="bbox 75 1522 268 1555; baseline 0 0"><span class='ocrx_word' id='word_1_130' title='bbox 75 1522 182 1555; x_wconf 83' lang='lat' dir='ltr'>canda</span> <span class='ocrx_word' id='word_1_131' title='bbox 208 1528 268 1555; x_wconf 87' lang='lat' dir='ltr'>est.</span> 
     </span>
    </p>

    <p class='ocr_par' dir='ltr' id='par_1_10' title="bbox 74 1566 1683 1661">
     <span class='ocr_line' id='line_1_16' title="bbox 213 1566 1683 1613; baseline 0.001 -12"><span class='ocrx_word' id='word_1_132' title='bbox 213 1568 294 1613; x_wconf 79' lang='lat' dir='ltr'>Pag.</span> <span class='ocrx_word' id='word_1_133' title='bbox 321 1569 375 1602; x_wconf 84' lang='lat'>19.</span> <span class='ocrx_word' id='word_1_134' title='bbox 404 1580 434 1602; x_wconf 92' lang='grc' dir='ltr'>ιι.</span> <span class='ocrx_word' id='word_1_135' title='bbox 467 1567 539 1603; x_wconf 76' lang='lat'>167.</span> <span class='ocrx_word' id='word_1_136' title='bbox 567 1568 741 1602; x_wconf 64' lang='lat' dir='ltr'>Reinesius</span> <span class='ocrx_word' id='word_1_137' title='bbox 769 1568 854 1603; x_wconf 68' lang='lat' dir='ltr'>(tias.</span> <span class='ocrx_word' id='word_1_138' title='bbox 882 1568 904 1602; x_wconf 84' lang='lat'>1.</span> <span class='ocrx_word' id='word_1_139' title='bbox 931 1581 961 1603; x_wconf 87' lang='grc' dir='ltr'>ιι.</span> <span class='ocrx_word' id='word_1_140' title='bbox 990 1569 1068 1603; x_wconf 84' lang='grc'><strong>139.</strong></span> <span class='ocrx_word' id='word_1_141' title='bbox 1094 1575 1126 1603; x_wconf 87' lang='lat' dir='ltr'>et</span> <span class='ocrx_word' id='word_1_142' title='bbox 1152 1569 1269 1603; x_wconf 73' lang='lat' dir='ltr'>Maria.</span> <span class='ocrx_word' id='word_1_143' title='bbox 1291 1569 1358 1603; x_wconf 78' lang='lat' dir='ltr'>Au.</span> <span class='ocrx_word' id='word_1_144' title='bbox 1377 1579 1447 1602; x_wconf 82' lang='lat' dir='ltr'>arv.</span> <span class='ocrx_word' id='word_1_145' title='bbox 1467 1580 1497 1612; x_wconf 88' lang='lat' dir='ltr'>p.</span> <span class='ocrx_word' id='word_1_146' title='bbox 1519 1566 1585 1602; x_wconf 72' lang='lat'>249</span> <span class='ocrx_word' id='word_1_147' title='bbox 1605 1580 1683 1613; x_wconf 83' lang='lat' dir='ltr'>pro:</span> 
     </span>
     <span class='ocr_line' id='line_1_17' title="bbox 74 1616 1571 1661; baseline -0.001 -12"><span class='ocrx_word' id='word_1_148' title='bbox 74 1626 267 1659; x_wconf 87' lang='lat' dir='ltr'>corpora</span> <span class='ocrx_word' id='word_1_149' title='bbox 293 1619 602 1661; x_wconf 86' lang='lat' dir='ltr'>pausariorum</span> <span class='ocrx_word' id='word_1_150' title='bbox 631 1616 812 1658; x_wconf 74' lang='lat' dir='ltr'>legendum</span> <span class='ocrx_word' id='word_1_151' title='bbox 840 1617 1571 1660; x_wconf 78' lang='lat' dir='ltr'>putant:corp01·atiaurariorum.</span> 
     </span>
    </p>

    <p class='ocr_par' dir='ltr' id='par_1_11' title="bbox 69 1662 1685 1754">
     <span class='ocr_line' id='line_1_18' title="bbox 210 1662 1685 1709; baseline 0 -13"><span class='ocrx_word' id='word_1_152' title='bbox 210 1663 289 1707; x_wconf 77' lang='lat' dir='ltr'>Pag.</span> <span class='ocrx_word' id='word_1_153' title='bbox 316 1663 372 1697; x_wconf 87' lang='lat'>23.</span> <span class='ocrx_word' id='word_1_154' title='bbox 401 1675 434 1697; x_wconf 86' lang='grc' dir='ltr'>ιι.</span> <span class='ocrx_word' id='word_1_155' title='bbox 454 1663 531 1696; x_wconf 88' lang='grc'><strong>206.</strong></span> <span class='ocrx_word' id='word_1_156' title='bbox 562 1665 592 1696; x_wconf 87' lang='lat' dir='ltr'>in</span> <span class='ocrx_word' id='word_1_157' title='bbox 613 1664 677 1696; x_wconf 85' lang='lat' dir='ltr'>fine</span> <span class='ocrx_word' id='word_1_158' title='bbox 696 1664 801 1697; x_wconf 82' lang='lat' dir='ltr'>adde:</span> <span class='ocrx_word' id='word_1_159' title='bbox 830 1663 1034 1697; x_wconf 77' lang='lat' dir='ltr'>Rheinisrhe</span> <span class='ocrx_word' id='word_1_160' title='bbox 1052 1663 1264 1697; x_wconf 77' lang='lat' dir='ltr'>Jahrhacher</span> <span class='ocrx_word' id='word_1_161' title='bbox 1282 1664 1308 1705; x_wconf 88' lang='grc' dir='ltr'>Ι,</span> <span class='ocrx_word' id='word_1_162' title='bbox 1326 1663 1370 1697; x_wconf 87' lang='grc'>86</span> <span class='ocrx_word' id='word_1_163' title='bbox 1389 1662 1503 1709; x_wconf 87' lang='lat' dir='ltr'><strong>ibique</strong></span> <span class='ocrx_word' id='word_1_164' title='bbox 1522 1662 1685 1705; x_wconf 81' lang='lat' dir='ltr'>Diintzer,</span> 
     </span>
     <span class='ocr_line' id='line_1_19' title="bbox 69 1710 1146 1754; baseline -0.001 -10"><span class='ocrx_word' id='word_1_165' title='bbox 69 1710 125 1754; x_wconf 80' lang='lat' dir='ltr'>qui</span> <span class='ocrx_word' id='word_1_166' title='bbox 152 1710 239 1743; x_wconf 87' lang='lat' dir='ltr'>hunc</span> <span class='ocrx_word' id='word_1_167' title='bbox 265 1711 396 1744; x_wconf 85' lang='lat' dir='ltr'>titulum</span> <span class='ocrx_word' id='word_1_168' title='bbox 423 1711 595 1754; x_wconf 67' lang='lat' dir='ltr'>explicans</span> <span class='ocrx_word' id='word_1_169' title='bbox 623 1712 778 1754; x_wconf 82' lang='lat' dir='ltr'>praefert</span> <span class='ocrx_word' id='word_1_170' title='bbox 806 1711 984 1744; x_wconf 81' lang='lat' dir='ltr'>lectionem</span> <span class='ocrx_word' id='word_1_171' title='bbox 1012 1711 1146 1744; x_wconf 83' lang='lat' dir='ltr'>facta.</span> 
     </span>
    </p>

    <p class='ocr_par' dir='ltr' id='par_1_12' title="bbox 68 1756 1684 1896">
     <span class='ocr_line' id='line_1_20' title="bbox 209 1756 1684 1802; baseline -0.001 -12"><span class='ocrx_word' id='word_1_172' title='bbox 209 1757 290 1799; x_wconf 77' lang='lat' dir='ltr'>Pag.</span> <span class='ocrx_word' id='word_1_173' title='bbox 319 1759 373 1791; x_wconf 85' lang='lat'>24.</span> <span class='ocrx_word' id='word_1_174' title='bbox 401 1769 431 1791; x_wconf 92' lang='grc' dir='ltr'>ιι.</span> <span class='ocrx_word' id='word_1_175' title='bbox 458 1757 535 1791; x_wconf 83' lang='lat'>220.</span> <span class='ocrx_word' id='word_1_176' title='bbox 564 1757 671 1790; x_wconf 70' lang='lat' dir='ltr'>Notae</span> <span class='ocrx_word' id='word_1_177' title='bbox 705 1759 742 1791; x_wconf 66' lang='lat' dir='ltr'>V.</span> <span class='ocrx_word' id='word_1_178' title='bbox 770 1758 803 1791; x_wconf 77' lang='lat' dir='ltr'>P.</span> <span class='ocrx_word' id='word_1_179' title='bbox 839 1764 903 1790; x_wconf 74' lang='lat' dir='ltr'>etc.</span> <span class='ocrx_word' id='word_1_180' title='bbox 930 1759 1041 1802; x_wconf 84' lang='lat' dir='ltr'>potius</span> <span class='ocrx_word' id='word_1_181' title='bbox 1072 1760 1115 1791; x_wconf 83' lang='lat' dir='ltr'>ita</span> <span class='ocrx_word' id='word_1_182' title='bbox 1143 1757 1377 1802; x_wconf 77' lang='lat' dir='ltr'>explicandae:</span> <span class='ocrx_word' id='word_1_183' title='bbox 1413 1758 1476 1790; x_wconf 82' lang='lat' dir='ltr'>vir</span> <span class='ocrx_word' id='word_1_184' title='bbox 1501 1756 1684 1801; x_wconf 81' lang='lat' dir='ltr'>perfee-</span> 
     </span>
     <span class='ocr_line' id='line_1_21' title="bbox 69 1804 1683 1848; baseline 0 -11"><span class='ocrx_word' id='word_1_185' title='bbox 69 1804 285 1847; x_wconf 82' lang='lat' dir='ltr'>tissimus,</span> <span class='ocrx_word' id='word_1_186' title='bbox 312 1804 501 1838; x_wconf 80' lang='lat' dir='ltr'>Praetor</span> <span class='ocrx_word' id='word_1_187' title='bbox 526 1806 800 1848; x_wconf 75' lang='lat' dir='ltr'>provinciae</span> <span class='ocrx_word' id='word_1_188' title='bbox 818 1805 966 1838; x_wconf 65' lang='lat' dir='ltr'>Norici</span> <span class='ocrx_word' id='word_1_189' title='bbox 988 1804 1286 1838; x_wconf 77' lang='lat' dir='ltr'>Mediteranei</span> <span class='ocrx_word' id='word_1_190' title='bbox 1315 1809 1596 1846; x_wconf 79' lang='lat' dir='ltr'>testamento,</span> <span class='ocrx_word' id='word_1_191' title='bbox 1622 1814 1683 1837; x_wconf 89' lang='lat' dir='ltr'>se-</span> 
     </span>
     <span class='ocr_line' id='line_1_22' title="bbox 68 1850 949 1896; baseline 0 -12"><span class='ocrx_word' id='word_1_192' title='bbox 68 1851 212 1885; x_wconf 90' lang='lat' dir='ltr'>cundum</span> <span class='ocrx_word' id='word_1_193' title='bbox 239 1850 405 1885; x_wconf 79' lang='lat' dir='ltr'>Coletium</span> <span class='ocrx_word' id='word_1_194' title='bbox 431 1850 558 1894; x_wconf 82' lang='lat' dir='ltr'>[Notae</span> <span class='ocrx_word' id='word_1_195' title='bbox 584 1858 618 1885; x_wconf 83' lang='lat' dir='ltr'>et</span> <span class='ocrx_word' id='word_1_196' title='bbox 644 1852 767 1895; x_wconf 78' lang='lat' dir='ltr'>Sigiae.</span> <span class='ocrx_word' id='word_1_197' title='bbox 795 1864 826 1896; x_wconf 88' lang='lat' dir='ltr'>p.</span> <span class='ocrx_word' id='word_1_198' title='bbox 854 1851 949 1892; x_wconf 79' lang='grc' dir='ltr'><strong>ΗΟ).</strong></span> 
     </span>
    </p>

    <p class='ocr_par' dir='ltr' id='par_1_13' title="bbox 207 1897 1681 1943">
     <span class='ocr_line' id='line_1_23' title="bbox 207 1897 1681 1943; baseline 0 -12"><span class='ocrx_word' id='word_1_199' title='bbox 207 1898 290 1941; x_wconf 79' lang='lat' dir='ltr'>Pag.</span> <span class='ocrx_word' id='word_1_200' title='bbox 316 1897 370 1932; x_wconf 83' lang='lat'>25.</span> <span class='ocrx_word' id='word_1_201' title='bbox 400 1910 428 1932; x_wconf 92' lang='grc' dir='ltr'>ιι.</span> <span class='ocrx_word' id='word_1_202' title='bbox 455 1899 534 1932; x_wconf 84' lang='grc'><strong>222.</strong></span> <span class='ocrx_word' id='word_1_203' title='bbox 563 1900 593 1931; x_wconf 88' lang='lat' dir='ltr'>in</span> <span class='ocrx_word' id='word_1_204' title='bbox 621 1900 684 1931; x_wconf 73' lang='lat' dir='ltr'>line</span> <span class='ocrx_word' id='word_1_205' title='bbox 711 1899 817 1932; x_wconf 82' lang='lat' dir='ltr'>adde:</span> <span class='ocrx_word' id='word_1_206' title='bbox 843 1899 960 1932; x_wconf 82' lang='lat' dir='ltr'>Rhein.</span> <span class='ocrx_word' id='word_1_207' title='bbox 987 1898 1170 1932; x_wconf 70' lang='grc' dir='ltr'>ιΙειΙιιῑιῐὶοΙι.</span> <span class='ocrx_word' id='word_1_208' title='bbox 1196 1899 1220 1932; x_wconf 90' lang='grc' dir='ltr'>Ι.</span> <span class='ocrx_word' id='word_1_209' title='bbox 1247 1910 1277 1943; x_wconf 89' lang='lat' dir='ltr'>p.</span> <span class='ocrx_word' id='word_1_210' title='bbox 1303 1899 1348 1932; x_wconf 83' lang='lat'>88</span> <span class='ocrx_word' id='word_1_211' title='bbox 1375 1898 1489 1942; x_wconf 82' lang='lat' dir='ltr'>ibique</span> <span class='ocrx_word' id='word_1_212' title='bbox 1523 1898 1681 1932; x_wconf 83' lang='lat' dir='ltr'>Diintzer.</span> 
     </span>
    </p>

    <p class='ocr_par' dir='ltr' id='par_1_14' title="bbox 69 1945 1682 2027">
     <span class='ocr_line' id='line_1_24' title="bbox 207 1945 1682 1989; baseline 0 -11"><span class='ocrx_word' id='word_1_213' title='bbox 207 1945 290 1989; x_wconf 78' lang='lat' dir='ltr'>Pag.</span> <span class='ocrx_word' id='word_1_214' title='bbox 315 1947 372 1979; x_wconf 69' lang='lat'>25.</span> <span class='ocrx_word' id='word_1_215' title='bbox 398 1958 429 1980; x_wconf 89' lang='lat' dir='ltr'>u.</span> <span class='ocrx_word' id='word_1_216' title='bbox 457 1946 535 1980; x_wconf 87' lang='grc'><strong>232.</strong></span> <span class='ocrx_word' id='word_1_217' title='bbox 571 1947 603 1978; x_wconf 89' lang='lat' dir='ltr'>in</span> <span class='ocrx_word' id='word_1_218' title='bbox 630 1946 694 1978; x_wconf 82' lang='lat' dir='ltr'>iim·</span> <span class='ocrx_word' id='word_1_219' title='bbox 729 1946 830 1979; x_wconf 83' lang='lat' dir='ltr'>adde:</span> <span class='ocrx_word' id='word_1_220' title='bbox 869 1946 1070 1979; x_wconf 61' lang='lat' dir='ltr'>{themisone</span> <span class='ocrx_word' id='word_1_221' title='bbox 1104 1945 1289 1980; x_wconf 70' lang='lat' dir='ltr'>Jahrbrich.</span> <span class='ocrx_word' id='word_1_222' title='bbox 1326 1946 1408 1980; x_wconf 86' lang='lat' dir='ltr'>VIII.</span> <span class='ocrx_word' id='word_1_223' title='bbox 1443 1957 1474 1989; x_wconf 88' lang='lat' dir='ltr'>p.</span> <span class='ocrx_word' id='word_1_224' title='bbox 1502 1945 1578 1979; x_wconf 82' lang='lat'>133.</span> <span class='ocrx_word' id='word_1_225' title='bbox 1616 1945 1682 1979; x_wconf 89' lang='lat' dir='ltr'>ibi-</span> 
     </span>
     <span class='ocr_line' id='line_1_25' title="bbox 69 1992 269 2027; baseline 0.01 -2"><span class='ocrx_word' id='word_1_226' title='bbox 69 2002 134 2026; x_wconf 79' lang='lat' dir='ltr'>‹ue</span> <span class='ocrx_word' id='word_1_227' title='bbox 161 1992 269 2027; x_wconf 82' lang='lat' dir='ltr'>Walz.</span> 
     </span>
    </p>

    <p class='ocr_par' dir='ltr' id='par_1_15' title="bbox 80 2004 1447 2084">
     <span class='ocr_line' id='line_1_26' title="bbox 80 2004 1447 2084; baseline 0 -12"><span class='ocrx_word' id='word_1_228' title='bbox 80 2004 88 2038; x_wconf 64' lang='grc' dir='ltr'>Ι</span> <span class='ocrx_word' id='word_1_229' title='bbox 210 2039 295 2073; x_wconf 86' lang='lat' dir='ltr'>Ibid.</span> <span class='ocrx_word' id='word_1_230' title='bbox 322 2051 353 2072; x_wconf 88' lang='grc' dir='ltr'>ιι.</span> <span class='ocrx_word' id='word_1_231' title='bbox 380 2038 457 2072; x_wconf 76' lang='grc'><strong>245.</strong></span> <span class='ocrx_word' id='word_1_232' title='bbox 486 2041 516 2073; x_wconf 81' lang='lat' dir='ltr'>in</span> <span class='ocrx_word' id='word_1_233' title='bbox 544 2040 607 2073; x_wconf 79' lang='lat' dir='ltr'>{ine</span> <span class='ocrx_word' id='word_1_234' title='bbox 634 2040 741 2073; x_wconf 74' lang='lat' dir='ltr'>adde:</span> <span class='ocrx_word' id='word_1_235' title='bbox 769 2040 911 2079; x_wconf 73' lang='lat' dir='ltr'>Lersvb.</span> <span class='ocrx_word' id='word_1_236' title='bbox 939 2040 1055 2073; x_wconf 71' lang='lat' dir='ltr'>Rhein.</span> <span class='ocrx_word' id='word_1_237' title='bbox 1082 2040 1233 2073; x_wconf 73' lang='lat' dir='ltr'>Muscam</span> <span class='ocrx_word' id='word_1_238' title='bbox 1259 2040 1283 2073; x_wconf 91' lang='lat' dir='ltr'>I.</span> <span class='ocrx_word' id='word_1_239' title='bbox 1310 2051 1342 2084; x_wconf 90' lang='lat' dir='ltr'>p.</span> <span class='ocrx_word' id='word_1_240' title='bbox 1371 2039 1447 2073; x_wconf 84' lang='lat'>128.</span> 
     </span>
    </p>

    <p class='ocr_par' dir='ltr' id='par_1_16' title="bbox 68 2086 1681 2224">
     <span class='ocr_line' id='line_1_27' title="bbox 210 2086 1680 2130; baseline 0 -10"><span class='ocrx_word' id='word_1_241' title='bbox 210 2087 291 2130; x_wconf 77' lang='lat' dir='ltr'>l&#39;ag.</span> <span class='ocrx_word' id='word_1_242' title='bbox 317 2088 370 2120; x_wconf 78' lang='lat'>27.</span> <span class='ocrx_word' id='word_1_243' title='bbox 398 2098 427 2119; x_wconf 88' lang='grc' dir='ltr'>ιι.</span> <span class='ocrx_word' id='word_1_244' title='bbox 454 2087 531 2120; x_wconf 80' lang='lat'>258.</span> <span class='ocrx_word' id='word_1_245' title='bbox 559 2088 588 2120; x_wconf 89' lang='lat' dir='ltr'>in</span> <span class='ocrx_word' id='word_1_246' title='bbox 617 2088 680 2120; x_wconf 81' lang='lat' dir='ltr'>i&#39;me</span> <span class='ocrx_word' id='word_1_247' title='bbox 716 2087 811 2120; x_wconf 84' lang='lat' dir='ltr'>add.:</span> <span class='ocrx_word' id='word_1_248' title='bbox 846 2088 993 2127; x_wconf 79' lang='lat' dir='ltr'>liet&#39;ner,</span> <span class='ocrx_word' id='word_1_249' title='bbox 1027 2088 1089 2120; x_wconf 82' lang='lat' dir='ltr'>Die</span> <span class='ocrx_word' id='word_1_250' title='bbox 1121 2087 1308 2121; x_wconf 68' lang='lat' dir='ltr'>remischen</span> <span class='ocrx_word' id='word_1_251' title='bbox 1342 2086 1548 2120; x_wconf 74' lang='lat' dir='ltr'>Denkmiiler</span> <span class='ocrx_word' id='word_1_252' title='bbox 1582 2086 1680 2120; x_wconf 84' lang='lat' dir='ltr'>salz-</span> 
     </span>
     <span class='ocr_line' id='line_1_28' title="bbox 68 2132 1681 2178; baseline 0.001 -12"><span class='ocrx_word' id='word_1_253' title='bbox 68 2132 171 2178; x_wconf 81' lang='lat' dir='ltr'>burgs</span> <span class='ocrx_word' id='word_1_254' title='bbox 197 2132 475 2174; x_wconf 73' lang='lat' dir='ltr'>(Denkschristen</span> <span class='ocrx_word' id='word_1_255' title='bbox 513 2133 574 2166; x_wconf 76' lang='lat' dir='ltr'>der</span> <span class='ocrx_word' id='word_1_256' title='bbox 599 2134 825 2168; x_wconf 72' lang='lat' dir='ltr'>kaiserlichen</span> <span class='ocrx_word' id='word_1_257' title='bbox 860 2134 1057 2167; x_wconf 76' lang='lat' dir='ltr'>Akadcmie.</span> <span class='ocrx_word' id='word_1_258' title='bbox 1085 2134 1280 2178; x_wconf 80' lang='lat' dir='ltr'>Philosopli.</span> <span class='ocrx_word' id='word_1_259' title='bbox 1307 2134 1420 2168; x_wconf 79' lang='lat' dir='ltr'>histor.</span> <span class='ocrx_word' id='word_1_260' title='bbox 1446 2134 1552 2168; x_wconf 75' lang='lat' dir='ltr'>Blass.</span> <span class='ocrx_word' id='word_1_261' title='bbox 1578 2133 1616 2168; x_wconf 90' lang='grc' dir='ltr'>Β.</span> <span class='ocrx_word' id='word_1_262' title='bbox 1636 2132 1681 2177; x_wconf 89' lang='grc' dir='ltr'>Ι.)</span> 
     </span>
     <span class='ocr_line' id='line_1_29' title="bbox 69 2181 323 2224; baseline -0.004 -11"><span class='ocrx_word' id='word_1_263' title='bbox 69 2191 101 2224; x_wconf 91' lang='lat' dir='ltr'>p.</span> <span class='ocrx_word' id='word_1_264' title='bbox 131 2181 182 2214; x_wconf 88' lang='lat'>11.</span> <span class='ocrx_word' id='word_1_265' title='bbox 210 2191 241 2213; x_wconf 88' lang='lat' dir='ltr'>n.</span> <span class='ocrx_word' id='word_1_266' title='bbox 268 2181 323 2214; x_wconf 84' lang='lat' dir='ltr'>XI.</span> 
     </span>
    </p>

    <p class='ocr_par' dir='ltr' id='par_1_17' title="bbox 69 2227 1682 2413">
     <span class='ocr_line' id='line_1_30' title="bbox 212 2227 1682 2272; baseline 0.001 -11"><span class='ocrx_word' id='word_1_267' title='bbox 212 2228 293 2272; x_wconf 80' lang='lat' dir='ltr'>l&#39;ag.</span> <span class='ocrx_word' id='word_1_268' title='bbox 321 2228 374 2260; x_wconf 82' lang='lat'>29.</span> <span class='ocrx_word' id='word_1_269' title='bbox 403 2239 433 2260; x_wconf 91' lang='grc' dir='ltr'>ιι.</span> <span class='ocrx_word' id='word_1_270' title='bbox 461 2227 540 2261; x_wconf 80' lang='lat'>278.</span> <span class='ocrx_word' id='word_1_271' title='bbox 568 2228 619 2261; x_wconf 75' lang='lat' dir='ltr'>Aa</span> <span class='ocrx_word' id='word_1_272' title='bbox 648 2239 806 2261; x_wconf 84' lang='lat' dir='ltr'>mnneros</span> <span class='ocrx_word' id='word_1_273' title='bbox 832 2228 1028 2261; x_wconf 53' lang='lat'>275-&lt;282</span> <span class='ocrx_word' id='word_1_274' title='bbox 1062 2227 1111 2261; x_wconf 73' lang='lat' dir='ltr'>Cf.</span> <span class='ocrx_word' id='word_1_275' title='bbox 1137 2228 1249 2261; x_wconf 87' lang='lat' dir='ltr'>Heiur.</span> <span class='ocrx_word' id='word_1_276' title='bbox 1276 2228 1470 2269; x_wconf 78' lang='lat' dir='ltr'>Schreiber,</span> <span class='ocrx_word' id='word_1_277' title='bbox 1501 2229 1562 2262; x_wconf 87' lang='lat' dir='ltr'>Die</span> <span class='ocrx_word' id='word_1_278' title='bbox 1588 2228 1682 2263; x_wconf 87' lang='lat' dir='ltr'>Feen</span> 
     </span>
     <span class='ocr_line' id='line_1_31' title="bbox 70 2273 1681 2321; baseline 0.002 -14"><span class='ocrx_word' id='word_1_279' title='bbox 70 2275 103 2308; x_wconf 88' lang='lat' dir='ltr'>in</span> <span class='ocrx_word' id='word_1_280' title='bbox 128 2273 278 2318; x_wconf 80' lang='lat' dir='ltr'>Europa.</span> <span class='ocrx_word' id='word_1_281' title='bbox 321 2274 500 2317; x_wconf 77' lang='lat' dir='ltr'>Freiburg.</span> <span class='ocrx_word' id='word_1_282' title='bbox 533 2276 634 2308; x_wconf 57' lang='lat'>18:12.</span> <span class='ocrx_word' id='word_1_283' title='bbox 682 2276 825 2315; x_wconf 64' lang='lat' dir='ltr'>Lot-sch.</span> <span class='ocrx_word' id='word_1_284' title='bbox 862 2276 978 2308; x_wconf 52' lang='lat' dir='ltr'>Rha-in.</span> <span class='ocrx_word' id='word_1_285' title='bbox 1004 2275 1183 2308; x_wconf 67' lang='lat' dir='ltr'>jahn-buch.</span> <span class='ocrx_word' id='word_1_286' title='bbox 1221 2275 1242 2308; x_wconf 86' lang='grc' dir='ltr'><strong>Ι.</strong></span> <span class='ocrx_word' id='word_1_287' title='bbox 1268 2276 1415 2321; x_wconf 80' lang='lat' dir='ltr'>90scqq.</span> <span class='ocrx_word' id='word_1_288' title='bbox 1442 2275 1480 2309; x_wconf 90' lang='grc' dir='ltr'>ΙΙ.</span> <span class='ocrx_word' id='word_1_289' title='bbox 1510 2276 1681 2321; x_wconf 79' lang='lat' dir='ltr'>124seqq.</span> 
     </span>
     <span class='ocr_line' id='line_1_32' title="bbox 69 2321 1682 2368; baseline 0.001 -14"><span class='ocrx_word' id='word_1_290' title='bbox 69 2322 221 2365; x_wconf 84' lang='lat' dir='ltr'>inprimis</span> <span class='ocrx_word' id='word_1_291' title='bbox 258 2322 308 2354; x_wconf 84' lang='lat' dir='ltr'>De</span> <span class='ocrx_word' id='word_1_292' title='bbox 335 2322 409 2354; x_wconf 76' lang='lat' dir='ltr'>wat</span> <span class='ocrx_word' id='word_1_293' title='bbox 438 2322 486 2355; x_wconf 77' lang='lat' dir='ltr'>De</span> <span class='ocrx_word' id='word_1_294' title='bbox 521 2321 842 2366; x_wconf 81' lang='lat' dir='ltr'>Moedergodinnen.</span> <span class='ocrx_word' id='word_1_295' title='bbox 894 2322 1042 2365; x_wconf 60' lang='lat' dir='ltr'>Leydcn.</span> <span class='ocrx_word' id='word_1_296' title='bbox 1073 2321 1171 2356; x_wconf 69' lang='lat'>1846.</span> <span class='ocrx_word' id='word_1_297' title='bbox 1199 2324 1253 2367; x_wconf 82' lang='lat' dir='ltr'>qui</span> <span class='ocrx_word' id='word_1_298' title='bbox 1280 2324 1419 2366; x_wconf 77' lang='lat' dir='ltr'>egregie</span> <span class='ocrx_word' id='word_1_299' title='bbox 1445 2322 1532 2356; x_wconf 82' lang='lat' dir='ltr'>hanc</span> <span class='ocrx_word' id='word_1_300' title='bbox 1558 2334 1682 2368; x_wconf 80' lang='lat' dir='ltr'>quaes-</span> 
     </span>
     <span class='ocr_line' id='line_1_33' title="bbox 70 2369 456 2413; baseline 0.003 -12"><span class='ocrx_word' id='word_1_301' title='bbox 70 2369 197 2402; x_wconf 86' lang='lat' dir='ltr'>tionem</span> <span class='ocrx_word' id='word_1_302' title='bbox 225 2371 456 2413; x_wconf 65' lang='lat' dir='ltr'>pertractavit.</span> 
     </span>
    </p>

    <p class='ocr_par' dir='ltr' id='par_1_18' title="bbox 70 2416 1680 2507">
     <span class='ocr_line' id='line_1_34' title="bbox 210 2416 1680 2462; baseline 0.001 -13"><span class='ocrx_word' id='word_1_303' title='bbox 210 2416 293 2449; x_wconf 85' lang='lat' dir='ltr'>Ibid.</span> <span class='ocrx_word' id='word_1_304' title='bbox 320 2427 352 2449; x_wconf 87' lang='lat' dir='ltr'>n.</span> <span class='ocrx_word' id='word_1_305' title='bbox 378 2416 456 2449; x_wconf 66' lang='lat'>283.</span> <span class='ocrx_word' id='word_1_306' title='bbox 484 2427 544 2460; x_wconf 89' lang='lat' dir='ltr'>pro</span> <span class='ocrx_word' id='word_1_307' title='bbox 579 2417 607 2450; x_wconf 80' lang='lat' dir='ltr'><strong>M</strong></span> <span class='ocrx_word' id='word_1_308' title='bbox 621 2417 715 2449; x_wconf 88' lang='lat' dir='ltr'>aira</span> <span class='ocrx_word' id='word_1_309' title='bbox 729 2416 804 2449; x_wconf 82' lang='lat' dir='ltr'>bus</span> <span class='ocrx_word' id='word_1_310' title='bbox 840 2416 963 2450; x_wconf 81' lang='lat' dir='ltr'>Lerscli</span> <span class='ocrx_word' id='word_1_311' title='bbox 991 2416 1010 2449; x_wconf 92' lang='lat' dir='ltr'>l.</span> <span class='ocrx_word' id='word_1_312' title='bbox 1037 2416 1057 2450; x_wconf 90' lang='lat' dir='ltr'>l.</span> <span class='ocrx_word' id='word_1_313' title='bbox 1084 2417 1223 2462; x_wconf 83' lang='lat' dir='ltr'>corrigit</span> <span class='ocrx_word' id='word_1_314' title='bbox 1256 2416 1498 2451; x_wconf 77' lang='lat' dir='ltr'>Matrahus.</span> <span class='ocrx_word' id='word_1_315' title='bbox 1548 2416 1616 2450; x_wconf 88' lang='lat' dir='ltr'>Sed</span> <span class='ocrx_word' id='word_1_316' title='bbox 1641 2418 1680 2451; x_wconf 86' lang='lat' dir='ltr'>V.</span> 
     </span>
     <span class='ocr_line' id='line_1_35' title="bbox 70 2461 519 2507; baseline 0 -11"><span class='ocrx_word' id='word_1_317' title='bbox 70 2461 121 2496; x_wconf 91' lang='lat' dir='ltr'>De</span> <span class='ocrx_word' id='word_1_318' title='bbox 149 2462 224 2496; x_wconf 79' lang='lat' dir='ltr'>Wal</span> <span class='ocrx_word' id='word_1_319' title='bbox 252 2463 271 2495; x_wconf 93' lang='grc'>1.</span> <span class='ocrx_word' id='word_1_320' title='bbox 299 2463 318 2496; x_wconf 93' lang='grc'>1.</span> <span class='ocrx_word' id='word_1_321' title='bbox 345 2474 376 2507; x_wconf 87' lang='lat' dir='ltr'>p.</span> <span class='ocrx_word' id='word_1_322' title='bbox 403 2463 519 2496; x_wconf 74' lang='lat' dir='ltr'>xvm.</span> 
     </span>
    </p>

    <p class='ocr_par' dir='ltr' id='par_1_19' title="bbox 210 2509 1348 2555">
     <span class='ocr_line' id='line_1_36' title="bbox 210 2509 1348 2555; baseline 0.002 -13"><span class='ocrx_word' id='word_1_323' title='bbox 210 2509 294 2543; x_wconf 84' lang='lat' dir='ltr'>lbid.</span> <span class='ocrx_word' id='word_1_324' title='bbox 320 2520 351 2542; x_wconf 81' lang='lat' dir='ltr'>n·</span> <span class='ocrx_word' id='word_1_325' title='bbox 379 2510 458 2543; x_wconf 79' lang='lat'>287.</span> <span class='ocrx_word' id='word_1_326' title='bbox 485 2512 515 2543; x_wconf 87' lang='lat' dir='ltr'>in</span> <span class='ocrx_word' id='word_1_327' title='bbox 543 2510 607 2544; x_wconf 80' lang='lat' dir='ltr'>sine</span> <span class='ocrx_word' id='word_1_328' title='bbox 632 2510 709 2543; x_wconf 82' lang='lat' dir='ltr'>add.</span> <span class='ocrx_word' id='word_1_329' title='bbox 736 2510 929 2544; x_wconf 79' lang='lat' dir='ltr'>Rheiuisch.</span> <span class='ocrx_word' id='word_1_330' title='bbox 954 2510 1135 2544; x_wconf 68' lang='lat' dir='ltr'>Jahn-buch.</span> <span class='ocrx_word' id='word_1_331' title='bbox 1161 2510 1184 2544; x_wconf 89' lang='lat' dir='ltr'>I.</span> <span class='ocrx_word' id='word_1_332' title='bbox 1211 2522 1245 2555; x_wconf 91' lang='lat' dir='ltr'>p.</span> <span class='ocrx_word' id='word_1_333' title='bbox 1273 2512 1348 2545; x_wconf 75' lang='lat'>121.</span> 
     </span>
    </p>

    <p class='ocr_par' dir='ltr' id='par_1_20' title="bbox 210 2556 1118 2602">
     <span class='ocr_line' id='line_1_37' title="bbox 210 2556 1118 2602; baseline 0.003 -13"><span class='ocrx_word' id='word_1_334' title='bbox 210 2556 293 2600; x_wconf 82' lang='lat' dir='ltr'>Pag.</span> <span class='ocrx_word' id='word_1_335' title='bbox 319 2556 374 2589; x_wconf 88' lang='grc'>31.</span> <span class='ocrx_word' id='word_1_336' title='bbox 400 2563 470 2590; x_wconf 86' lang='lat' dir='ltr'>not.</span> <span class='ocrx_word' id='word_1_337' title='bbox 496 2558 527 2590; x_wconf 84' lang='lat'>2.</span> <span class='ocrx_word' id='word_1_338' title='bbox 554 2569 614 2602; x_wconf 88' lang='lat' dir='ltr'>pro</span> <span class='ocrx_word' id='word_1_339' title='bbox 640 2557 822 2601; x_wconf 81' lang='lat' dir='ltr'>Elipiae</span> <span class='ocrx_word' id='word_1_340' title='bbox 848 2568 916 2591; x_wconf 82' lang='lat' dir='ltr'>cor.</span> <span class='ocrx_word' id='word_1_341' title='bbox 944 2557 1118 2601; x_wconf 83' lang='lat' dir='ltr'>Ulpiae.</span> 
     </span>
    </p>

    <p class='ocr_par' dir='ltr' id='par_1_21' title="bbox 73 2603 1677 2696">
     <span class='ocr_line' id='line_1_38' title="bbox 209 2603 1677 2650; baseline 0.001 -14"><span class='ocrx_word' id='word_1_342' title='bbox 209 2603 289 2648; x_wconf 82' lang='lat' dir='ltr'>Pag.</span> <span class='ocrx_word' id='word_1_343' title='bbox 315 2604 370 2637; x_wconf 81' lang='lat'>33.</span> <span class='ocrx_word' id='word_1_344' title='bbox 397 2615 427 2636; x_wconf 87' lang='grc' dir='ltr'>ιι.</span> <span class='ocrx_word' id='word_1_345' title='bbox 455 2604 531 2637; x_wconf 85' lang='grc'><strong>325.</strong></span> <span class='ocrx_word' id='word_1_346' title='bbox 560 2606 590 2637; x_wconf 87' lang='lat' dir='ltr'>in</span> <span class='ocrx_word' id='word_1_347' title='bbox 619 2605 671 2637; x_wconf 77' lang='lat' dir='ltr'>iin.</span> <span class='ocrx_word' id='word_1_348' title='bbox 699 2605 774 2637; x_wconf 80' lang='lat' dir='ltr'>add.</span> <span class='ocrx_word' id='word_1_349' title='bbox 802 2604 1117 2649; x_wconf 71' lang='lat' dir='ltr'>Archaootogische</span> <span class='ocrx_word' id='word_1_350' title='bbox 1141 2605 1296 2650; x_wconf 81' lang='lat' dir='ltr'>Zeitung.</span> <span class='ocrx_word' id='word_1_351' title='bbox 1325 2605 1423 2639; x_wconf 79' lang='lat'>1843.</span> <span class='ocrx_word' id='word_1_352' title='bbox 1449 2617 1481 2650; x_wconf 90' lang='lat' dir='ltr'>p.</span> <span class='ocrx_word' id='word_1_353' title='bbox 1513 2630 1520 2639; x_wconf 89' lang='lat'>.</span> <span class='ocrx_word' id='word_1_354' title='bbox 1539 2631 1546 2638; x_wconf 95' lang='lat'>.</span> <span class='ocrx_word' id='word_1_355' title='bbox 1567 2631 1575 2638; x_wconf 91' lang='lat'>.</span> <span class='ocrx_word' id='word_1_356' title='bbox 1609 2605 1677 2639; x_wconf 88' lang='lat' dir='ltr'>ibi-</span> 
     </span>
     <span class='ocr_line' id='line_1_39' title="bbox 73 2649 470 2696; baseline -0.003 -12"><span class='ocrx_word' id='word_1_357' title='bbox 73 2661 139 2696; x_wconf 85' lang='lat' dir='ltr'>que</span> <span class='ocrx_word' id='word_1_358' title='bbox 164 2649 201 2685; x_wconf 88' lang='lat' dir='ltr'>C.</span> <span class='ocrx_word' id='word_1_359' title='bbox 226 2650 263 2684; x_wconf 89' lang='lat' dir='ltr'>F.</span> <span class='ocrx_word' id='word_1_360' title='bbox 290 2651 470 2684; x_wconf 82' lang='lat' dir='ltr'>Hermann.</span> 
     </span>
    </p>

    <p class='ocr_par' dir='ltr' id='par_1_22' title="bbox 71 2697 1677 2790">
     <span class='ocr_line' id='line_1_40' title="bbox 210 2697 1677 2744; baseline 0.002 -14"><span class='ocrx_word' id='word_1_361' title='bbox 210 2697 280 2742; x_wconf 74' lang='lat' dir='ltr'>Peg</span> <span class='ocrx_word' id='word_1_362' title='bbox 316 2697 370 2731; x_wconf 72' lang='lat'>34.</span> <span class='ocrx_word' id='word_1_363' title='bbox 398 2709 429 2731; x_wconf 90' lang='grc' dir='ltr'><strong>ιι.</strong></span> <span class='ocrx_word' id='word_1_364' title='bbox 456 2697 533 2732; x_wconf 85' lang='grc'><strong>331.</strong></span> <span class='ocrx_word' id='word_1_365' title='bbox 560 2709 638 2742; x_wconf 85' lang='lat' dir='ltr'>pro:</span> <span class='ocrx_word' id='word_1_366' title='bbox 668 2698 1017 2739; x_wconf 73' lang='lat' dir='ltr'>Quadrivialibs</span> <span class='ocrx_word' id='word_1_367' title='bbox 1043 2700 1165 2744; x_wconf 81' lang='lat' dir='ltr'>corrig.</span> <span class='ocrx_word' id='word_1_368' title='bbox 1193 2699 1462 2741; x_wconf 81' lang='lat' dir='ltr'>Quadruviis</span> <span class='ocrx_word' id='word_1_369' title='bbox 1489 2697 1539 2733; x_wconf 87' lang='lat' dir='ltr'>Cf.</span> <span class='ocrx_word' id='word_1_370' title='bbox 1558 2699 1677 2734; x_wconf 78' lang='lat' dir='ltr'>Rhein.</span> 
     </span>
     <span class='ocr_line' id='line_1_41' title="bbox 71 2743 732 2790; baseline 0 -12"><span class='ocrx_word' id='word_1_371' title='bbox 71 2743 251 2778; x_wconf 72' lang='lat' dir='ltr'>Jahrbtich.</span> <span class='ocrx_word' id='word_1_372' title='bbox 278 2745 333 2778; x_wconf 80' lang='lat' dir='ltr'>IX.</span> <span class='ocrx_word' id='word_1_373' title='bbox 361 2756 392 2788; x_wconf 87' lang='lat' dir='ltr'>p.</span> <span class='ocrx_word' id='word_1_374' title='bbox 420 2744 462 2778; x_wconf 77' lang='lat'>75</span> <span class='ocrx_word' id='word_1_375' title='bbox 489 2745 569 2790; x_wconf 85' lang='lat' dir='ltr'>ibiq.</span> <span class='ocrx_word' id='word_1_376' title='bbox 596 2745 732 2779; x_wconf 80' lang='lat' dir='ltr'>Lersch.</span> 
     </span>
    </p>

    <p class='ocr_par' dir='ltr' id='par_1_23' title="bbox 72 2791 1677 2884">
     <span class='ocr_line' id='line_1_42' title="bbox 212 2791 1677 2838; baseline 0.002 -13"><span class='ocrx_word' id='word_1_377' title='bbox 212 2792 292 2836; x_wconf 87' lang='lat' dir='ltr'>Pag.</span> <span class='ocrx_word' id='word_1_378' title='bbox 321 2791 374 2825; x_wconf 88' lang='lat'>37.</span> <span class='ocrx_word' id='word_1_379' title='bbox 402 2803 432 2824; x_wconf 90' lang='lat' dir='ltr'>n.</span> <span class='ocrx_word' id='word_1_380' title='bbox 458 2791 536 2825; x_wconf 85' lang='grc'><strong>361.</strong></span> <span class='ocrx_word' id='word_1_381' title='bbox 570 2792 746 2826; x_wconf 84' lang='lat' dir='ltr'>Deleatur:</span> <span class='ocrx_word' id='word_1_382' title='bbox 783 2792 986 2826; x_wconf 83' lang='lat' dir='ltr'>Fabretti</span> <span class='ocrx_word' id='word_1_383' title='bbox 1020 2803 1052 2836; x_wconf 90' lang='lat' dir='ltr'>p.</span> <span class='ocrx_word' id='word_1_384' title='bbox 1078 2793 1155 2827; x_wconf 83' lang='lat'>612.</span> <span class='ocrx_word' id='word_1_385' title='bbox 1190 2793 1277 2827; x_wconf 83' lang='lat' dir='ltr'>Male</span> <span class='ocrx_word' id='word_1_386' title='bbox 1301 2794 1484 2838; x_wconf 82' lang='lat' dir='ltr'>irrepserat</span> <span class='ocrx_word' id='word_1_387' title='bbox 1517 2804 1558 2828; x_wconf 84' lang='lat' dir='ltr'>ex</span> <span class='ocrx_word' id='word_1_388' title='bbox 1581 2793 1677 2828; x_wconf 84' lang='lat' dir='ltr'>Hau-</span> 
     </span>
     <span class='ocr_line' id='line_1_43' title="bbox 72 2837 1079 2884; baseline 0.002 -13"><span class='ocrx_word' id='word_1_389' title='bbox 72 2837 208 2882; x_wconf 75' lang='lat' dir='ltr'>huldin,</span> <span class='ocrx_word' id='word_1_390' title='bbox 236 2840 292 2883; x_wconf 86' lang='lat' dir='ltr'>qui</span> <span class='ocrx_word' id='word_1_391' title='bbox 319 2839 407 2871; x_wconf 88' lang='lat' dir='ltr'>hunc</span> <span class='ocrx_word' id='word_1_392' title='bbox 433 2840 634 2882; x_wconf 80' lang='lat' dir='ltr'>scriptorem</span> <span class='ocrx_word' id='word_1_393' title='bbox 663 2840 780 2882; x_wconf 75' lang='lat' dir='ltr'>affert,</span> <span class='ocrx_word' id='word_1_394' title='bbox 806 2840 863 2872; x_wconf 89' lang='lat' dir='ltr'>sed</span> <span class='ocrx_word' id='word_1_395' title='bbox 891 2850 1079 2884; x_wconf 81' lang='lat' dir='ltr'>perperam.</span> 
     </span>
    </p>

    <p class='ocr_par' dir='ltr' id='par_1_24' title="bbox 212 2884 1200 2931">
     <span class='ocr_line' id='line_1_44' title="bbox 212 2884 1200 2931; baseline 0.003 -14"><span class='ocrx_word' id='word_1_396' title='bbox 212 2885 293 2928; x_wconf 77' lang='lat' dir='ltr'>Pag.</span> <span class='ocrx_word' id='word_1_397' title='bbox 320 2885 375 2918; x_wconf 84' lang='lat'>38.</span> <span class='ocrx_word' id='word_1_398' title='bbox 401 2886 601 2928; x_wconf 80' lang='lat' dir='ltr'>significatio</span> <span class='ocrx_word' id='word_1_399' title='bbox 628 2888 756 2919; x_wconf 86' lang='lat' dir='ltr'>numeri</span> <span class='ocrx_word' id='word_1_400' title='bbox 786 2884 852 2920; x_wconf 86' lang='lat'>262</span> <span class='ocrx_word' id='word_1_401' title='bbox 877 2887 1000 2919; x_wconf 58' lang='lat' dir='ltr'>vitiose</span> <span class='ocrx_word' id='word_1_402' title='bbox 1025 2888 1200 2931; x_wconf 86' lang='lat' dir='ltr'>repetitur.</span> 
     </span>
    </p>

    <p class='ocr_par' dir='ltr' id='par_1_25' title="bbox 211 2932 1351 2977">
     <span class='ocr_line' id='line_1_45' title="bbox 211 2932 1351 2977; baseline 0.002 -12"><span class='ocrx_word' id='word_1_403' title='bbox 211 2932 291 2975; x_wconf 78' lang='lat' dir='ltr'>Pag.</span> <span class='ocrx_word' id='word_1_404' title='bbox 318 2933 374 2966; x_wconf 72' lang='lat'>40.</span> <span class='ocrx_word' id='word_1_405' title='bbox 400 2939 469 2965; x_wconf 86' lang='lat' dir='ltr'>not.</span> <span class='ocrx_word' id='word_1_406' title='bbox 497 2934 516 2965; x_wconf 79' lang='lat'>7</span> <span class='ocrx_word' id='word_1_407' title='bbox 543 2943 624 2977; x_wconf 89' lang='lat' dir='ltr'>pro:</span> <span class='ocrx_word' id='word_1_408' title='bbox 651 2933 910 2966; x_wconf 84' lang='lat' dir='ltr'>tambolium</span> <span class='ocrx_word' id='word_1_409' title='bbox 937 2943 1007 2966; x_wconf 89' lang='lat' dir='ltr'>cor.</span> <span class='ocrx_word' id='word_1_410' title='bbox 1032 2934 1351 2967; x_wconf 79' lang='lat' dir='ltr'>taurobolium.</span> 
     </span>
    </p>

    <p class='ocr_par' dir='ltr' id='par_1_26' title="bbox 212 2979 1467 3026">
     <span class='ocr_line' id='line_1_46' title="bbox 212 2979 1467 3026; baseline 0.002 -13"><span class='ocrx_word' id='word_1_411' title='bbox 212 2979 294 3023; x_wconf 79' lang='lat' dir='ltr'>Pag.</span> <span class='ocrx_word' id='word_1_412' title='bbox 321 2980 375 3014; x_wconf 81' lang='lat'>58.</span> <span class='ocrx_word' id='word_1_413' title='bbox 403 2990 434 3014; x_wconf 94' lang='grc' dir='ltr'>ιι.</span> <span class='ocrx_word' id='word_1_414' title='bbox 462 2979 539 3013; x_wconf 85' lang='grc'><strong>393.</strong></span> <span class='ocrx_word' id='word_1_415' title='bbox 566 2986 635 3015; x_wconf 81' lang='lat' dir='ltr'>not.</span> <span class='ocrx_word' id='word_1_416' title='bbox 660 2981 690 3014; x_wconf 89' lang='lat'>5.</span> <span class='ocrx_word' id='word_1_417' title='bbox 719 2991 798 3024; x_wconf 85' lang='lat' dir='ltr'>pro:</span> <span class='ocrx_word' id='word_1_418' title='bbox 830 2986 1120 3023; x_wconf 80' lang='lat' dir='ltr'>cognatorum</span> <span class='ocrx_word' id='word_1_419' title='bbox 1146 2992 1215 3016; x_wconf 85' lang='lat' dir='ltr'>cor.</span> <span class='ocrx_word' id='word_1_420' title='bbox 1242 2983 1467 3026; x_wconf 81' lang='lat' dir='ltr'>cognatio.</span> 
     </span>
    </p>
   </div>
  </div>
 </body>
</html>
