1877 3313
453 127 483 169 ξ.
512 127 566 162 12.
615 127 829 162 Testamenta
855 132 888 161 et
913 131 1189 161 testamentorum
1215 131 1336 173 partes.
1610 125 1696 168 409

95 234 205 274 dere.
239 232 352 283 Quod
373 234 473 288 siqui
498 235 691 276 adversus
722 231 796 289 ἰι1)
827 232 1008 285 fecerint,
1041 245 1180 275 eorum
1209 234 1314 276 bona
1335 234 1537 289 pertinere
1569 232 1698 275 debe-

95 293 194 333 bunt
232 293 278 333 ad
319 306 404 334 rem
445 293 642 347 publicam
682 293 1024 334 Brundisinorum.
1069 317 1124 321 —
1170 296 1367 335 Brundusii.
1407 296 1502 335 Grut.
1533 307 1569 347 p.
1603 293 1699 332 801.

97 365 143 391 cx
174 354 267 391 Aldo
301 354 472 404 Orthogr.
505 356 781 407 Spangenberg.
813 367 847 405 p.
882 353 976 391 391.
1038 354 1131 391 Orel.
1165 355 1287 392 4431.

502 482 639 528 Caput
666 493 715 516 ex
742 487 991 517 tesamento
1018 481 1066 517 M.
1092 482 1293 517 Meconii.

239 579 360 616 1798.
422 579 650 629 Adscriptum
682 580 817 627 legitur
848 579 954 629 cippo
986 580 1175 629 sepulcrali
1208 581 1248 617 ill.
1272 579 1420 618 Meeonii
1446 579 1586 626 Leonis,
1618 580 1697 617 Ae-

97 638 188 685 ditis,
223 637 450 683 Quatuorviri
485 639 568 686 lege
601 639 778 685 Cornelia,
812 639 1019 683 Quaestoris
1051 640 1222 688 pecuniae
1246 640 1422 688 publicae,
1453 639 1594 687 patroni
1615 651 1697 675 mu-

61 737 64 739 ,
94 697 211 745 nicipii
245 702 281 734 et
312 698 558 744 Augustalium
591 698 817 735 Petilinorum
852 692 1015 749 (Gruter.
1048 711 1081 746 p.
1116 695 1226 749 437)
1259 703 1404 747 reperto
1440 698 1550 734 1498
1582 709 1697 746 prope

97 756 307 803 Strongilos
339 757 372 793 in
407 756 580 793 Calabria.
614 757 655 793 V.
700 757 832 804 Georg.
865 757 1001 794 Fabric.
1042 757 1243 794 llioniment.
1286 757 1391 805 antiq.
1422 769 1456 806 p.
1493 756 1555 793 12.
1587 757 1700 793 Gual-

93 816 183 851 tber.
215 815 332 862 Antiq.
364 816 506 851 tabulae
537 828 569 852 n.
604 815 698 853 391.
731 816 885 853 Brisson.
919 817 970 853 De
995 816 1099 853 form.
1121 816 1185 853 Vll
1208 829 1262 865 cp.
1289 816 1380 853 156.
1413 817 1540 853 Gruter
1557 827 1590 864 p.
1613 815 1695 851 215

97 869 143 924 (e
170 873 344 920 Scaligeri
367 869 547 926 schedis).
594 875 749 912 Fabretti
773 887 805 924 p.
829 875 910 910 403
946 870 1029 925 (qui
1061 875 1264 922 diligentius
1297 887 1367 924 ope
1397 874 1569 912 Dominici
1601 875 1700 910 Sab-

93 931 202 969 batini
243 932 499 980 Strongileusis
541 934 764 981 recognitum
809 932 993 984 exbibet),
1056 935 1229 971 Terasson
1271 934 1358 971 Hist.
1401 934 1444 970 de
1485 934 1518 970 la
1560 932 1699 982 iurispr.

93 992 185 1039 Adp.
217 1003 251 1039 p.
285 992 350 1027 84.
397 992 671 1040 Spaugcnberg.
707 994 814 1029 Tabb.
847 993 979 1041 pus.
1014 992 1212 1039 Gruterum,
1255 994 1348 1029 Orcl.
1383 993 1505 1029 3678.
1547 992 1700 1029 Fahret-

97 1055 167 1086 tum
201 1055 404 1097 sequentes.
452 1052 503 1088 De
538 1051 608 1087 hoc
640 1056 857 1088 testamento
891 1052 965 1098 agit
996 1052 1098 1088 etiam
1132 1053 1257 1098 Egger
1295 1053 1454 1088 Examen
1486 1051 1548 1088 des
1580 1050 1698 1088 histo-

93 1109 187 1145 riens
221 1107 433 1156 d'Auguste.
466 1110 559 1158 App.
592 1110 633 1146 ΙΙ.
666 1123 699 1158 p.
735 1111 828 1147 293.
875 1111 1011 1159 Zumpt.
1045 1112 1095 1147 De
1127 1111 1314 1157 Augustal.
1346 1123 1379 1159 p.
1412 1112 1477 1147 45.

232 1176 359 1230 Kaput
391 1190 442 1217 cx
475 1183 712 1218 testamento
745 1179 794 1219 M.
828 1179 998 1219 Meconii
1029 1179 1079 1219 M.
1112 1179 1152 1218 F.
1187 1178 1271 1218 s‘or.
1304 1176 1487 1231 Leon.2)

230 1235 313 1276 Hoc
345 1236 509 1289 atriplius
541 1236 584 1277 R.
619 1236 657 1276 P.
674 1234 716 1291 ⁹³]
750 1237 1003 1278 Petilinorum
1047 1237 1128 1277 dari
1161 1238 1251 1278 tolo
1284 1237 1355 1278 HS.
1388 1238 1418 1281 X
1448 1236 1494 1277 N.
1510 1233 1552 1290 ’1)
1603 1234 1700 1277 Item

92 1294 245 1334 vineam
279 1292 616 1349 Crcdicianam5],
649 1308 736 1336 cum
768 1301 917 1349 partem
934 1293 973 1347 ὓ)
1008 1294 1117 1336 fundi
1141 1295 1380 1349 Pompeiani,
1413 1308 1459 1336 ea
1481 1296 1536 1336 uti
1557 1294 1702 1348 optima

92 1353 340 1406 maximaque
372 1358 484 1404 sunt,
529 1354 669 1395 finibus
701 1356 806 1405 suis,
848 1352 983 1407 unffi)
1016 1367 1104 1394 mea
1135 1353 1309 1395 fuerunt.
1356 1353 1457 1394 Volo
1492 1358 1621 1394 autem
1653 1366 1706 1394 ex

92 1412 224 1453 usuris
255 1413 486 1453 semissibus
517 1413 590 1454 HS.
625 1412 665 1458 X.
700 1414 746 1453 tl.
780 1413 999 1466 comparari
1030 1412 1309 1466 Augustalium
1341 1412 1419 1454 loci
1437 1413 1483 1453 N.
1497 1409 1539 1467 8)
1563 1411 1611 1453 ad
1634 1412 1701 1452 in-

92 1475 354 1512 strumentum
388 1471 647 1513 tricliniorum
679 1471 820 1523 duum,
853 1471 957 1524 quod
997 1472 1056 1512 eis
1090 1484 1153 1512 me
1186 1472 1276 1512 ribo
1293 1468 1334 1527 9)
1367 1471 1520 1521 tradidi,
1553 1470 1707 1512 cande-

93 1529 201 1570 labra
225 1536 264 1570 et
285 1530 468 1570 lucernas
492 1530 571 1570 tulx
574 1531 696 1571 clines
715 1527 784 1584 ¹0),
808 1531 970 1571 arbitrio
993 1530 1282 1584 Augustalium,
1315 1543 1395 1583 quo
1416 1529 1567 1571 facilius
1590 1530 1704 1573 statis

93 1589 231 1629 diebus
264 1588 400 1642 epulas
422 1587 477 1644 11)
511 1589 624 1630 obire
657 1590 823 1643 possint,
856 1589 962 1643 quod
995 1590 1122 1643 ipsum
1154 1589 1201 1630 ad
1234 1589 1435 1630 utilitatem
1457 1588 1614 1643 reip.N
1618 1586 1703 1643 .¹²)

92 1647 293 1701 pertinere
325 1648 564 1697 existimati,
606 1647 668 1689 fai
673 1649 760 1689 ilius
792 1649 980 1689 subituris
1012 1660 1113 1689 onus
1145 1648 1471 1702 Augustalitatis,
1504 1649 1595 1689 dum
1629 1647 1706 1689 hoo

94 1706 342 1747 commodum
375 1711 465 1746 auto
499 1707 639 1747 oculos
671 1706 828 1747 babent.
878 1708 1084 1748 (aeterum
1125 1713 1254 1748 autem
1297 1712 1519 1760 temporum
1560 1718 1704 1748 usuras

92 1766 267 1806 semissis
288 1762 342 1818 ¹3)
376 1765 446 1806 HS.
482 1778 521 1809 x.
555 1766 599 1806 N.
632 1766 680 1806 ad
712 1768 1013 1806 instrumentum
1045 1765 1323 1819 Augustalium
1346 1766 1506 1807 arbitrio
1527 1766 1703 1820 ipsorum

93 1836 185 1864 esse
217 1823 333 1873 volo,
367 1836 445 1877 quo
479 1824 628 1865 facilius
663 1838 806 1866 munus
838 1838 965 1865 meum
998 1829 1233 1878 perpetuum
1267 1837 1509 1866 conservare
1539 1825 1708 1878 possint,

94 1895 224 1936 neque
266 1883 303 1922 in
349 1883 445 1923 alios
489 1896 586 1924 usus
629 1896 771 1924 usuras
816 1896 917 1937 quas
959 1885 1011 1924 ita
1051 1896 1071 1924 a
1103 1895 1186 1937 rep.
1232 1884 1460 1937 acceperint
1497 1882 1706 1924 transferri

95 1942 208 1992 volo,
251 1953 365 1994 quam
398 1942 431 1982 si
463 1954 632 1983 necesse
676 1942 793 1983 tuerit
825 1944 861 1983 iu
906 1942 1230 1996 pastinationem,
1272 1943 1505 1995 xineamque
1525 1939 1579 1995 11)
1613 1954 1704 1983 cum

94 2004 206 2053 parte
239 2000 349 2040 fundi
391 2001 617 2054 Pompeiani
659 2003 760 2042 sicut
791 2014 910 2055 supra
943 2001 1034 2041 dixi.
1090 2001 1174 2042 Hoc
1215 2001 1380 2054 amplius
1420 2001 1706 2054 Augustalibus

92 2059 171 2100 loci
202 2060 349 2099 iccirco
383 2058 465 2099 dari
497 2060 589 2100 volo
623 2072 724 2112 quae
756 2066 816 2101 est
848 2060 1034 2110 Aminea,
1065 2064 1107 2100 ut
1138 2061 1171 2100 si
1204 2060 1432 2113 cogitationi
1463 2071 1597 2110 meae,
1630 2071 1707 2111 qua

93 2119 353 2171 prospexisse
379 2131 441 2158 me
465 2118 690 2159 utilitatibus
714 2120 857 2160 vestris
890 2115 1105 2173 credoff),
1138 2119 1420 2159 consenseritis
1452 2119 1586 2158 vinum
1617 2119 1707 2158 usi-

95 2178 168 2217 bus
189 2177 333 2218 vcstris
356 2176 567 2229 dumtaxat,
599 2177 687 2218 dum
708 2175 762 2232 16)
796 2177 952 2232 publice
985 2177 1119 2230 epulas
1152 2177 1405 2228 exercebitis,
1437 2177 1582 2218 'nabere
1603 2189 1705 2229 pos-

94 2236 190 2277 sitis.
237 2236 321 2277 Hoc
353 2240 484 2277 autem
520 2237 677 2277 nominc
709 2237 875 2278 relevati
908 2236 1115 2290 impendiis
1154 2235 1304 2276 facilius
1343 2232 1634 2290 prosilituriff)
1666 2235 1706 2276 hi

235 2376 271 2421 1)
292 2389 373 2423 pro:
394 2379 438 2412 id.
460 2396 498 2402 --
521 2377 557 2422 2)
577 2378 679 2412 Marci
698 2378 754 2412 filii
774 2377 932 2412 Cornelia
951 2377 1036 2411 tribu
1055 2377 1187 2411 Leonis.
1209 2394 1250 2399 ——
1271 2376 1307 2420 3)
1333 2378 1382 2411 rei
1408 2377 1574 2423 publicae.
1600 2392 1644 2397 --
1666 2373 1706 2418 4)

94 2426 282 2459 sestertium
303 2426 420 2460 decem
448 2426 549 2460 millia
576 2436 754 2460 uumorum
774 2423 811 2468 (x
816 2425 864 2459 el
889 2424 1061 2468 numero).
1090 2443 1129 2448 —
1159 2423 1195 2467 5)
1218 2389 1474 2458 Cteatcidianpam
1493 2423 1585 2457 Grut.
1604 2434 1704 2467 quem

95 2474 243 2517 sequitur
260 2473 452 2518 Spangenh.
478 2490 522 2494 —
549 2473 588 2515 6)
615 2474 754 2506 mendos
742 2484 777 2504 se
803 2483 885 2516 pro:
919 2478 1023 2526 patte.
1060 2489 1100 2494 —·
1135 2472 1172 2514 7)
1199 2483 1264 2517 qua
1288 2483 1373 2506 mea.
1393 2471 1484 2506 Grut.
1511 2471 1625 2515 Spang
1611 2469 1706 2504 renb.

96 2519 226 2563 Zumpt.
245 2532 363 2564 quae
344 2532 417 2553 mea
435 2520 570 2554 Fabret.
591 2519 680 2553 Orel.
703 2538 741 2542 —
763 2518 802 2562 8)
821 2519 886 2553 loci
907 2520 1021 2552 nostri.
1044 2536 1085 2542 —
1103 2517 1141 2561 9)
1157 2530 1236 2563 pro:
1255 2521 1339 2554 rivo.
1360 2536 1399 2541 —
1422 2518 1479 2559 10)
1494 2517 1705 2551 sicFabrett.

95 2566 272 2610 bilychnez's
297 2566 429 2601 Gruter.
464 2586 506 2589 *—
541 2565 602 2609 11)
630 2568 676 2600 Ita
704 2569 736 2600 in
763 2566 876 2600 tibula
914 2566 1038 2608 legitur
1072 2566 1231 2600 Fabrctto
1257 2572 1362 2607 teste3
1397 2565 1575 2599 Gruterus:
1606 2565 1705 2598 strati

96 2613 146 2646 ius
167 2613 254 2657 publ.
279 2614 366 2648 obire
388 2615 522 2657 possint.
562 2614 740 2648 Fabrettus
766 2615 955 2657 suspicatur
980 2614 1178 2656 legendum:
1213 2613 1403 2647 stmtinibus
1425 2612 1584 2657 publicis,
1610 2611 1702 2656 quod

97 2660 237 2694 adscivit
262 2659 353 2695 Oret.
379 2662 485 2702 Quam
512 2672 573 2694 nos
600 2661 754 2694 dedimus
780 2661 973 2694 emendatio
998 2666 1049 2694 est
1067 2660 1222 2705 Zumptii
1250 2678 1294 2682 —-
1324 2660 1381 2702 12)
1399 2665 1544 2693 nostrae.
1572 2676 1613 2682 —
1643 2656 1702 2701 13]

96 2718 212 2740 usuras
235 2709 389 2742 semisses.
417 2708 549 2742 Gruter.
582 2719 683 2740 usura
709 2708 849 2740 semisse.
874 2707 1008 2741 Fabret.
1045 2726 1085 2731 -—
1125 2707 1183 2750 14)
1212 2709 1255 2741 ita
1291 2707 1381 2741 Gtut.
1406 2707 1538 2739 vineam
1562 2717 1653 2750 quoq.
1679 2707 1702 2740 i.

98 2763 128 2786 e.
154 2765 288 2799 quoque
312 2755 446 2789 Fabrct.
481 2754 569 2790 Orel.
596 2760 630 2787 et
654 2754 785 2798 Zumpt.
821 2761 945 2799 puncto
971 2760 1047 2799 post
1070 2756 1321 2800 pastinationem
1346 2755 1467 2797 posito.
1495 2771 1536 2775 —
1565 2750 1625 2796 15)
1650 2753 1700 2787 Ita

98 2798 292 2843 Fabreuus3
327 2802 414 2846 apud
442 2802 632 2842 Gruterum,
667 2812 768 2845 quem
794 2787 1087 2847 Spangenbergius
1120 2804 1271 2848 sequitur
1295 2802 1435 2834 vitiose:
1467 2811 1530 2845 qna
1561 2811 1699 2845 prospe-

99 2846 222 2879 oeissene
251 2848 440 2882 utilitatibus
472 2850 591 2882 nostris
623 2849 718 2881 medo
750 2850 986 2882 consenseritis.
1030 2867 1070 2872 —
1105 2849 1166 2891 16)
1200 2850 1274 2882 dmi
1309 2847 1399 2881 Grut.
1434 2859 1532 2891 qtmm
1564 2847 1701 2882 Fabret.

101 2909 145 2913 —
172 2893 230 2936 17)
255 2894 414 2929 Fabretti.
438 2896 626 2941 prosilitmi
645 2921 671 2928 ..
684 2895 981 2939 wconpellerentw
1003 2895 1175 2938 Gruterus,
1202 2906 1300 2940 quem
1319 2894 1512 2939 Spangenb.
1532 2896 1696 2941 sequitur

102 2939 272 2983 impendiis
293 2942 433 2984 sctcilits
455 2944 658 2988 prospecturi
684 2968 731 2979 ...
758 2942 1004 2988 compellentur.
