1877 3313
575 120 606 164 §.
630 120 664 156 4.
711 118 956 166 Imperatorum
982 117 1107 157 Edicta
1129 123 1165 156 et
1187 119 1373 167 Rescripta.
1693 123 1778 167 325

169 227 364 283 Magistro
405 225 660 282 instituto‘ffi)

227 287 444 329 litterarum
484 288 522 328 in
570 288 660 328 sin-

228 347 331 401 gulis
372 347 512 400 pueris
543 358 660 388 men-

228 410 362 447 struos

170 463 404 506 Calculatori
428 465 466 505 in
495 464 659 519 singulis

226 523 362 578 pueris
393 528 621 564 menstruos

167 582 330 624 Notario
392 584 430 623 in
492 582 658 636 singulis

226 641 362 695 pueris
394 646 623 682 menstruos

113 721 116 723 >
166 699 347 742 Librario
364 701 450 742 sibe
472 700 659 753 antiqua-

223 759 284 800 rio
315 760 354 800 in
378 759 546 813 singulis
570 759 657 800 dis-

225 817 364 872 cipulis
394 823 622 859 menstruos

167 876 432 919 Grammatico
506 889 656 931 graeco

225 937 311 978 sive
344 936 463 977 latino
486 941 526 977 et
547 948 656 991 geo-

225 1000 376 1037 metrae
407 996 446 1036 in
486 995 656 1049 singulis

223 1054 401 1108 dicipulis
424 1059 656 1096 menstruos
724 1085 733 1095 .

165 1112 326 1155 Oratori
364 1114 451 1155 sive
492 1113 655 1155 sufistae

221 1174 260 1213 in
285 1173 451 1226 singulis
478 1172 656 1226 discipu-

221 1231 273 1273 lis
305 1236 534 1273 menstruos

164 1289 371 1332 Avvocato
424 1291 510 1332 sive
555 1290 654 1331 iuris

222 1350 350 1404 perito
387 1348 583 1390 mercedis
614 1350 653 1390 in

223 1408 489 1462 postulatione

165 1467 207 1509 In
239 1467 470 1523 cognitione

163 1525 392 1568 Architecto
461 1525 652 1580 magistro

221 1597 295 1639 per
333 1585 513 1639 singulos
543 1597 652 1638 pue-

221 1657 291 1686 ros
321 1649 548 1686 menstruos

89 1749 93 1752 ,
163 1702 349 1757 Capsario
399 1704 439 1744 in
485 1703 653 1758 singulis

219 1763 440 1804 lavantibus

163 1821 389 1863 Balneatori
433 1821 652 1875 privatorio

220 1881 259 1922 in
302 1880 468 1935 singulis
509 1880 652 1922 lavan-

220 1941 325 1982 tibus

222 2011 283 2051 De
314 2009 482 2064 pellibus
523 2009 653 2064 baby-

219 2069 360 2111 lonicis
400 2081 475 2110 seu
502 2068 654 2110 trallia-

220 2129 283 2170 nis
314 2128 377 2169 vel
407 2127 618 2169 foeniceis.

161 2198 279 2241 Pellis
309 2199 546 2253 babylonica
567 2199 654 2253 pri-

220 2270 308 2299 mae
338 2257 491 2300 formae

160 2318 329 2360 Formae
360 2315 562 2359 secundae

163 2376 281 2417 Pellis
312 2376 492 2417 tralliana

161 2435 278 2477 Pellis
307 2434 443 2477 foenic
477 2466 486 2475 .
521 2466 530 2476 .
565 2466 573 2475 .

161 2494 278 2536 Pellis
309 2495 514 2535 vaccitena

221 2566 281 2606 De
312 2564 432 2606 curiis
463 2564 630 2606 bubulis.

164 2634 323 2677 Curium
362 2635 551 2676 bubulum
590 2635 656 2675 in-

221 2694 367 2735 fectum
392 2693 545 2736 formae
568 2694 656 2749 pri-

222 2765 308 2794 mae

303 2945 366 2990 46)
382 2945 583 2993 Zinstilutori.

1197 404 1236 684 ><b<><

1192 2258 1230 2537 ><><><><i><

1289 406 1319 447 L

1289 526 1538 580 septuaginta
1578 526 1752 581 quinque

1289 643 1574 700 quinquaginta
1609 645 1782 701 quinque

1289 820 1574 877 quinquaginta

1289 1055 1486 1100 ducentos

1288 1232 1484 1276 ducentos

1288 1409 1482 1453 ducentos
1494 1411 1779 1468 quinquaginta

1287 1469 1392 1511 inille

1286 1651 1446 1689 centum

1285 1765 1388 1807 duos

1285 1942 1386 1985 duos

1284 2260 1509 2314 quingent.s

1283 2319 1543 2374 quadraginta

1285 2379 1464 2420 ducenfis

1285 2442 1462 2479 centrum

1285 2497 1476 2539 trecentis

1284 2754 1510 2810 quingentis
