1877 3313
157 178 240 220 266
605 176 708 211 Inscr.
732 177 904 222 profanae.
955 175 1036 222 Cap.
1064 177 1104 213 n.
1151 178 1309 214 Tabulae,

292 281 390 324 Aed.
433 295 515 324 cur.
559 283 644 324 aed.
687 283 738 337 pl.
780 285 870 337 quei
909 297 1012 326 nunc
1053 289 1167 335 sunt,
1207 285 1498 339 queiquomque
1538 292 1628 340 post
1657 287 1694 328 h.
1725 287 1751 328 l.

155 342 286 392 sactei,
317 342 439 382 creati
470 347 599 392 eruut,
630 355 773 383 eumve
804 356 907 398 mag.
940 343 1110 395 inierint,
1141 344 1191 383 iei
1222 345 1259 384 in
1291 343 1430 385 diebus
1455 345 1486 385 V
1508 347 1749 399 proxumeis‚

156 401 296 453 quibus
329 412 378 441 eo
410 413 512 452 mag.
545 399 763 454 designatei
793 407 908 442 crunt
939 414 1079 442 eumve
1111 415 1212 455 mag.
1245 403 1425 452 inierint,
1467 404 1570 444 inter
1600 416 1645 444 se
1674 417 1750 457 pa-

154 463 267 499 ranto
300 463 368 499 aut
398 460 608 509 sortiunto,
641 471 716 511 qua
744 460 781 499 in
814 461 941 514 partei
972 461 1077 500 urbis
1110 462 1276 513 quisque
1308 473 1443 501 eorum
1471 463 1552 502 vias
1573 462 1750 514 publicas

153 518 191 557 iu
224 517 360 556 urbem
393 517 529 558 Roma.
564 519 786 570 propiusve.
819 532 856 558 u.
889 518 932 558 R.
965 531 1024 570 p.,
1057 518 1315 570 reficiuudas,
1345 519 1581 561 sternendas
1624 526 1750 571 curet,

155 576 318 628 eiusque
350 576 409 616 rei
440 577 754 629 procurationem
786 577 936 616 habeat.
958 575 992 629 ¹)
1043 577 1151 624 Quae
1182 590 1273 630 pars
1306 578 1479 631 quoique
1510 577 1596 619 aed.
1631 579 1681 618 ita
1713 578 1749 618 h.

153 633 176 673 l.
210 634 430 685 obvenerit,
463 634 549 674 eius
581 635 666 674 aed.
699 635 736 674 in
769 636 826 675 eis
858 635 993 685 loccis,
1028 648 1129 688 quae
1161 637 1198 675 in
1228 650 1273 676 ea
1296 637 1420 689 partei
1444 641 1571 686 erunt,
1603 637 1752 677 viarum

152 692 476 742 reficiendarum,
509 693 743 734 tuendarum
775 694 1002 746 procuratio
1035 699 1136 743 esto,
1169 696 1249 734 utei
1282 694 1316 734 h.
1349 694 1372 735 l.
1406 695 1612 748 oportebit.

294 750 403 798 Quae
435 753 534 791 viam
566 748 709 805 pep.‘·’)
743 751 881 792 aedem
912 764 1087 802 sacram,
1120 754 1158 792 it.
1192 752 1410 794 aedilicium
1451 753 1634 794 locumve
1673 765 1753 806 pu-

153 809 309 860 blicum,
339 814 380 850 et
410 810 512 849 inter
543 809 760 850 aedilicium
794 811 984 863 privatum
1009 815 1069 851 νει
1100 812 1187 860 erit,
1220 812 1303 852 eius
1336 813 1421 852 viae
1453 817 1603 865 partem
1635 811 1753 852 dimi-

154 867 253 908 diam
285 869 317 908 is
349 867 461 919 aed,
493 868 587 920 quoi
619 881 664 908 ea
696 881 785 922 pars
828 869 936 909 urbis
970 869 1202 921 obvenerit,
1244 871 1281 909 in
1314 883 1390 923 qua
1421 875 1532 923 parte
1564 882 1610 910 ea
1642 870 1751 911 aedis

151 938 263 967 sacra
295 927 389 977 erit,
421 927 531 967 seive
562 926 779 967 aedilicium
812 927 1032 979 publicum,
1065 929 1174 967 seive
1205 928 1316 968 locus
1349 929 1537 981 publicus,
1569 927 1751 969 tuendam

152 985 295 1027 locato.

294 1046 620 1097 Queinquomque
653 1049 745 1084 ante
774 1056 886 1084 suum
919 1042 1134 1084 aedilicium
1168 1045 1267 1085 x‘izuu
1300 1045 1493 1098 publicam
1526 1044 1561 1084 h.
1594 1044 1618 1085 l.
1650 1046 1753 1086 tueri

153 1103 372 1156 oportebit,
404 1105 496 1155 quei
527 1115 664 1144 eorum
699 1115 782 1142 eain
816 1103 938 1153 viani,
971 1103 1157 1143 arbitram
1190 1103 1274 1143 eius
1307 1103 1416 1153 aed„
1449 1104 1592 1155 quoius
1625 1116 1753 1157 opor-

155 1162 293 1213 tu‘erit,
334 1173 411 1202 non
445 1162 638 1211 tuebitur,
680 1174 763 1201 cam
805 1162 904 1200 riam
937 1160 1043 1211 aed,
1086 1161 1227 1213 quoius
1270 1161 1458 1202 arbitratu
1500 1174 1585 1202 eam
1625 1163 1753 1203 tuerei

154 1221 383 1273 oportuerit,
417 1220 596 1260 tuendam
629 1219 779 1268 l‹›‹·ato;
812 1220 923 1271 isque
956 1219 1041 1259 aed.
1076 1219 1215 1260 diebus
1239 1220 1439 1261 nonninus
1460 1220 1509 1270 X,
1542 1225 1753 1274 antequam

152 1278 282 1331 locet,
313 1277 414 1331 apud
447 1277 597 1327 forum,
641 1283 730 1318 ante
763 1278 954 1318 tribunale
986 1290 1122 1328 suom,
1164 1279 1407 1332 propositum
1440 1278 1606 1331 habeto,
1637 1292 1753 1332 quam

154 1338 254 1378 viam
287 1335 492 1387 tuendam,
536 1341 575 1376 et
606 1348 682 1388 quo
716 1336 776 1376 die
809 1336 1008 1377 locaturus
1039 1337 1111 1387 sit,
1144 1338 1179 1376 ei
1213 1348 1378 1389 quorum
1411 1342 1501 1378 aute
1533 1337 1753 1378 aedilicium

152 1408 198 1435 ca
230 1396 291 1436 via
323 1397 393 1444 sit,
426 1396 563 1447 eisque
596 1407 761 1448 quorum
794 1400 883 1434 ante
915 1394 1135 1435 aedilicium
1168 1408 1214 1435 ea
1248 1396 1308 1435 via
1341 1396 1435 1444 erit,
1476 1397 1753 1449 procuratori-

151 1453 275 1495 busve
307 1466 468 1504 eorum,
512 1454 666 1494 donum]
711 1453 968 1493 denuncietur
1008 1452 1149 1503 facito.
1191 1465 1236 1494 se
1268 1466 1353 1494 eain
1387 1455 1487 1494 viam
1519 1454 1752 1506 locaturum,

292 1590 424 1627 Aedilis
456 1590 605 1634 curulis,
639 1590 761 1626 aedilis
794 1590 932 1637 plebis,
967 1591 1023 1637 qui
1057 1602 1146 1625 nuuc
1177 1595 1276 1636 sunt,
1318 1590 1517 1638 quicunque
1548 1595 1632 1638 post
1662 1591 1753 1628 banc

152 1650 273 1696 legem
305 1649 411 1694 sacti,
442 1649 552 1685 creati
585 1653 707 1694 erunt,
741 1660 866 1684 eumve
899 1649 1143 1695 magistratum
1177 1649 1338 1695 inierint,
1370 1649 1391 1686 ii
1423 1649 1456 1686 in
1489 1650 1613 1686 diebus
1645 1650 1751 1697 quin-

154 1720 223 1755 que
255 1707 455 1755 proxumis,
489 1707 612 1755 quibus
645 1708 676 1743 ei
711 1707 930 1754 magistratui
978 1707 1153 1752 designati
1186 1712 1310 1752 eruut,
1354 1719 1480 1744 eumve
1512 1708 1757 1754 magistratum

145 1766 306 1811 inierint,
349 1766 439 1802 iuter
469 1761 791 1817 se[com)paranto
837 1770 894 1801 aut
933 1765 1136 1812 sortiunto‚
1178 1778 1246 1814 qua
1279 1766 1312 1803 iu
1346 1770 1449 1814 parte
1483 1767 1577 1803 urbis
1609 1765 1758 1814 quisque

148 1836 271 1861 eorum
303 1824 376 1860 vias
409 1825 564 1873 publicas
597 1825 627 1860 in
663 1826 750 1860 urbe
782 1825 909 1867 Roma,
945 1824 1138 1872 propiusve
1171 1826 1293 1861 urb-ein
1325 1825 1469 1862 Romaiu
1505 1836 1629 1873 passus
1652 1825 1758 1870 mille,

147 1883 379 1927 reliciundas,
420 1883 628 1919 sternendas
671 1887 791 1928 curet,
833 1883 980 1929 eiusque
1025 1884 1076 1919 rei
1117 1884 1405 1930 procurationem
1453 1885 1595 1920 habeat.
1658 1884 1757 1927 Quae

146 1953 227 1989 pars
260 1942 386 1989 cuique
417 1942 520 1978 aedili
553 1943 597 1978 ita
631 1943 696 1977 bue
728 1944 809 1988 lege
847 1942 1064 1987 obvenerit,
1108 1943 1181 1978 eius
1215 1942 1336 1978 aedilis
1368 1942 1402 1979 in
1435 1942 1475 1978 iis
1507 1943 1624 1988 loc-is,
1665 1954 1757 1989 quae

151 1999 186 2036 in
218 2012 258 2037 ea
290 2004 391 2049 parte
424 2005 547 2039 erunt,
581 2000 714 2037 viarum
747 2000 1038 2045 reficiendarum,
1087 2001 1292 2037 tuendarum
1326 2001 1532 2049 procuratio
1565 2005 1667 2046 esto,
1708 2000 1757 2037 uti

157 2058 223 2095 bac
254 2055 560 2108 lege‘soportcbit.

293 2119 391 2161 Quae
423 2117 478 2153 via
511 2119 599 2153 inter
632 2120 755 2154 aedem
787 2129 942 2162 sat-rani,
988 2118 1069 2154 itein
1112 2118 1310 2154 aedilicium
1356 2119 1522 2154 locumve
1564 2116 1756 2166 publicum,

155 2181 190 2213 et
221 2177 312 2213 inter
343 2175 538 2212 aedilicium
572 2177 743 2224 privatum
776 2181 842 2220 est,
876 2177 953 2212 erit.
988 2177 1063 2212 eius
1096 2176 1175 2212 viae
1203 2181 1339 2224 partein
1364 2176 1541 2212 dimidiam
1565 2176 1594 2212 is
1618 2175 1756 2221 aeditis,

154 2235 211 2272 eui
241 2245 284 2271 ea
316 2245 396 2283 pars
429 2235 522 2270 urbis
554 2236 758 2281 obvenerit,
791 2236 823 2272 in
856 2246 922 2282 qua
955 2239 1056 2282 parte
1088 2246 1129 2270 ea
1161 2235 1270 2270 aedes
1303 2246 1403 2270 sacra
1437 2235 1516 2280 erit,
1547 2235 1622 2271 sive
1651 2234 1755 2271 aedi-

152 2294 265 2331 licium
297 2293 494 2342 publicum,
527 2294 601 2330 sive
635 2295 732 2331 locus
764 2294 948 2342 publicus,
983 2294 1150 2330 tuendam
1183 2294 1313 2329 locato.

294 2352 546 2399 Quemcunque
589 2357 669 2388 ante
711 2364 808 2389 suum
852 2352 1049 2389 aedilicium
1092 2352 1182 2388 riam
1225 2351 1398 2399 publicam
1440 2352 1505 2388 bac
1549 2352 1632 2398 lege
1665 2351 1755 2388 tueri

153 2411 358 2459 oportebit,
397 2410 455 2457 qui
487 2421 610 2446 eorum
644 2423 720 2447 eain
752 2412 866 2456 viani,
909 2411 1081 2447 arbitratu
1113 2411 1186 2447 eius
1220 2409 1367 2456 aeduis,
1410 2411 1507 2446 cuius
1539 2411 1754 2458 oportuerit,

153 2481 224 2507 non
258 2469 434 2514 tuebitur,
467 2480 543 2504 eam
577 2469 665 2505 viam
698 2470 842 2515 aeditis,
874 2469 970 2506 cuius
1005 2470 1174 2506 arbitratu
1208 2480 1285 2505 eain
1319 2468 1410 2506 tueri
1444 2468 1660 2517 oportuerit,
1691 2473 1753 2505 tu-

153 2528 281 2565 endam
314 2529 446 2572 locato,
479 2527 579 2574 isque
612 2528 732 2564 aeditis
766 2529 889 2565 diebus
923 2539 967 2563 ne
1000 2528 1109 2564 miuus
1134 2528 1270 2573 decem,
1305 2531 1492 2574 antequam
1517 2527 1626 2573 locet,
1657 2526 1752 2575 apud

153 2587 292 2633 forum,
325 2590 406 2622 ante
438 2585 610 2622 tribunale
641 2598 761 2632 suum,
796 2587 1017 2635 propositum
1050 2587 1203 2630 habeto,
1237 2597 1340 2633 quam
1373 2586 1462 2622 viam
1494 2585 1681 2631 tuendam,
1712 2589 1753 2621 et

154 2657 225 2692 quo
258 2645 314 2682 die
347 2645 525 2681 locaturus
555 2644 621 2689 sit,
654 2650 689 2681 et
723 2657 873 2693 quorum
905 2649 988 2682 aute
1021 2645 1215 2681 aedificium
1249 2656 1290 2680 ea
1323 2644 1378 2681 via
1410 2644 1502 2689 erit,
1531 2648 1751 2692 procurato-

153 2703 295 2740 ribusve
337 2713 482 2748 eorum,
526 2703 665 2740 domum
708 2704 939 2741 denuncietur
975 2704 1107 2748 facito,
1150 2713 1188 2738 se
1220 2713 1296 2739 eam
1329 2702 1419 2739 viam
1451 2703 1670 2748 locaturum,
1713 2706 1752 2738 et

293 2841 330 2882 1)
357 2841 468 2876 tabula
495 2842 674 2876 mendose:
710 2842 892 2877 HABFAT.
933 2842 1090 2875 Editores
1117 2842 1246 2883 priores
1271 2846 1348 2874 ante
1374 2839 1535 2882 Gottling.
1562 2838 1679 2872 habiae.
1707 2855 1750 2861 —-

154 2885 193 2927 2)
219 2887 265 2920 Ita
291 2887 358 2921 tab.
384 2894 469 2922 teste
494 2888 650 2932 Gottling.
676 2891 822 2933 priores:
846 2890 913 2933 pip.
933 2899 993 2932 pro
1010 2900 1082 2933 pop.
1109 2888 1296 2930 Scuiptoris
1319 2886 1475 2920 mendum
1501 2886 1631 2925 subest,
1657 2885 1748 2930 quod

154 2933 318 3013 illaiittaire
343 2937 498 2979 corrigit:
524 2947 604 2979 quae
627 2937 684 2969 ‘ria
709 2938 768 2968 iter
791 2937 862 2969 aed.
888 2946 973 2969 sacr.
1013 2935 1171 2969 Fortasse
1197 2934 1433 2968 scribendum:
1465 2943 1548 2977 quae
1571 2933 1627 2965 via
1648 2943 1750 2975 prope

155 2990 194 3013 ae
219 3004 226 3014 .
251 2991 336 3013 sacr.
