1877 3313
133 130 218 173 360
578 122 681 157 Inscr.
706 121 880 166 profanae.
928 120 1010 166 Cap.
1033 119 1076 155 11.
1126 119 1284 155 Tabulae.

132 235 250 277 tanda
282 230 445 288 [edictis
475 230 680 285 proposui.
726 229 981 284 Magistratus
1012 232 1053 269 et
1082 227 1317 269 sacerdotes
1348 227 1565 271 commodis
1585 232 1627 272 et
1643 229 1738 286 dig-

133 296 251 335 nitate
283 292 387 332 amri.
448 290 609 330 Plebem
641 288 773 330 multis
815 287 1017 328 beneficiis
1048 287 1174 328 affeci.
1229 286 1289 327 Ob
1320 300 1369 328 ea
1399 289 1540 329 merita
1575 294 1739 331 senatus

134 350 323 401 decrevit,
353 354 395 390 ut
426 360 499 402 per
530 351 714 400 quattuor
744 346 980 400 amplissima
1011 345 1179 400 collegia
1208 345 1524 399 sacerdotesque
1562 345 1740 400 reliquos

133 416 173 451 et
214 421 289 464 per
329 412 451 449 totam
491 406 639 447 Italiam
669 409 710 445 et
739 405 1042 457 municipiorum
1083 405 1361 445 universorum
1403 404 1548 459 templa
1585 405 1741 460 suppli-

134 473 294 510 caretur
324 465 426 520 apud
458 465 587 506 omnia
618 464 834 518 pulvinaria
863 475 936 517 pro
968 462 1196 503 valetudine
1227 475 1328 513 mea,
1359 474 1586 516 nomenque
1610 477 1742 506 meum

134 527 329 569 inclusum
362 528 423 565 est
454 524 493 564 in
526 522 675 564 Saliare
706 534 865 563 carmen
899 525 938 561 et
970 526 1249 562 sacrosanctus
1271 521 1466 563 iudicatus
1487 535 1590 574 sum,
1618 535 1743 577 prae-

133 591 327 638 tereaque
359 582 565 624 tribunicia
595 586 773 635 potestas
804 580 894 620 mihi
927 579 1088 621 Consuli
1119 579 1372 621 undecimum
1399 593 1488 622 cum
1509 580 1578 621 Cn.
1599 581 1743 623 Pisone

133 646 278 686 iterum
308 643 347 683 in
379 645 615 695 perpetuum
657 639 782 680 delata
816 644 889 679 est.
936 638 1085 691 Populo
1126 651 1318 679 summum
1361 638 1628 681 sacerdotium
1665 640 1744 681 dc-

132 703 290 744 ferente
320 700 436 751 mihi,
477 698 585 753 quod
614 704 728 751 pater
769 710 881 738 meus
923 700 1175 750 procuravit,
1217 698 1377 751 suscepi
1409 697 1448 738 id
1478 698 1744 740 sacerdotium

134 762 282 815 aliquot
320 763 412 813 post
441 770 567 799 annos
598 770 648 798 eo
681 761 858 806 mortno,
902 757 967 809 qui
999 760 1088 809 post
1117 760 1273 809 patrem
1303 769 1434 796 meum
1465 756 1559 798 illud
1590 770 1743 811 procu-

134 824 305 870 raverat,
336 822 481 858 cuncta
511 829 563 856 ex
592 816 699 856 Italia
730 819 820 855 vota
853 814 1110 855 offerentibus
1134 815 1338 868 municipis
1362 828 1414 855 ex
1437 817 1743 866 consuetudine,

135 883 281 932 quanta
310 877 459 918 Romae
500 887 696 928 nunquam
738 879 827 914 ante
869 873 972 914 sacta
1015 885 1106 914 esse
1137 878 1348 914 narrantur
1389 874 1432 914 P.
1464 875 1661 928 Sulpicio,
1702 875 1743 916 C.

135 937 274 992 Valgio
313 933 562 976 Consulibus.

279 1017 400 1059 Aram
430 1017 631 1058 Fortunae
671 1014 851 1055 salutaris
890 1026 1017 1068 prope
1055 1014 1193 1055 aedem
1234 1015 1403 1056 Honoris
1435 1019 1475 1056 et
1504 1015 1667 1058 Virtutis
1697 1016 1747 1058 ad

133 1082 289 1132 portam
326 1076 524 1129 Capenam
555 1087 628 1128 pro
660 1073 787 1114 reditu
820 1085 908 1113 meo
949 1074 987 1113 in
1020 1075 1159 1114 urbem
1197 1079 1360 1115 senatus
1402 1076 1667 1127 consacraw‘t,
1707 1077 1746 1116 in

136 1149 214 1190 qua
245 1134 455 1188 pontifices
496 1137 535 1174 et
570 1131 804 1174 sacerdotes
845 1132 1155 1173 anniversarium
1195 1133 1434 1173 sacrificium
1474 1133 1654 1175 facerent
1695 1135 1746 1176 ob

135 1195 305 1237 salutem
338 1206 465 1233 meam
497 1196 784 1234 conservatam.
846 1191 922 1231 Pro
955 1190 1083 1231 reditu
1114 1202 1204 1231 meo
1236 1193 1273 1231 in
1305 1192 1445 1232 urbem
1476 1203 1529 1232 ex
1547 1197 1748 1234 transma-

135 1254 231 1295 rinis
253 1253 451 1306 provincis
473 1256 635 1293 senatus
669 1250 919 1290 consacravit
940 1262 1047 1290 aram
1079 1249 1279 1291 Fortunae
1311 1250 1474 1301 Reduci,
1505 1256 1546 1292 et
1576 1263 1658 1305 quo
1683 1251 1748 1292 die

135 1312 274 1353 urbem
315 1312 546 1361 intrassem,
589 1309 701 1350 iussit
744 1320 836 1349 esse
878 1307 999 1349 ferias
1032 1340 1184 1349 .......
1226 1308 1348 1350 Aram
1389 1309 1500 1350 Pacis
1530 1310 1569 1350 in
1608 1322 1748 1363 campo

136 1371 277 1413 Martio
310 1370 359 1410 ob
391 1382 457 1410 res
489 1370 529 1410 in
559 1368 742 1422 Hispania
783 1366 986 1420 Galliaque
1021 1368 1234 1421 provinciis
1275 1379 1468 1421 prospere
1509 1372 1645 1422 gestas
1676 1381 1750 1410 se-

136 1434 254 1470 natus
287 1429 537 1470 consacravit
568 1427 651 1467 Tib.
683 1426 858 1476 Nerone,
891 1425 929 1465 P.
963 1426 1172 1474 Quinctilio
1206 1426 1295 1467 Cos.
1323 1427 1528 1481 Aramque
1547 1427 1748 1469 Fortunae

137 1487 288 1529 Reduci
319 1486 461 1527 eodem
491 1497 595 1526 anno
625 1489 787 1526 senatus
819 1496 891 1538 pro
924 1484 1053 1525 reditu
1085 1497 1174 1525 meo
1207 1486 1458 1526 consacravit
1486 1485 1537 1526 ad
1566 1499 1747 1540 campum

137 1546 331 1596 Martium,
362 1546 402 1586 in
436 1557 513 1598 qua
545 1545 794 1597 magistratus
826 1547 865 1583 et
894 1542 1126 1584 sacerdotes
1157 1556 1230 1596 pro
1255 1544 1383 1584 salute
1404 1556 1493 1585 mea
1514 1544 1748 1586 sacrificium

138 1604 450 1646 anniversarium
482 1602 661 1643 facerent
694 1633 797 1643 .....
831 1614 992 1643 cussum
1014 1606 1122 1642 esset
1268 1599 1379 1656 quia]
1413 1615 1485 1656 per
1515 1606 1638 1644 totum
1667 1604 1747 1643 im-

137 1664 290 1717 perium
331 1661 465 1716 populi
504 1663 655 1703 romani
695 1665 807 1714 parta
849 1665 932 1701 erat
974 1665 1079 1700 terra
1123 1661 1298 1713 marique
1330 1674 1421 1714 pax.
1470 1658 1667 1716 Cum[que
1698 1662 1747 1703 ab

138 1723 237 1762 urbe
268 1720 425 1762 condita
457 1725 547 1761 ante
579 1717 662 1774 me]
698 1719 831 1760 lanum
864 1719 1068 1766 Quirinum
1109 1719 1169 1759 his
1201 1721 1359 1761 omnino
1404 1719 1578 1760 clausum
1620 1719 1747 1762 ruisse

138 1779 328 1833 prodatur
350 1780 580 1830 memoriae,
611 1784 673 1819 ter
695 1790 759 1818 me
786 1778 960 1830 principe
991 1782 1153 1818 senatus
1182 1777 1444 1819 claudendum
1464 1791 1558 1819 csse
1580 1781 1746 1821 censuit.

137 1839 255 1879 Filios
287 1849 422 1889 meos,
463 1849 566 1890 quos
597 1837 753 1877 sinistra
789 1832 986 1890 [fortuna]
1028 1836 1120 1876 mibi
1161 1837 1324 1889 eripuit,
1368 1849 1505 1878 eorum
1539 1836 1676 1879 Gaium
1706 1842 1748 1878 et

138 1897 301 1938 Lucium
333 1897 549 1948 Caesares,
595 1893 825 1949 [postquam
869 1900 1079 1948 utrumque
1121 1894 1265 1936 Consul
1306 1897 1393 1949 ipsc
1431 1896 1470 1937 in
1506 1895 1637 1938 forum
1668 1895 1745 1937 de-

140 1953 282 2010 (ἰωῇ,

860 2048 953 2088 Tab.
986 2046 1042 2089 lll.

139 2131 301 2173 honoris
333 2132 409 2172 mei
441 2143 559 2173 causa
591 2136 753 2172 senatus
796 2131 1044 2184 populusque
1085 2142 1270 2171 romanus
1312 2141 1456 2172 annum
1496 2131 1675 2184 quintum
1707 2135 1747 2172 et

141 2190 333 2232 decimum
376 2191 530 2245 agentis
564 2189 757 2231 Consules
799 2189 1046 2244 designavit,
1088 2195 1129 2229 ut
1162 2202 1252 2229 cum
1294 2190 1564 2244 magistratum
1602 2190 1747 2232 inirent

139 2254 230 2304 post
261 2250 589 2302 quinquennium,
621 2254 658 2288 et
691 2262 743 2289 ex
775 2261 824 2290 eo
858 2248 920 2288 die
952 2259 1031 2301 quo
1064 2246 1222 2288 deducti
1255 2253 1344 2288 sunt
1374 2250 1413 2289 in
1444 2247 1576 2290 forum
1606 2253 1648 2290 ut
1678 2250 1746 2290 in-

140 2313 341 2349 teressent
371 2308 543 2349 consiliis
574 2307 763 2361 publicis,
802 2307 977 2347 decrevit
1017 2311 1189 2347 senatus.
1238 2306 1401 2359 Equites
1433 2311 1563 2348 autem
1593 2304 1745 2349 romani

141 2367 317 2408 universi
347 2367 560 2420 principem
592 2367 804 2407 iuventutis
846 2370 1058 2419 utrumque
1098 2377 1236 2406 eorum
1278 2367 1422 2418 parmis
1453 2370 1493 2406 et
1521 2365 1646 2408 hastis
1676 2378 1747 2408 ar-

141 2426 295 2481 genteis
328 2425 514 2466 donatum
545 2425 856 2478 appellaverunt.

279 2507 413 2548 Plebei
451 2519 639 2548 romanae
679 2507 820 2547 viritim
860 2505 921 2548 HS
953 2511 1139 2548 trecenos
1181 2507 1384 2548 numeravi
1426 2518 1479 2547 ex
1509 2511 1745 2550 testamento

141 2564 265 2619 patris
294 2566 371 2606 mei
403 2570 443 2607 et
472 2567 629 2606 nomine
660 2578 749 2607 meo
783 2565 1077 2619 quadringenos
1118 2578 1170 2606 ex
1199 2565 1390 2607 bellorum
1423 2566 1602 2607 manibiis
1633 2566 1746 2608 Con-

142 2623 205 2665 sul
237 2625 411 2677 quintum
444 2622 534 2664 dedi
544 2637 557 2673 3
597 2625 736 2665 iterum
768 2629 898 2665 autem
930 2625 968 2665 in
1000 2624 1205 2666 consulatu
1243 2623 1396 2666 decimo
1427 2636 1480 2665 ex
1509 2625 1745 2678 patrimonio

143 2694 231 2723 meo
262 2682 322 2723 HS
353 2682 646 2738 quadringenos
678 2684 852 2737 congiari
885 2683 1024 2724 viritim
1054 2683 1333 2737 pernumeravi
1364 2687 1403 2723 et
1435 2683 1583 2724 Consul
1613 2683 1745 2725 unde-

146 2741 289 2782 cimum
322 2740 531 2782 duodecim
562 2740 886 2782 frumentationes
919 2741 1117 2784 frumento
1149 2742 1329 2796 privatim
1353 2747 1536 2795 coempto
1557 2754 1744 2784 emensus

144 2810 231 2838 sum
262 2804 301 2840 et
332 2800 536 2841 tribunicia
555 2804 752 2853 potestate
773 2799 1047 2842 duodecimum
1070 2800 1365 2855 quadringenos
1384 2812 1565 2842 nummos
1583 2802 1744 2842 tertium

147 2856 286 2898 viritim
327 2857 439 2909 dedi,
481 2871 585 2912 quae
626 2871 711 2899 mea
752 2859 951 2913 congiaria
990 2864 1260 2913 pervenerunt
1299 2858 1349 2899 ad
1389 2858 1589 2900 bominum
1626 2859 1744 2901 millia

145 2925 342 2968 nunquam
372 2918 497 2959 minus
528 2917 810 2972 quinquaginta
841 2921 879 2958 et
911 2917 1092 2959 ducenta.
1141 2917 1389 2960 Tribuniciae
1409 2918 1615 2972 potestatis
1636 2917 1743 2960 duo-
