1877 3313
629 189 660 231 ᾗ.
689 189 719 224 1.
767 188 875 233 Leges
901 194 935 223 et
959 188 1146 233 plebiscita.
1605 191 1691 233 225

87 296 153 338 nei
183 295 312 337 factus
344 300 416 348 est,
449 295 544 337 dare
576 297 748 350 oportuit
779 296 950 347 licuitve‚
982 297 1145 350 amplius
1176 297 1291 351 iugra
1313 295 1372 337 CC
1391 295 1480 338 data
1501 294 1693 352 adsign]-

87 360 149 397 ata
180 354 304 396 fuisse
336 355 531 404 iudicato,
572 357 687 396 neive
728 356 842 396 unius
884 354 1050 396 hominis
1095 353 1296 410 [nomine‚
1338 357 1430 409 quoi
1471 368 1522 396 ex
1560 356 1694 409 plebei

87 415 211 466 scito,
253 414 360 468 quod
391 414 441 455 M.
474 414 641 455 Baebius
672 413 718 454 III
735 415 795 454 vir
826 414 1004 455 coloniae
1047 413 1303 456 deducendae
1333 415 1512 470 rogavit,
1553 427 1694 469 agrum

87 473 177 526 quei
209 474 247 513 in
279 472 418 514 Afrika
451 478 524 524 est,
557 473 650 514 dare
682 474 856 526 oportuit
886 473 1043 514 licuitve
1065 472 1122 527 ¹),
1155 473 1315 527 amplius
1347 474 1426 528 iug.
1460 473 1518 514 CC
1548 474 1587 514 in
1620 470 1693 528 [eo

86 545 186 586 agro
219 532 308 573 data
340 531 599 586 adsignatave
641 531 768 573 fuisse
807 531 1002 583 iudicato,
1044 533 1158 573 neive
1174 530 1214 586 ²)
1249 533 1438 574 maiorem
1479 544 1694 573 numerum

86 591 126 631 in
157 590 297 631 Afrika
328 591 528 632 hominum
562 591 601 631 in
643 590 840 631 coloniam
872 591 1101 631 coloniasve
1143 590 1353 633 deductum
1394 603 1486 633 esse
1518 588 1693 646 fui]seve

85 649 271 700 iudicato,
303 662 419 702 quam
451 654 636 702 quantum
668 662 874 690 numerum
908 646 983 704 [ex
1013 649 1104 704 lege
1131 650 1300 700 Rubria,
1333 663 1437 704 quae
1468 649 1552 702 fuit,
1589 661 1695 690 exve

43 749 45 751 ,
85 708 136 762 pl.
169 721 249 759 sc„
282 707 389 761 quod
419 708 469 749 M.
503 708 672 749 Baebius
703 708 749 749 111
766 708 827 749 vir
858 708 1039 749 coloniae
1083 707 1340 750 deducendae
1381 710 1558 763 rogavit,
1592 721 1614 749 a
1647 707 1695 749 ΙΙΙ

87 767 181 808 viris
213 766 393 808 coloniae
416 763 703 821 dedu]cendae
734 767 773 807 in
805 767 940 808 Africa
962 767 1162 809 hominum
1185 768 1223 808 in
1246 768 1442 810 coloniam
1463 768 1694 810 coloniasve

86 825 226 868 deduci
258 826 432 879 oportuit
463 825 633 867 licuitve.

741 897 866 950 Caput
896 896 1036 938 XXIX.

226 955 256 997 ll
275 956 333 997 vir
365 956 458 1008 quei
492 952 567 1010 [ex
607 955 680 996 hac
721 955 814 1010 lege
856 956 985 998 factus
1029 961 1238 999 creatusve
1271 955 1483 1013 e1·it,]....
1523 957 1610 1012 agri
1647 969 1694 999 re

84 1027 256 1057 rom...
300 1020 388 1056 atus
430 1015 560 1055 ab...
607 1012 745 1069 [Quod
777 1012 888 1069 eiu]s
931 1017 1017 1070 agi-i
1062 1029 1113 1056 ex
1154 1016 1189 1057 h.
1222 1017 1245 1057 1.
1288 1016 1503 1058 adiudicari
1543 1017 1692 1069 licebit,

85 1074 190 1129 quod
223 1075 273 1116 ita
305 1075 585 1128 comperietur,
618 1074 655 1114 id
688 1075 723 1113 ei
756 1073 971 1115 heredeive
1004 1075 1089 1116 eius
1121 1074 1333 1130 adsignato
1372 1087 1464 1117 esse
1505 1075 1691 1118 iudicato.

748 1144 871 1198 Caput
902 1144 1027 1186 XXX.

227 1202 351 1260 [Quoi
381 1216 480 1259 ager
510 1200 735 1257 locus...]
771 1216 876 1256 oque
899 1205 984 1245 eius
1006 1206 1092 1258 agri
1114 1204 1217 1246 locei
1239 1210 1331 1246 ante
1363 1206 1521 1247 inei...
1556 1203 1695 1261 [emp-

84 1261 184 1319 tum]
219 1269 280 1304 est
311 1264 358 1304 ab
391 1276 454 1314 eo,
488 1263 630 1316 quoius
663 1263 747 1303 eius
780 1265 866 1316 agri
898 1263 1001 1303 locei
1032 1263 1199 1304 hominis
1231 1265 1372 1316 privati
1404 1264 1579 1306 venditio
1612 1265 1694 1315 fuit,

84 1327 178 1375 turn,
210 1335 329 1376 quom
360 1323 394 1363 is
427 1335 516 1363 eum
549 1334 688 1376 agrurn
719 1321 849 1362 locum
883 1322 996 1373 emit,
1030 1323 1121 1374 quei
1152 1334 1251 1377 ager
1281 1322 1476 1376 locusque
1507 1324 1560 1364 ita
1590 1336 1695 1365 ven-

84 1467 148 1504 tuit
178 1467 323 1504 licuitve
355 1467 501 1515 amplius
534 1466 662 1513 iugera
706 1466 858 1503 ducenta
892 1466 972 1503 data
1015 1466 1200 1514 adsignata
1241 1467 1349 1504 fuisse
1381 1467 1560 1515 iudicato,
1601 1479 1696 1506 neve

86 1526 185 1562 unius
218 1526 369 1563 hominis
401 1525 558 1572 nomine,
591 1525 650 1572 qui
683 1537 728 1562 ex
760 1525 949 1573 plebiscito
982 1526 1079 1573 quod
1107 1526 1147 1562 M.
1171 1526 1322 1563 Baebius
1346 1526 1507 1564 triumvir
1529 1527 1696 1565 coloniae

86 1585 319 1622 deducendae
350 1585 508 1631 rogavit,
541 1596 665 1631 agrum
699 1584 757 1632 qui
788 1584 822 1620 in
856 1584 976 1621 Africa
1009 1589 1065 1620 est
1097 1585 1182 1622 dare
1215 1586 1374 1633 oportuit
1401 1586 1560 1634 licuitve,
1591 1586 1695 1624 cuive

87 1656 133 1680 ex
166 1645 231 1681 hac
262 1645 345 1691 lege
379 1644 511 1680 colono
545 1643 624 1679 eive
657 1644 714 1690 qui
746 1643 779 1679 in
813 1644 931 1680 coloni
964 1654 1111 1680 numero
1153 1644 1304 1692 scriptus
1336 1649 1412 1691 est,
1454 1657 1602 1693 agrum,
1635 1644 1697 1694 qui

83 1702 118 1739 in
151 1702 274 1740 Africa
306 1707 362 1739 est
394 1703 480 1739 dare
515 1703 699 1750 oportebit
730 1702 899 1739 licebitve
931 1703 1078 1750 amplius
1110 1702 1235 1750 iugera
1268 1704 1420 1740 ducenta
1459 1705 1492 1741 in
1524 1716 1569 1742 eo
1602 1716 1696 1752 agro

86 1762 166 1798 data
201 1762 437 1809 adsignatave
471 1761 580 1798 fuisse
611 1761 782 1807 iudicato,
814 1773 906 1798 neve
938 1761 1108 1798 maiorem
1141 1773 1323 1799 numerum
1354 1762 1388 1799 in
1421 1763 1541 1800 Africa
1572 1763 1695 1801 homi-

84 1832 164 1857 num
197 1821 230 1858 in
263 1820 438 1858 coloniam
472 1820 680 1857 coloniasve
713 1820 905 1857 deductum
939 1832 1017 1857 esse
1051 1820 1208 1858 fuisseve
1241 1821 1412 1868 iudicato,
1443 1834 1547 1870 quam
1576 1835 1695 1871 quan-

83 1884 156 1916 tum
188 1891 370 1916 numerum
402 1891 448 1916 ex
480 1880 564 1926 lege
596 1879 738 1926 Rubria,
772 1891 863 1927 quae
896 1879 972 1926 fuit,
1005 1891 1100 1916 exve
1131 1880 1320 1927 plebiscito
1352 1881 1449 1928 quod
1480 1882 1524 1919 M.
1543 1882 1694 1919 Baebius

85 1938 247 1976 triumvir
279 1938 445 1976 coloniae
477 1938 710 1976 deducendae
743 1938 776 1975 in
819 1938 942 1976 Africa
979 1938 1159 1976 hominum
1199 1940 1234 1976 in
1267 1939 1445 1977 coloniam
1486 1940 1695 1980 coloniasve

85 1997 214 2035 deduci
245 1997 408 2047 oportuit
438 1997 596 2035 licuitve

753 2068 867 2117 Caput
898 2068 1023 2106 XXIX.

223 2140 405 2186 Dummir,
437 2139 495 2188 qui
528 2152 572 2176 ex
608 2141 674 2177 hac
705 2140 788 2188 lege
820 2141 933 2177 factus
966 2145 1154 2177 creatusve
1185 2140 1254 2177 erit
1285 2167 1401 2178 ......
1434 2141 1512 2190 agri
1543 2154 1583 2179 re
1613 2154 1693 2181 rom

126 2227 154 2236 ..
186 2203 261 2235 atus
295 2200 426 2236 ab....
460 2199 557 2247 quod
590 2199 664 2235 eius
698 2199 775 2246 agri
807 2211 853 2236 ex
884 2200 950 2236 hac
981 2200 1064 2248 lege
1098 2199 1292 2236 adiudicari
1331 2200 1476 2249 licebit,
1517 2202 1613 2250 quod
1644 2202 1693 2240 ita

84 2258 350 2307 comperietur,
381 2258 417 2295 id
450 2258 482 2294 ei
513 2258 686 2295 heredive
719 2258 793 2295 eius
825 2258 1015 2306 adsignato
1049 2270 1128 2296 esse
1159 2258 1326 2297 iudicato.

762 2329 876 2378 Caput
906 2330 1016 2366 XXX.

224 2387 291 2433 Qui
322 2399 411 2435 ager
442 2389 542 2425 locus
575 2417 681 2425 ......
714 2400 808 2436 oque
842 2388 916 2425 eius
949 2388 1028 2436 agri
1058 2388 1128 2425 loci
1161 2393 1243 2425 ante
1273 2388 1343 2426 mei
1459 2394 1613 2439 emptum
1637 2394 1694 2428 est:

83 2447 126 2483 ab
163 2458 221 2493 eo,
254 2447 351 2484 cuius
384 2447 459 2484 eius
501 2448 578 2493 agri
620 2447 692 2484 loci
733 2447 884 2484 hominis
926 2447 1055 2496 privati
1088 2447 1248 2484 venditio
1280 2448 1368 2494 fuit,
1409 2453 1483 2485 turn
1527 2461 1632 2497 quum
1662 2449 1692 2486 is

84 2517 163 2543 eum
195 2517 320 2554 agrum
350 2506 467 2543 locum
500 2506 596 2553 emit,
627 2506 687 2554 qui
717 2518 807 2554 ager
837 2506 1011 2554 locusque
1040 2506 1090 2543 ita
1121 2506 1287 2544 venditus
1325 2507 1594 2546 abalienatusve
1626 2507 1694 2546 erit

225 2666 262 2712 1)
287 2668 451 2702 Rudorfio
476 2668 693 2703 scribendum
712 2669 814 2703 fuisse
832 2669 984 2703 videtur:
1008 2668 1164 2702 licebitve.
1188 2668 1363 2703 Huschkio
1382 2681 1413 2714 p.
1432 2669 1519 2704 609:
1551 2669 1694 2714 oportuit

84 2713 224 2749 limicve.
259 2734 300 2740 -—-
333 2714 373 2759 2)
405 2716 502 2750 Hunc
541 2716 656 2750 locum
684 2728 702 2750 a
728 2715 836 2750 verbo
873 2717 968 2750 neive
994 2715 1035 2749 ad
1061 2716 1159 2750 finem
1194 2718 1314 2761 capitis
1346 2715 1536 2750 Huschkius
1565 2728 1596 2761 p.
1622 2717 1691 2751 609

84 2763 130 2795 ita
154 2763 309 2805 refingit:
341 2764 443 2797 neive
475 2764 637 2797 maiorem
671 2774 847 2797 numerum
879 2764 1077 2797 colonorum
1113 2773 1277 2797 eorumve
1302 2764 1380 2809 quei
1404 2764 1438 2797 in
1464 2763 1599 2797 cotonei
1623 2774 1691 2798 nu-

84 2819 178 2843 mero
203 2811 340 2854 scriptei
364 2815 442 2843 sunt
466 2811 500 2843 in
526 2810 694 2844 coloniam
720 2810 915 2844 coloniasve
942 2810 1122 2843 deductum
1147 2821 1222 2844 esse
1246 2811 1378 2844 fuiseve
1402 2810 1560 2853 iudicato,
1589 2821 1690 2856 quam

86 2862 243 2900 quantum
269 2868 446 2890 numerum
479 2868 522 2890 ex
546 2857 623 2901 lege
655 2857 780 2891 Rubria
807 2868 895 2902 quae
919 2857 1002 2898 fuit,
1036 2866 1124 2890 exve
1149 2857 1193 2901 pl.
1219 2868 1266 2891 sc.
1292 2856 1383 2902 quod
1409 2856 1451 2890 M.
1477 2857 1623 2891 Baebius
1648 2864 1689 2893 tr.

85 2901 131 2945 pl.
155 2902 200 2936 111
223 2904 276 2937 vir
301 2903 456 2937 coloniae
482 2903 703 2938 deducendae
728 2905 876 2947 rogavit,
903 2903 1042 2936 colonos
1068 2915 1143 2938 esse
1168 2905 1248 2938 inve
1273 2904 1407 2937 colonei
1431 2915 1571 2939 numero
1601 2907 1689 2939 scri-

84 2947 152 2990 hei,
185 2956 413 2995 quantumque
443 2961 620 2984 numerum
647 2962 665 2984 a
690 2950 736 2984 III
760 2951 840 2984 viris
872 2950 1027 2984 coloniae
1059 2950 1280 2987 deducendae
1308 2952 1342 2985 in
1365 2949 1483 2986 Africa
1513 2951 1689 2987 hominum

85 2994 120 3029 in
144 2994 309 3030 coloniam
333 2997 529 3032 coloniasve
554 2997 677 3034 deduci
700 2998 850 3042 oportuit
874 2996 1025 3034 licuitve.

144 3051 225 3086 Zell,
242 3053 364 3089 inscriptt.
382 3054 501 3083 delectus.
1424 3056 1478 3102 15
