1877 3313
160 204 246 247 404
612 200 714 235 Inscr.
739 200 912 245 profanae.
963 197 1043 244 Cap.
1068 198 1107 234 11.
1156 198 1317 234 Tabulae.

160 322 279 349 morea
313 309 483 358 quadrata
515 320 593 345 cum
629 309 699 346 hoc
730 309 856 346 titulo:
888 306 932 346 D.
964 305 1016 346 M.
1050 305 1256 346 Cetraniae
1286 305 1328 345 P.
1359 304 1401 345 F.
1434 302 1647 345 Severinae
1679 304 1756 346 Sa-

160 366 312 408 cerdoti
345 365 458 405 divae
490 364 674 405 Marcian.
707 365 752 405 T.
784 365 952 405 Baebius
995 363 1206 404 Gemellius
1247 362 1416 417 August.
1448 362 1608 415 coniugi
1637 374 1758 404 sanc-

164 426 248 465 tiss.
298 427 335 463 In
369 427 499 462 dextro
532 426 645 462 latere
676 425 835 463 eiusdem
869 437 952 461 arae
994 429 1062 461 stat
1095 425 1172 472 ipsa
1212 425 1382 460 sacerdos
1424 423 1618 460 Vestalium
1659 435 1758 461 more

161 487 244 522 velo
277 485 448 522 involuta.
508 484 546 520 In
588 483 731 521 sinistro
775 486 889 521 latere
931 488 1037 531 caput
1078 483 1280 519 testamenti
1319 481 1464 519 incisum
1506 481 1648 529 legitur.
1704 483 1758 519 Ex

162 544 299 580 Smetio
335 544 473 580 Gruter.
505 555 538 591 p.
573 542 667 579 322.
699 544 809 591 Spon.
840 542 971 578 Miscet.
1004 553 1037 590 p.
1070 541 1166 578 264.
1207 541 1360 578 Brisson.
1389 540 1542 577 Formul.
1575 540 1649 576 VII.
1681 552 1758 588 cap.

166 602 258 640 157.
290 603 477 639 Terasson.
509 601 601 649 Adp.
633 613 667 649 p.
700 601 766 638 83.
808 601 1084 649 Spangenberg.
1115 613 1149 648 p.
1183 599 1248 636 62.
1279 599 1423 637 Morcel.
1465 599 1531 647 Op.
1561 598 1604 635 11.
1634 610 1668 647 p.
1691 598 1757 635 99.

301 684 423 721 1794.
486 681 528 721 L.
562 680 719 721 Cincius
750 681 790 720 L.
824 680 864 720 F.
897 681 989 722 Suc.
1007 677 1044 734 ¹)
1076 679 1263 720 Martialis
1296 679 1412 730 vvir,
1443 689 1658 732 possessor
1680 676 1760 718 hu-

159 741 219 782 ius
249 741 489 782 monumenti
521 753 573 780 ex
613 744 847 780 testamento
885 739 926 779 L.
959 738 1103 779 Mamili
1145 738 1306 788 Felicis,
1349 737 1533 778 decuriae
1563 735 1601 776 X
1632 735 1760 777 colle-

157 800 267 853 gium
313 798 466 838 fabrum
508 798 766 851 tignariorum
807 798 995 850 parietem
1038 796 1220 837 dextrum
1261 797 1443 837 introitus
1484 795 1581 836 ollas
1618 793 1762 836 ΧΧΧΙΙ

158 858 320 898 donavit
352 857 409 897 eis
441 857 509 910 qui
541 856 639 896 infra
671 857 804 909 scripti
837 860 927 897 sunt
957 855 1122 909 singulis
1155 855 1350 910 singulas:

162 928 203 968 P.
228 928 396 981 Sulpicio
419 926 536 968 Felici
562 926 654 967 Dec.
672 923 712 981 ²)
766 926 809 966 Τ.
833 925 981 967 Statilio
1004 925 1205 966 Onesimo.
1240 921 1436 979 (sequntur
1452 927 1592 965 nomina
1608 921 1760 978 viginti)

164 985 206 1028 L.
239 986 385 1027 Baebio
417 985 646 1039 Apollinari.
766 985 815 1026 M.
848 984 1021 1025 Antonio
1052 983 1286 1038 Philosterg.

299 1055 488 1109 Reliquas
521 1055 616 1097 ollas
647 1055 697 1107 F,
730 1055 795 1108 qui
827 1054 864 1095 in
897 1054 970 1095 hac
1001 1053 1164 1095 decuria
1196 1053 1325 1095 allecti
1357 1054 1459 1096 erint
1488 1054 1653 1110 singulis
1673 1053 1761 1096 sin-

161 1115 272 1169 gulas
304 1114 369 1166 do,
399 1115 508 1168 lego.

297 1184 505 1238 Reliquum
538 1197 653 1225 omne
686 1184 771 1225 eius
795 1196 939 1233 meum,
972 1183 1076 1237 quod
1100 1188 1160 1225 est
1183 1184 1221 1224 in
1242 1182 1317 1225 hoc
1337 1188 1604 1234 monumento,
1634 1182 1760 1225 Ama-

158 1245 235 1285 tiae
266 1243 430 1294 Eumae,
462 1244 579 1284 uxori
611 1255 724 1282 meae
757 1247 795 1282 et
826 1242 868 1282 L.
902 1242 1034 1283 Cincio
1065 1241 1106 1283 L.
1140 1243 1180 1282 F.
1212 1243 1288 1283 Pal.
1304 1239 1345 1298 ³)
1376 1242 1542 1284 Martiali
1571 1242 1613 1283 F.
1646 1247 1685 1283 et
1710 1241 1760 1282 Μ.

161 1302 316 1343 Amatio
349 1302 552 1343 Crescenti
585 1301 633 1342 do
665 1302 959 1354 possidereque
992 1313 1062 1342 eos
1102 1301 1232 1343 iubeo.
1267 1325 1302 1332 -
1350 1304 1492 1342 Romae.
1525 1304 1635 1353 Spon.
1665 1303 1760 1342 Misc.

158 1364 258 1401 erud.
292 1363 398 1411 antiq.
432 1375 467 1412 p.
501 1362 565 1400 59.
626 1362 902 1411 Spangenberg.
934 1375 967 1410 p.
1003 1362 1066 1398 69.

678 1499 1007 1534 Testamentum
1033 1500 1249 1535 Dasumii.

304 1597 429 1634 1795.
491 1597 700 1634 Continetur
731 1598 801 1634 boc
832 1603 1092 1634 monumentum
1120 1598 1237 1635 tabula
1264 1608 1462 1635 marmorea
1489 1597 1586 1635 cuius
1613 1598 1761 1635 alterum

161 1656 397 1702 fragmentum
430 1667 521 1692 anno
559 1655 667 1692 1820
700 1660 880 1704 repertum
922 1668 1036 1705 prope
1077 1657 1167 1693 viam
1208 1656 1360 1704 Appiam
1401 1657 1434 1693 in
1467 1656 1568 1693 vinea
1608 1657 1761 1693 Sanctae

159 1715 417 1751 Ammendolae
447 1719 593 1762 praeter
625 1715 760 1751 titulum
792 1715 1063 1762 quinquagenos
1096 1720 1251 1752 octonos
1279 1726 1402 1752 versus
1428 1715 1569 1763 priores
1591 1715 1762 1760 exhibet3

159 1774 311 1809 alterum
345 1774 580 1820 fragmentum
613 1785 683 1810 non
715 1774 824 1819 longe
857 1775 899 1809 ab
932 1785 977 1809 eo
1011 1774 1093 1810 loco
1126 1785 1218 1810 anno
1254 1772 1363 1810 1830
1391 1774 1569 1810 inventum
1602 1773 1760 1811 eiusdem

159 1832 301 1868 tabulae
333 1843 554 1868 marmoreae
586 1832 741 1879 reliquos
773 1843 896 1868 versus
943 1832 1024 1869 inde
1056 1844 1074 1869 a
1108 1832 1402 1880 quinquagesimo
1434 1836 1564 1870 octavo
1595 1832 1640 1869 ad
1671 1843 1760 1869 cen-

158 1891 320 1926 tesimum
362 1890 575 1926 tricesimum
616 1891 809 1927 secundum
852 1891 1006 1927 exbibet.
1076 1891 1158 1927 Bina
1201 1892 1290 1928 haee
1331 1891 1530 1939 fragmenta
1571 1890 1760 1928 coniuncta

158 1950 311 1985 tabulam
345 1949 500 1985 efficiunt
532 1950 654 1985 decem
685 1949 821 1997 palmos
854 1950 1008 1996 longam.
1070 1949 1269 1986 Secundum
1312 1949 1570 1997 longitudinem
1602 1949 1762 1986 metienti

158 2008 275 2043 tabula
308 2007 446 2054 integra
481 2007 687 2055 apparebit,
721 2008 785 2044 sed
818 2009 1012 2044 secundum
1045 2008 1263 2044 latitudinem
1307 2009 1421 2045 multis
1453 2008 1611 2057 partibus
1642 2009 1760 2044 lacera

158 2071 235 2112 est,
267 2066 314 2102 ita
347 2067 514 2113 quidem,
562 2070 600 2102 ut
639 2077 762 2102 versus
806 2068 863 2103 vel
905 2067 1088 2103 maximam
1120 2071 1256 2114 partem
1288 2067 1421 2104 servati
1453 2066 1591 2104 nonnisi
1621 2065 1761 2103 tertiam

156 2125 208 2160 sui
240 2129 402 2173 partem,
444 2124 605 2172 plerique
648 2124 786 2161 nonnisi
828 2130 965 2162 sextam
996 2124 1166 2172 reliquam
1199 2126 1362 2162 babeant.
1422 2125 1475 2162 De
1505 2129 1667 2173 tempore
1698 2129 1759 2161 tc-

158 2183 325 2219 stamenti
357 2183 490 2220 conditi
523 2194 646 2219 versus
682 2183 760 2219 123
795 2183 904 2220 docet
935 2183 1039 2220 Aelio
1071 2183 1271 2230 Hadriano,
1307 2183 1474 2221 Trebatio
1506 2183 1626 2220 Prisco
1659 2183 1758 2220 Con-

157 2242 289 2278 sulibus
322 2253 401 2278 esse
434 2242 583 2287 sactum,
617 2241 649 2278 id
683 2246 757 2287 est,
801 2254 894 2279 anno
931 2241 1009 2278 109
1042 2252 1076 2293 p.
1109 2242 1169 2278 Cb.
1202 2243 1254 2278 De
1286 2254 1440 2290 persona
1471 2241 1625 2279 Dasumii
1655 2253 1759 2290 quem

158 2300 293 2337 etiamsi
324 2311 452 2336 nomen
483 2300 516 2336 in
548 2297 652 2337 titulo
684 2300 927 2346 interciderit,
968 2311 987 2336 e
1022 2311 1124 2337 versu
1157 2300 1210 2336 34
1244 2305 1452 2337 testatorem
1485 2312 1564 2338 esse
1596 2304 1758 2349 apparet,

157 2370 228 2395 non
261 2371 375 2406 aeque
407 2357 540 2405 liquido
586 2363 736 2395 constat.
785 2359 837 2395 Ex
879 2358 1049 2396 Rudorll'ii
1093 2358 1238 2395 arbitrio
1279 2359 1462 2396 Dasumius
1493 2359 1587 2396 idem
1620 2363 1675 2395 est
1705 2357 1759 2395 vir

158 2417 378 2463 consularis,
422 2417 518 2453 cuius
550 2429 679 2453 nomen
721 2418 870 2454 Senatus
903 2418 1099 2454 consultum
1133 2418 1377 2454 Dasumianum
1409 2418 1454 2454 de
1486 2416 1758 2455 fideicommissa

157 2475 322 2512 libertate
353 2487 441 2524 prae
481 2487 520 2511 se
560 2476 629 2512 fert
672 2487 765 2512 anuo
798 2488 829 2513 u.
864 2488 892 2512 c.
927 2476 1009 2512 854
1041 2489 1074 2524 p.
1108 2476 1168 2512 Ch.
1205 2475 1277 2512 101
1317 2476 1576 2521 assignandum.
1636 2476 1757 2523 Borg-

157 2534 275 2570 hesius
323 2546 369 2571 ex
401 2533 743 2571 commemoratione
776 2534 964 2571 Cordubae
996 2535 1030 2571 in
1072 2539 1284 2571 testamento
1328 2535 1421 2571 facta
1452 2534 1608 2580 coniicit,
1639 2534 1757 2571 Dasu-

157 2592 261 2628 mium
296 2593 462 2629 Corduba
495 2592 681 2629 oriundum
722 2592 829 2629 fuisse
870 2597 973 2639 atque
1008 2604 1051 2629 ex
1085 2605 1207 2629 eorum
1239 2593 1473 2641 Hispanorum
1505 2603 1667 2640 numero,
1699 2591 1757 2641 qui

157 2650 340 2688 Traianum
371 2651 579 2699 popularem
611 2662 709 2687 suum
741 2651 882 2687 Romam
914 2651 1197 2699 proficiscentem
1227 2655 1473 2699 sequerentur.

300 2720 402 2757 Prius
444 2721 683 2766 fragmentum
725 2721 836 2757 edidit
875 2721 999 2767 Pugge
1039 2721 1073 2758 in
1111 2722 1232 2758 Museo
1263 2721 1432 2758 Rbenano
1465 2715 1689 2773 (1827)1,
1721 2721 1758 2758 3.

157 2790 191 2826 p.
224 2779 305 2815 249
341 2791 464 2826 seqq.;
495 2783 680 2825 utrumque
712 2779 891 2815 Ambrosh
924 2779 1051 2816 Annali
1084 2778 1167 2816 dell'
1197 2779 1356 2817 instituto
1389 2779 1422 2815 di
1454 2779 1755 2828 corrispondenza

159 2837 366 2885 archeolog.
403 2836 524 2873 1831.
557 2837 600 2874 11.
632 2849 665 2884 p.
698 2836 925 2874 388-406
958 2841 994 2874 et
1024 2838 1059 2875 in
1091 2838 1274 2875 Clemente
1305 2837 1480 2875 cardinali
1507 2837 1660 2887 Diplomi
1685 2837 1755 2875 im-

299 2995 336 3039 1)
362 2997 532 3033 Sucusana
555 2997 656 3034 tribu.
680 3015 724 3023 -
749 2997 788 3043 2)
815 2999 997 3034 decurioni.
1024 3016 1065 3023 —
1091 2997 1130 3042 3)
1154 2997 1306 3034 Palatina
1329 2997 1429 3034 tribu.
