1877 3313
80 163 168 207 278
534 160 639 196 Inscr.
665 161 836 207 profanae.
884 161 966 207 Cap.
990 160 1031 196 Π.
1081 161 1239 198 Tabulae.

218 270 416 309 Ediderunt
447 274 484 307 et
513 269 759 319 explicarunt:
799 271 857 308 Jo.
888 271 998 317 Rayn.
1031 269 1124 308 Carli
1154 270 1338 309 Antiobita
1369 271 1529 310 ltaliche.
1559 272 1682 312 1788.

81 333 178 370 Tom.
218 330 244 367 Ι.
295 341 329 378 p.
365 328 469 374 1353
518 329 666 377 Joseph.
717 330 858 377 Poggio
905 329 1026 367 1790.
1068 330 1152 374 sot,
1206 331 1315 367 Caiet.
1365 330 1529 367 Marinius
1582 327 1682 382 (Atti

81 389 139 427 de'
170 388 250 425 frat.
292 388 400 425 arval.
433 388 467 424 P.
499 387 523 423 Ι.
555 399 590 435 p.
625 383 766 439 1073,
804 388 909 434 Hugo
942 388 1089 424 Civilist.
1131 388 1266 436 Magaz.
1307 389 1404 426 Tom.
1436 390 1477 426 II.
1519 401 1553 438 p.
1585 390 1680 427 431.

79 448 122 484 Η.
162 447 201 484 Ε.
241 445 392 482 Dirksen
434 445 645 482 Dissertatio
695 446 910 494 inauguratis
961 457 1170 494 proponens
1219 447 1490 484 observationes
1532 448 1576 485 ad
1618 461 1682 485 se-

80 506 174 542 lecta
213 504 304 551 legis
346 503 478 540 Galliae
520 503 641 553 cisalp.
681 505 806 553 capita.
866 505 1018 541 Berolin.
1064 504 1184 541 1821.
1227 505 1286 550 4.;
1336 505 1456 542 Pietro
1495 505 1540 542 de
1580 507 1683 543 Lama

79 562 214 600 Tavola
254 562 455 609 legislativa
497 562 590 598 della
632 562 741 599 Gallia
773 563 952 610 cisalpina.
993 564 1126 599 Parma.
1166 563 1287 600 1820.
1335 564 1500 600 Haubold
1531 565 1684 601 Monam.

78 622 152 667 leg.
193 633 228 669 p.
263 620 356 657 144.
417 620 586 657 Huschke
616 621 669 657 De
700 626 767 658 aet.
799 622 958 658 formulis
998 633 1044 657 ex
1076 622 1159 668 lege
1192 621 1332 659 Rubria.
1381 622 1525 658 Vratisl.
1562 622 1683 660 1832.

79 680 206 726 Egger
246 679 357 716 Latin.
398 689 552 715 sermon.
583 679 686 726 reliq.
716 692 750 727 p.
784 679 877 715 308.
937 679 1129 716 Heimbacb
1162 680 1442 717 Observationes
1479 680 1563 718 iuris
1595 693 1684 718 rom.

80 734 196 790 (Lips.
219 732 366 789 1834).
391 749 426 786 p.
445 737 498 773 30
513 748 611 785 seqq.
631 750 665 785 p.
686 738 737 773 50
751 750 849 785 seqq.
882 738 1074 775 Burchardi
1108 739 1158 774 De
1191 739 1274 786 lege
1299 739 1436 776 Rubria.
1469 739 1536 776 Kil.
1562 739 1684 776 1839.

271 847 303 856 ..
331 816 479 857 iussum
511 815 775 858 iudicatumve
807 818 894 867 crit,
926 816 964 857 id
995 821 1122 858 ratum
1155 830 1205 858 ne
1237 823 1346 867 θεῖος
1379 817 1566 871 quodque
1598 818 1684 870 quis

80 887 320 929 qnequomq.
354 874 389 914 d.
424 887 458 915 e.
491 887 523 915 r.
556 874 768 926 decernet,
810 875 1110 926 interdiicetve,
1143 876 1253 916 seive
1284 877 1539 930 sponsionem
1572 875 1685 916 fierei

76 931 344 986 iudiearive1]
386 933 555 984 iubebit,
596 933 833 974 iudiciumve
875 934 983 986 quod
1026 934 1062 973 d.
1097 947 1131 974 e.
1165 947 1196 974 r.
1230 934 1356 985 dabit,
1402 935 1435 975 is
1467 935 1504 975 in
1536 934 1573 974 id
1606 934 1683 974 de-

80 997 235 1033 cretum
264 991 514 1032 interdictum
545 992 800 1044 sponsionem
825 991 1010 1032 iudicium
1034 995 1310 1045 exceptionem
1334 991 1465 1033 addito
1487 992 1626 1032 adclive
1641 990 1680 1045 2)

79 1051 237 1092 iubeto:
271 1062 308 1102 q.
341 1049 376 1090 d.
408 1062 441 1090 r.
473 1051 606 1104 operis
637 1050 728 1091 novi
760 1051 1042 1090 nuntiationem
1074 1050 1104 1090 ΙΙ
1122 1052 1192 1090 vir.
1226 1050 1286 1091 ΠΗ
1306 1052 1374 1091 vir.
1408 1051 1685 1104 praet'eclusvo

80 1109 166 1151 eius
199 1108 410 1161 municipei
442 1121 521 1150 non
551 1109 808 1149 remeisserit.

840 1179 925 1218 XX.

220 1239 306 1287 Qua
338 1236 387 1276 de
418 1249 463 1278 re
495 1236 662 1290 quisque
694 1242 733 1277 et
765 1249 786 1277 a
817 1250 909 1290 qno,
942 1237 980 1278 in
1013 1236 1135 1278 Gallia
1169 1237 1403 1291 Cisalpeina,
1436 1235 1589 1278 damnei
1620 1239 1685 1278 in-

80 1296 202 1338 fectei
232 1309 285 1336 ex
315 1295 483 1337 formula
513 1295 761 1349 restipularei
803 1297 949 1336 setisve
982 1297 1163 1348 accipere
1196 1296 1326 1347 volet,
1366 1300 1404 1337 et
1435 1297 1482 1336 ab
1515 1309 1564 1337 eo
1597 1297 1687 1349 quei

79 1355 159 1396 ibei
189 1355 214 1395 i.
247 1354 307 1406 d.,
337 1353 617 1407 postulaverit,
657 1353 775 1406 idque
806 1366 885 1394 non
917 1353 954 1394 k.
987 1353 1021 1393 lt.
1055 1367 1099 1394 se
1132 1354 1265 1394 facere
1298 1355 1507 1405 iuraverit,
1540 1359 1619 1395 tum
1652 1355 1685 1395 is

81 1425 160 1467 quo
191 1412 228 1453 d.
262 1425 296 1453 e.
327 1425 359 1453 r.
393 1413 431 1452 in
462 1413 523 1452 ius
555 1411 698 1452 aditum
730 1412 824 1463 erit,
857 1425 946 1453 eum
979 1414 1071 1464 quei
1102 1413 1140 1452 in
1172 1414 1231 1453 ius
1264 1411 1429 1453 eductus
1461 1413 1548 1463 erit,
1580 1412 1615 1453 d.
1649 1426 1685 1453 e.

78 1484 112 1513 r.
144 1484 198 1512 ex
227 1469 395 1512 formula
427 1471 718 1524 repromittere,
750 1474 789 1510 et
820 1472 879 1511 sei
909 1471 1004 1511 satis
1037 1470 1146 1511 darei
1177 1470 1346 1521 debebit,
1378 1471 1474 1512 satis
1506 1471 1600 1512 dare
1620 1472 1686 1512 iu—

79 1531 188 1582 beto,
221 1529 440 1570 decernito.
483 1529 583 1576 Quei
627 1541 764 1569 eorum
806 1529 857 1569 ita
900 1541 979 1570 non
1021 1530 1341 1583 repromeisserit
1382 1535 1560 1571 autnon
1591 1531 1684 1571 satis

82 1586 258 1639 dederit,
299 1588 332 1628 si
365 1586 457 1640 quid
489 1587 643 1627 interim
677 1587 805 1627 damni
838 1587 969 1628 datum
1003 1588 1200 1628 laetumve
1235 1601 1286 1627 ex
1317 1600 1363 1628 ea
1394 1600 1439 1628 re
1470 1593 1537 1629 aut
1569 1588 1619 1629 ob
1652 1601 1687 1628 c.

82 1659 116 1687 r.
151 1658 253 1687 eove
285 1646 443 1686 nomine
476 1646 562 1697 erit,
596 1658 708 1697 quam
742 1646 791 1686 ob
823 1658 922 1696 rem,
954 1647 1034 1686 ulei
1066 1646 1219 1686 damnei
1251 1646 1410 1687 infeclei
1431 1647 1688 1699 repromissio

81 1705 234 1747 satisve
265 1703 369 1745 datio
402 1703 536 1755 fieret,
575 1703 815 1756 postulatum
849 1705 945 1755 erit,
985 1709 1066 1745 tum
1098 1718 1222 1758 mag,
1264 1717 1390 1758 prove
1421 1718 1547 1759 mag„
1587 1705 1689 1745 llvir

311 1857 443 1894 iussum
484 1856 722 1894 iudicatumue
769 1857 858 1902 erit,
899 1856 934 1893 id
964 1861 1077 1894 ratum
1110 1869 1153 1894 ne
1185 1861 1285 1903 esto,
1328 1857 1497 1905 quodque
1540 1856 1688 1904 quisque

82 1927 224 1964 cunque
261 1916 306 1952 de
338 1928 379 1952 ea
410 1927 451 1952 re
483 1916 678 1961 decernet,
721 1915 980 1961 interdicetue,
1024 1916 1097 1952 sine
1129 1917 1356 1964 sponsionem
1388 1916 1464 1952 fieri
1494 1915 1688 1952 iudicariue

81 1975 241 2021 iubebit,
272 1974 485 2011 iudiciumne
519 1974 615 2022 quod
648 1974 693 2010 de
725 1986 766 2011 ea
798 1986 837 2010 re
870 1974 987 2020 dabit,
1018 1974 1046 2010 is
1079 1974 1112 2010 in
1146 1975 1180 2010 id
1214 1975 1417 2021 decretum,
1445 1964 1687 2020 interdictum,

82 2033 336 2083 sponsionem,
377 2032 567 2079 iudicium,
610 2033 860 2080 exceptionem
893 2032 1037 2077 addito,
1081 2033 1208 2068 addiue
1240 2034 1383 2069 iubeto:
1435 2032 1539 2079 „Qua
1571 2031 1616 2068 de
1648 2044 1686 2068 re

83 2091 204 2141 operis
236 2091 319 2128 noui
351 2091 606 2128 nuntiationem
641 2091 824 2138 Duumnir,
857 2091 1086 2136 Quatuoruir,
1118 2091 1370 2128 Praefectusue
1403 2091 1479 2128 eius
1511 2089 1689 2139 municipii

82 2161 154 2188 non
184 2148 401 2188 remiseritf‘

225 2267 303 2312 Qua
335 2267 379 2303 de
410 2278 449 2303 re
482 2266 629 2315 quisque
676 2272 711 2303 et
742 2278 760 2304 a
794 2278 886 2316 quo,
928 2267 962 2303 in
995 2266 1103 2303 Gallia
1136 2265 1369 2315 Cis-Alpina,
1410 2265 1526 2303 damni
1566 2265 1690 2303 inlecti

85 2338 133 2364 ex
164 2325 318 2364 formula
351 2325 554 2374 restipulari
585 2326 718 2362 satisne
750 2325 916 2374 accipere
946 2325 1058 2371 volet,
1090 2329 1124 2361 et
1156 2325 1199 2360 ab
1232 2336 1298 2370 eo,
1331 2325 1388 2372 qui
1418 2325 1465 2361 ibi
1497 2325 1549 2361 ius
1581 2325 1688 2370 dicer,

84 2384 333 2434 postulauerit,
366 2383 472 2431 idque
504 2395 574 2420 non
607 2385 800 2421 calumniae
833 2396 956 2421 caussa
988 2395 1026 2419 se
1059 2384 1178 2420 facere
1209 2383 1398 2428 iurauerit,
1430 2386 1502 2418 tum
1535 2383 1584 2428 is,
1616 2394 1687 2430 quo

86 2445 131 2481 de
163 2455 204 2480 ea
237 2455 276 2480 re
306 2442 340 2480 in
372 2442 423 2478 ius
466 2441 597 2478 aditum
639 2443 728 2490 erit,
771 2454 873 2488 eum,
917 2442 1038 2490 quiin
1070 2442 1121 2478 ius
1160 2442 1310 2477 eductus
1353 2441 1441 2487 erit,
1483 2441 1528 2477 de
1575 2452 1617 2477 ea
1649 2452 1688 2476 re

86 2513 133 2539 ex
165 2502 317 2540 formula
357 2501 633 2549 repromittere,
676 2506 712 2538 et
744 2500 773 2538 si
804 2500 966 2538 satisdari
1008 2499 1176 2546 debebit,
1217 2499 1389 2536 satisdare
1431 2499 1575 2545 iubeto,
1618 2498 1686 2535 de-

89 2561 238 2599 cernito.

228 2617 295 2664 Qui
327 2629 450 2656 eorum
481 2618 529 2655 ita
561 2630 630 2655 non
663 2617 933 2668 repromiserit,
973 2622 1032 2655 aut
1062 2628 1134 2654 non
1165 2616 1416 2663 satisdederit,
1455 2616 1484 2653 si
1515 2615 1598 2664 quid
1629 2616 1688 2653 in-

88 2676 190 2715 terim
221 2677 335 2714 damni
367 2678 518 2723 datum,
548 2677 724 2713 factumue
756 2689 801 2714 ex
835 2689 876 2714 ea
908 2689 969 2723 re,
1002 2679 1061 2712 aut
1093 2676 1139 2712 ob
1172 2687 1250 2712 eam
1281 2687 1378 2721 rem,
1410 2686 1502 2712 eoue
1534 2674 1688 2720 nomine,

91 2736 180 2782 erit,
212 2748 314 2784 quam
348 2736 395 2773 ob
428 2747 526 2780 rem,
559 2735 607 2772 uti
639 2736 753 2772 damni
784 2735 906 2772 infecti
937 2734 1167 2783 repromissio
1199 2733 1429 2770 satisuedatio
1462 2735 1582 2778 lieret,
1613 2744 1687 2781 po-

90 2795 253 2832 stulatum
279 2794 359 2841 erit,
390 2798 462 2831 tum
484 2793 707 2842 Magistratus
731 2793 1072 2842 Prouemagistratu,
1103 2792 1284 2838 Duumvir,
1317 2792 1546 2838 Quantum-ir,
1574 2792 1688 2829 Prae-

233 2954 268 2999 1]
294 2956 408 2992 tabula
431 2958 570 2993 vitiose:
595 2957 798 2992 iudicat-ileo.
826 2973 866 2979 -
895 2953 932 2999 2]
959 2955 1027 2990 tab.
1053 2955 1175 2998 addifi,
1202 2953 1395 2989 emendavit
1421 2951 1513 2987 Care.
