1877 3313
182 167 267 209 304
630 166 734 202 Inscr.
758 168 932 211 profanae.
983 166 1130 212 Cap.11.
1181 167 1338 202 Tabulae.

183 278 274 314 tunc
307 270 495 325 deinceps
526 273 696 325 proximi
728 273 918 327 cuiusque
950 273 1128 327 collegii,
1160 274 1225 327 qui
1257 278 1464 326 praetores
1496 274 1675 328 fuissent,
1707 289 1784 316 ne-

183 344 260 384 que
290 331 328 370 in
360 331 583 383 provincias
614 331 780 384 profecti
811 336 968 382 essent,
1011 332 1048 371 in
1082 336 1232 372 sortem
1252 333 1539 386 ‚coicerentur,
1581 334 1708 386 quoad
1749 336 1782 376 is

181 401 370 429 numerus
402 389 568 430 effectus
601 395 721 441 esset,
753 403 868 444 quem
901 389 948 430 ad
980 402 1186 430 numerum
1218 391 1256 430 in
1287 392 1512 443 provincias
1539 393 1634 432 mitti
1657 405 1783 446 opor-

181 452 293 488 teret.
340 448 379 488 Si
411 448 497 500 quis
529 448 616 488 huic
648 460 679 489 s.
713 462 747 489 c.
779 450 1087 500 intercessisset,
1119 450 1334 489 auctoritas
1366 450 1694 502 perscriberetur.
1726 473 1783 481 —-

180 506 278 547 Huic
309 519 340 548 s.
372 519 405 547 c.
437 507 661 548 intercessit
693 507 735 548 C.
768 507 938 559 Coelius,
974 507 1013 548 C.
1047 508 1186 559 Pansa,
1219 508 1364 549 tribuni
1395 509 1446 562 pl.

508 649 694 684 Senatus
719 649 972 683 consultum
1000 649 1049 683 de
1075 660 1222 683 mense
1248 649 1466 693 Augusto.

328 757 448 795 1701.
510 758 707 795 Macrobius
740 759 881 795 Saturn.
912 759 939 804 I,
967 757 1016 794 12
1040 759 1209 804 servavit,
1242 770 1439 807 quanquam
1465 758 1650 796 exordium
1672 771 1784 808 prae-

185 816 393 854 termittenS.
426 818 568 854 Factum
602 822 656 854 est
687 822 828 854 senatus
861 818 1079 863 consultum,
1114 822 1149 853 ut
1182 829 1201 854 e
1233 817 1346 854 Dione
1379 817 1500 855 Cassio
1532 818 1601 864 LV,
1635 818 1658 854 6
1691 830 1784 855 con-

178 881 260 924 stat,
293 888 384 913 anno
418 888 450 912 u.
483 888 512 913 c.
547 876 639 912 745.
685 876 782 912 Inest
813 876 903 912 libro
936 887 1079 923 qnoque
1111 876 1248 923 Eggeri
1277 877 1349 912 Lat.
1380 888 1483 913 serrn.
1507 876 1607 924 reliq.
1631 889 1664 925 p.
1687 877 1782 914 333.

322 955 419 996 Cum
451 955 664 1009 imperator
696 955 841 995 Caesar
863 954 1068 1009 Augustus
1093 967 1228 995 mense
1252 955 1402 1006 Sextili,
1435 960 1473 995 et
1494 955 1659 1008 primum
1680 968 1783 998 con-

181 1015 349 1056 sulatum
380 1014 532 1065 inierit,
565 1018 604 1053 ct
636 1013 850 1066 triumphos
884 1018 964 1053 tres
998 1014 1034 1054 in
1068 1013 1204 1053 urbem
1237 1013 1429 1064 intulerit,
1462 1019 1500 1054 et
1531 1026 1583 1054 ex
1613 1014 1784 1055 Ianiculo

187 1073 369 1128 legiones
401 1071 608 1124 deductae,
641 1077 881 1124 Secutaeque
903 1072 980 1111 sint
1002 1072 1089 1111 eius
1113 1072 1284 1123 auspicia
1308 1084 1354 1112 ac
1376 1071 1513 1120 fidem3
1545 1077 1584 1112 et
1613 1071 1786 1127 Aegyp-

183 1135 244 1172 tus
276 1132 350 1173 hoc
382 1143 518 1172 mense
549 1132 586 1171 in
619 1135 853 1183 potestatem
885 1129 1017 1183 populi
1049 1130 1198 1169 romani
1230 1129 1393 1170 redacta
1415 1131 1485 1179 sit3
1517 1129 1686 1183 finisque
1709 1132 1785 1172 hoc

181 1203 318 1230 mense
350 1189 463 1230 bellis
496 1189 671 1230 civilibus
704 1189 908 1242 impositus
940 1189 1011 1237 sit3
1045 1192 1161 1241 atque
1194 1189 1243 1228 ob
1275 1188 1345 1229 lias
1379 1201 1520 1229 causas
1554 1188 1784 1230 biennensis

181 1249 271 1289 huic
301 1248 466 1301 imperio
498 1248 750 1289 felicissimus
791 1248 839 1288 sit
871 1259 917 1288 ac
948 1246 1090 1298 fuerit,
1132 1246 1292 1300 placere
1332 1247 1511 1300 senatui,
1552 1252 1594 1288 ut
1637 1248 1784 1289 mensis

182 1307 390 1362 Augustus
422 1306 653 1360 appelletur.

329 1447 515 1482 Senatus
542 1447 746 1480 consulta
773 1457 849 1480 sex
875 1445 923 1479 ad
951 1456 1094 1479 curam
1121 1457 1329 1491 aquarum
1356 1446 1642 1490 pertinentia.

325 1556 446 1592 1702.
506 1556 602 1592 Haec
634 1560 775 1592 senatus
807 1554 967 1592 consulta
1010 1554 1166 1591 Frontini
1210 1555 1466 1592 commentario
1499 1556 1543 1592 de
1575 1555 1782 1603 aquaeduc-

184 1616 274 1653 tibus
305 1615 438 1652 inclusa
470 1616 657 1660 habentur,
690 1615 782 1651 unde
804 1615 1062 1661 decerpserunt
1083 1614 1317 1660 Augustinus,
1349 1614 1558 1661 Brissonius,
1590 1614 1783 1660 Reinesius,

186 1677 370 1720 Donatus,
412 1674 651 1719 Terassonus,
693 1673 823 1709 laudati
856 1673 898 1709 ab
932 1672 1142 1717 llauboldo,
1187 1673 1244 1719 qui
1286 1673 1516 1710 illonumentis
1558 1673 1732 1720 legalibus
1765 1684 1784 1709 a

184 1747 221 1770 se
255 1733 356 1770 editis
390 1733 512 1768 eadem
546 1732 678 1768 addidit
710 1744 743 1778 p.
772 1731 865 1776 170,
897 1735 933 1766 ut
965 1731 1068 1767 etiam
1102 1731 1236 1777 Egger.
1270 1732 1341 1768 Lat.
1372 1743 1476 1768 serm.
1503 1731 1605 1779 reliq.
1630 1743 1664 1779 p.
1687 1730 1783 1768 328.

185 1792 438 1841 Explicuerunt
468 1795 611 1838 praeter
643 1790 856 1826 Frontiniani
890 1789 1008 1836 operis
1032 1789 1203 1832 editores,
1235 1790 1271 1826 C.
1296 1791 1332 1826 G.
1360 1790 1404 1826 de
1428 1789 1616 1826 Winckler
1639 1789 1783 1826 Dissert.

185 1852 230 1888 de
260 1851 336 1887 iure
366 1850 575 1897 impetratae
609 1860 720 1896 aquae
753 1848 843 1896 Lips.
880 1847 1000 1883 1749.
1034 1848 1070 1883 4.
1113 1852 1147 1884 et
1180 1848 1309 1896 Opusc.
1342 1848 1466 1885 minor.
1505 1848 1586 1885 Vol.
1618 1847 1659 1884 11.
1691 1848 1725 1884 Ρ.
1758 1848 1782 1884 1.

184 1923 218 1958 p.
256 1909 404 1944 1—50.
451 1907 597 1944 Iordans
630 1908 674 1943 de
706 1907 853 1955 publicis
887 1906 1021 1942 urbium
1054 1906 1187 1942 Romae
1220 1912 1255 1943 et
1288 1906 1616 1954 Constantinopolis
1645 1917 1779 1954 aquae-

184 1967 359 2005 ductibus.
406 1966 562 2002 Bonnae.
600 1965 720 2001 1845.
763 1965 820 2013 qui
863 1965 1002 2012 quidem
1036 1969 1071 2001 et
1102 1965 1189 2001 haec
1220 1970 1364 2001 senatus
1406 1965 1565 2002 consulta
1599 1969 1633 2001 et
1664 1965 1783 2012 legem

186 2026 383 2070 Quinetiam
416 2036 493 2061 cum
524 2024 681 2073 plurimis
714 2023 1000 2071 inscriptionibus
1034 2023 1077 2059 ad
1111 2035 1277 2071 aquarum
1311 2035 1429 2060 curam
1461 2023 1717 2072 pertinentibus
1749 2023 1783 2059 in

182 2083 450 2121 Dissertationis
483 2083 693 2131 Appendice
725 2083 862 2130 recepit
891 2094 926 2130 p.
960 2082 1141 2118 68—90.
1198 2083 1345 2118 Textum
1378 2086 1688 2130 repraesentamus
1718 2093 1782 2118 se-

182 2144 332 2181 cundum
366 2142 559 2179 editionem
593 2141 751 2178 Frontini
782 2140 1079 2177 Dederichianam
1112 2136 1311 2191 (Vesaliae.
1347 2135 1493 2192 1841).

971 2219 985 2261 1

323 2290 437 2340 Quod
471 2292 515 2339 Q.
552 2290 690 2332 Aelius
732 2290 889 2331 Tubero
932 2289 1086 2331 Paullus
1123 2289 1264 2330 Fabius
1305 2289 1499 2331 Maximus
1532 2289 1644 2331 Coss.
1665 2286 1701 2343 ¹)
1735 2289 1780 2330 V.

184 2351 225 2392 F.
258 2350 307 2391 de
339 2351 386 2391 iis
418 2351 485 2402 qui
516 2355 722 2391 curatores
754 2362 943 2402 aquarum
977 2348 1220 2402 publicarum
1254 2360 1305 2388 ex
1337 2360 1536 2389 consensu
1566 2353 1728 2389 senatus
1759 2360 1781 2388 a

184 2410 355 2450 Caesare
385 2408 568 2461 Augusto
601 2409 785 2449 nominati
816 2411 972 2458 essent,
1015 2406 1263 2457 ordinandis,
1295 2422 1327 2446 n.
1362 2421 1393 2446 a.
1427 2421 1458 2445 n.
1492 2422 1524 2450 ο.
1557 2421 1587 2446 r.
1621 2422 1649 2446 P.
1683 2421 1715 2447 u.
1747 2421 1780 2446 ε.

182 2484 213 2508 a.
247 2483 269 2508 1.
303 2483 333 2508 c.
366 2466 526 2507 Placere
565 2467 655 2507 liuic
688 2465 816 2508 ordini
855 2477 924 2506 eos
966 2466 1032 2518 qui
1065 2466 1176 2518 aquis
1218 2464 1382 2517 publicis
1424 2469 1652 2517 praessem,
1690 2477 1781 2506 curn

183 2528 267 2568 eius
299 2527 357 2567 rei
389 2537 506 2565 causa
536 2530 647 2565 extra
682 2525 817 2565 urbem
851 2529 1000 2574 essent,
1033 2523 1190 2564 lictores
1222 2524 1336 2563 binos
1369 2528 1409 2563 et
1440 2534 1582 2563 servos
1601 2522 1781 2576 publicos

182 2590 341 2633 ternos,
373 2583 613 2624 architectos
645 2583 825 2638 singulos
858 2587 897 2622 et
927 2583 1075 2623 scribas
1108 2586 1146 2621 et
1177 2581 1383 2632 librarios,
1423 2593 1617 2622 accensos
1657 2593 1780 2634 prae-

181 2654 386 2696 conesque
418 2641 578 2682 totidem
621 2642 790 2690 habere3
833 2646 929 2694 quot
959 2641 1103 2681 liabent
1132 2641 1158 2680 ii
1189 2652 1258 2692 per
1292 2651 1391 2692 quos
1422 2639 1660 2680 frumentum
1691 2639 1781 2692 ple-

180 2702 245 2742 bei
277 2702 410 2749 datur3
453 2712 539 2740 cum
580 2705 709 2740 autem
751 2700 788 2739 in
822 2699 918 2740 urbe
957 2698 1134 2739 eiusdem
1166 2699 1224 2738 rei
1265 2710 1383 2738 causa
1423 2697 1569 2750 aliquid
1601 2701 1781 2752 agerent,

182 2761 326 2802 ceteris
358 2758 647 2812 apparitoribus
687 2757 847 2809 iisdem,
888 2762 1164 2810 praeterquam
1205 2756 1428 2807 lictoribus,
1469 2757 1524 2797 uti
1539 2753 1603 2810 2;);
1644 2756 1779 2809 utique

319 2920 357 2964 1)
384 2933 472 2956 anno
498 2933 530 2956 u.
556 2933 585 2957 c.
611 2921 688 2955 742.
713 2927 792 2957 ante
818 2920 894 2957 Chr.
922 2921 974 2956 11.
1012 2938 1052 2946 ·-
1087 2919 1126 2964 2)
1151 2922 1210 2963 uli,
1235 2920 1326 2967 quod
1350 2921 1384 2954 in
1409 2918 1507 2956 codd.
1536 2918 1690 2954 omnibus
1714 2917 1779 2953 de-

181 2966 368 3012 sideratur,
393 2969 582 3006 Brissonius
605 2969 786 3014 supplevit.
