<?xml version="1.0" encoding="UTF-8"?>
<!DOCTYPE html PUBLIC "-//W3C//DTD XHTML 1.0 Transitional//EN"
    "http://www.w3.org/TR/xhtml1/DTD/xhtml1-transitional.dtd">
<html xmlns="http://www.w3.org/1999/xhtml" xml:lang="en" lang="en">
 <head>
  <title>
</title>
<meta http-equiv="Content-Type" content="text/html;charset=utf-8" />
  <meta name='ocr-system' content='tesseract 3.04.00' />
  <meta name='ocr-capabilities' content='ocr_page ocr_carea ocr_par ocr_line ocrx_word'/>
</head>
<body>
  <div class='ocr_page' id='page_1' title='image "./handbuchderrmi0103zelluoft_0156.png"; bbox 0 0 1877 3313; ppageno 0'>
   <div class='ocr_carea' id='block_1_1' title="bbox 116 106 1509 157">
    <p class='ocr_par' dir='ltr' id='par_1_1' title="bbox 116 106 1509 157">
     <span class='ocr_line' id='line_1_1' title="bbox 116 106 1509 157; baseline -0.006 -9"><span class='ocrx_word' id='word_1_1' title='bbox 116 115 198 157; x_wconf 82' lang='lat'>136</span> <span class='ocrx_word' id='word_1_2' title='bbox 324 112 427 148; x_wconf 84' lang='lat' dir='ltr'>Inscr.</span> <span class='ocrx_word' id='word_1_3' title='bbox 451 110 624 156; x_wconf 84' lang='lat' dir='ltr'>profanae.</span> <span class='ocrx_word' id='word_1_4' title='bbox 672 107 753 152; x_wconf 86' lang='lat' dir='ltr'>Cap.</span> <span class='ocrx_word' id='word_1_5' title='bbox 779 108 804 143; x_wconf 90' lang='grc' dir='ltr'>Ι.</span> <span class='ocrx_word' id='word_1_6' title='bbox 853 108 951 143; x_wconf 78' lang='lat' dir='ltr'>Tituli</span> <span class='ocrx_word' id='word_1_7' title='bbox 976 118 1116 152; x_wconf 87' lang='lat' dir='ltr'>operum</span> <span class='ocrx_word' id='word_1_8' title='bbox 1142 106 1267 151; x_wconf 87' lang='lat' dir='ltr'>public.</span> <span class='ocrx_word' id='word_1_9' title='bbox 1291 117 1359 141; x_wconf 89' lang='lat' dir='ltr'>non</span> <span class='ocrx_word' id='word_1_10' title='bbox 1385 116 1509 141; x_wconf 77' lang='lat' dir='ltr'>saci-or.</span> 
     </span>
    </p>
   </div>
   <div class='ocr_carea' id='block_1_2' title="bbox 115 211 1722 856">
    <p class='ocr_par' dir='ltr' id='par_1_2' title="bbox 115 211 1717 379">
     <span class='ocr_line' id='line_1_2' title="bbox 259 211 1716 269; baseline -0.003 -11"><span class='ocrx_word' id='word_1_11' title='bbox 259 222 379 259; x_wconf 82' lang='lat'>1185.</span> <span class='ocrx_word' id='word_1_12' title='bbox 439 216 531 269; x_wconf 90' lang='lat' dir='ltr'><strong>Imp.</strong></span> <span class='ocrx_word' id='word_1_13' title='bbox 575 213 688 255; x_wconf 89' lang='lat' dir='ltr'>Caes.</span> <span class='ocrx_word' id='word_1_14' title='bbox 731 213 808 255; x_wconf 93' lang='lat' dir='ltr'>divi</span> <span class='ocrx_word' id='word_1_15' title='bbox 849 214 918 255; x_wconf 92' lang='lat' dir='ltr'>Iuli</span> <span class='ocrx_word' id='word_1_16' title='bbox 958 214 999 254; x_wconf 87' lang='lat' dir='ltr'>F.</span> <span class='ocrx_word' id='word_1_17' title='bbox 1035 212 1260 266; x_wconf 80' lang='lat' dir='ltr'>Augustus,</span> <span class='ocrx_word' id='word_1_18' title='bbox 1301 211 1484 254; x_wconf 83' lang='lat' dir='ltr'><strong>Pontifex</strong></span> <span class='ocrx_word' id='word_1_19' title='bbox 1513 211 1716 264; x_wconf 86' lang='lat' dir='ltr'>maximus,</span> 
     </span>
     <span class='ocr_line' id='line_1_3' title="bbox 117 270 1717 331; baseline -0.006 -10"><span class='ocrx_word' id='word_1_20' title='bbox 117 280 205 321; x_wconf 91' lang='lat' dir='ltr'>Cos.</span> <span class='ocrx_word' id='word_1_21' title='bbox 228 279 306 319; x_wconf 88' lang='lat' dir='ltr'>XII.</span> <span class='ocrx_word' id='word_1_22' title='bbox 327 274 362 331; x_wconf 80' lang='lat'>¹)</span> <span class='ocrx_word' id='word_1_23' title='bbox 404 273 600 315; x_wconf 86' lang='lat' dir='ltr'>Tribunic.</span> <span class='ocrx_word' id='word_1_24' title='bbox 632 277 764 326; x_wconf 83' lang='lat' dir='ltr'>potest</span> <span class='ocrx_word' id='word_1_25' title='bbox 794 273 884 313; x_wconf 86' lang='lat' dir='ltr'>XIX</span> <span class='ocrx_word' id='word_1_26' title='bbox 915 272 1006 325; x_wconf 86' lang='lat' dir='ltr'>Imp.</span> <span class='ocrx_word' id='word_1_27' title='bbox 1041 270 1152 311; x_wconf 85' lang='lat' dir='ltr'>Xllll.</span> <span class='ocrx_word' id='word_1_28' title='bbox 1185 271 1293 311; x_wconf 88' lang='lat' dir='ltr'>rivos</span> <span class='ocrx_word' id='word_1_29' title='bbox 1325 284 1515 324; x_wconf 89' lang='lat' dir='ltr'>aquarum</span> <span class='ocrx_word' id='word_1_30' title='bbox 1547 272 1717 312; x_wconf 90' lang='lat' dir='ltr'>omnium</span> 
     </span>
     <span class='ocr_line' id='line_1_4' title="bbox 115 337 273 379; baseline -0.013 0"><span class='ocrx_word' id='word_1_31' title='bbox 115 337 273 379; x_wconf 82' lang='lat' dir='ltr'><strong>refecit.</strong></span> 
     </span>
    </p>

    <p class='ocr_par' dir='ltr' id='par_1_3' title="bbox 115 387 1721 683">
     <span class='ocr_line' id='line_1_5' title="bbox 255 387 1718 446; baseline -0.005 -11"><span class='ocrx_word' id='word_1_32' title='bbox 255 395 348 446; x_wconf 85' lang='lat' dir='ltr'>Imp.</span> <span class='ocrx_word' id='word_1_33' title='bbox 391 390 503 432; x_wconf 91' lang='lat' dir='ltr'>Caes.</span> <span class='ocrx_word' id='word_1_34' title='bbox 546 390 597 430; x_wconf 92' lang='grc' dir='ltr'>Μ.</span> <span class='ocrx_word' id='word_1_35' title='bbox 640 389 822 431; x_wconf 83' lang='lat' dir='ltr'><strong>Aurelius</strong></span> <span class='ocrx_word' id='word_1_36' title='bbox 863 389 1084 430; x_wconf 77' lang='lat' dir='ltr'>Antoninus</span> <span class='ocrx_word' id='word_1_37' title='bbox 1125 388 1213 428; x_wconf 88' lang='lat' dir='ltr'>Pius</span> <span class='ocrx_word' id='word_1_38' title='bbox 1255 388 1376 428; x_wconf 81' lang='lat' dir='ltr'>Felix.</span> <span class='ocrx_word' id='word_1_39' title='bbox 1417 388 1520 441; x_wconf 81' lang='lat' dir='ltr'>Aug.</span> <span class='ocrx_word' id='word_1_40' title='bbox 1551 387 1718 429; x_wconf 82' lang='lat' dir='ltr'>Parthie.</span> 
     </span>
     <span class='ocr_line' id='line_1_6' title="bbox 115 446 1721 501; baseline -0.007 -5"><span class='ocrx_word' id='word_1_41' title='bbox 115 454 273 497; x_wconf 82' lang='lat' dir='ltr'>Maxim.</span> <span class='ocrx_word' id='word_1_42' title='bbox 305 451 398 492; x_wconf 84' lang='lat' dir='ltr'>Brit.</span> <span class='ocrx_word' id='word_1_43' title='bbox 429 449 636 501; x_wconf 77' lang='lat' dir='ltr'><strong>Maximus,</strong></span> <span class='ocrx_word' id='word_1_44' title='bbox 666 448 852 489; x_wconf 80' lang='lat' dir='ltr'>Pontifex</span> <span class='ocrx_word' id='word_1_45' title='bbox 883 448 1073 488; x_wconf 82' lang='lat' dir='ltr'>maximus</span> <span class='ocrx_word' id='word_1_46' title='bbox 1105 459 1246 498; x_wconf 84' lang='lat' dir='ltr'>aquam</span> <span class='ocrx_word' id='word_1_47' title='bbox 1278 446 1465 486; x_wconf 79' lang='lat' dir='ltr'>Marciam</span> <span class='ocrx_word' id='word_1_48' title='bbox 1496 447 1615 486; x_wconf 88' lang='lat' dir='ltr'>variis</span> <span class='ocrx_word' id='word_1_49' title='bbox 1646 446 1721 486; x_wconf 84' lang='lat' dir='ltr'>ka-</span> 
     </span>
     <span class='ocr_line' id='line_1_7' title="bbox 116 503 1721 562; baseline -0.006 -8"><span class='ocrx_word' id='word_1_50' title='bbox 116 514 226 554; x_wconf 90' lang='lat' dir='ltr'>sibus</span> <span class='ocrx_word' id='word_1_51' title='bbox 257 508 479 562; x_wconf 75' lang='lat' dir='ltr'>impeditam</span> <span class='ocrx_word' id='word_1_52' title='bbox 509 512 678 561; x_wconf 86' lang='lat' dir='ltr'>purgato</span> <span class='ocrx_word' id='word_1_53' title='bbox 709 507 832 557; x_wconf 79' lang='lat' dir='ltr'>fonte,</span> <span class='ocrx_word' id='word_1_54' title='bbox 865 508 990 546; x_wconf 73' lang='lat' dir='ltr'>exeis.</span> <span class='ocrx_word' id='word_1_55' title='bbox 1024 510 1063 545; x_wconf 80' lang='lat' dir='ltr'>et</span> <span class='ocrx_word' id='word_1_56' title='bbox 1094 503 1302 557; x_wconf 79' lang='lat' dir='ltr'>perforatis</span> <span class='ocrx_word' id='word_1_57' title='bbox 1325 505 1520 545; x_wconf 87' lang='lat' dir='ltr'>montibus</span> <span class='ocrx_word' id='word_1_58' title='bbox 1541 505 1721 546; x_wconf 89' lang='lat' dir='ltr'>restituta</span> 
     </span>
     <span class='ocr_line' id='line_1_8' title="bbox 115 563 1720 621; baseline -0.005 -9"><span class='ocrx_word' id='word_1_59' title='bbox 115 573 243 612; x_wconf 71' lang='lat' dir='ltr'>torma</span> <span class='ocrx_word' id='word_1_60' title='bbox 274 567 468 621; x_wconf 86' lang='lat' dir='ltr'>adquisito</span> <span class='ocrx_word' id='word_1_61' title='bbox 501 567 617 606; x_wconf 88' lang='lat' dir='ltr'>etiam</span> <span class='ocrx_word' id='word_1_62' title='bbox 648 565 757 607; x_wconf 85' lang='lat' dir='ltr'>fonte</span> <span class='ocrx_word' id='word_1_63' title='bbox 789 578 894 606; x_wconf 81' lang='lat' dir='ltr'>novo</span> <span class='ocrx_word' id='word_1_64' title='bbox 927 564 1192 605; x_wconf 88' lang='lat' dir='ltr'>Antoniniano</span> <span class='ocrx_word' id='word_1_65' title='bbox 1216 564 1253 603; x_wconf 90' lang='lat' dir='ltr'>in</span> <span class='ocrx_word' id='word_1_66' title='bbox 1277 575 1429 604; x_wconf 85' lang='lat' dir='ltr'>sacram</span> <span class='ocrx_word' id='word_1_67' title='bbox 1452 563 1590 603; x_wconf 90' lang='lat' dir='ltr'>urbem</span> <span class='ocrx_word' id='word_1_68' title='bbox 1610 576 1720 604; x_wconf 90' lang='lat' dir='ltr'>suam</span> 
     </span>
     <span class='ocr_line' id='line_1_9' title="bbox 115 625 606 683; baseline -0.012 -12"><span class='ocrx_word' id='word_1_69' title='bbox 115 626 409 683; x_wconf 82' lang='lat' dir='ltr'>perducendam</span> <span class='ocrx_word' id='word_1_70' title='bbox 443 625 606 666; x_wconf 83' lang='lat' dir='ltr'>curavit.</span> 
     </span>
    </p>

    <p class='ocr_par' dir='ltr' id='par_1_4' title="bbox 115 679 1722 856">
     <span class='ocr_line' id='line_1_10' title="bbox 254 679 1722 739; baseline -0.004 -13"><span class='ocrx_word' id='word_1_71' title='bbox 254 686 348 739; x_wconf 88' lang='lat' dir='ltr'>Imp.</span> <span class='ocrx_word' id='word_1_72' title='bbox 382 685 491 724; x_wconf 89' lang='lat' dir='ltr'>Titus</span> <span class='ocrx_word' id='word_1_73' title='bbox 525 682 672 724; x_wconf 89' lang='lat' dir='ltr'>Caesar</span> <span class='ocrx_word' id='word_1_74' title='bbox 701 682 779 723; x_wconf 90' lang='lat' dir='ltr'>divi</span> <span class='ocrx_word' id='word_1_75' title='bbox 810 682 851 722; x_wconf 87' lang='lat' dir='ltr'>F.</span> <span class='ocrx_word' id='word_1_76' title='bbox 884 681 1152 734; x_wconf 80' lang='lat' dir='ltr'>Vespasianus</span> <span class='ocrx_word' id='word_1_77' title='bbox 1184 679 1285 734; x_wconf 82' lang='lat' dir='ltr'>Aug.</span> <span class='ocrx_word' id='word_1_78' title='bbox 1318 679 1459 720; x_wconf 86' lang='lat' dir='ltr'>Pontif.</span> <span class='ocrx_word' id='word_1_79' title='bbox 1493 693 1594 720; x_wconf 84' lang='lat' dir='ltr'>max.</span> <span class='ocrx_word' id='word_1_80' title='bbox 1627 680 1722 720; x_wconf 92' lang='lat' dir='ltr'>Tri-</span> 
     </span>
     <span class='ocr_line' id='line_1_11' title="bbox 115 737 1721 797; baseline -0.006 -10"><span class='ocrx_word' id='word_1_81' title='bbox 115 746 295 787; x_wconf 87' lang='lat' dir='ltr'>buniciae</span> <span class='ocrx_word' id='word_1_82' title='bbox 336 747 439 797; x_wconf 88' lang='lat' dir='ltr'>post.</span> <span class='ocrx_word' id='word_1_83' title='bbox 482 742 546 782; x_wconf 87' lang='lat' dir='ltr'>IX.</span> <span class='ocrx_word' id='word_1_84' title='bbox 589 742 683 794; x_wconf 85' lang='lat' dir='ltr'>Imp.</span> <span class='ocrx_word' id='word_1_85' title='bbox 726 741 808 781; x_wconf 87' lang='lat' dir='ltr'>XV.</span> <span class='ocrx_word' id='word_1_86' title='bbox 854 740 969 780; x_wconf 88' lang='lat' dir='ltr'>Cens.</span> <span class='ocrx_word' id='word_1_87' title='bbox 1015 739 1134 779; x_wconf 88' lang='lat' dir='ltr'>Cons.</span> <span class='ocrx_word' id='word_1_88' title='bbox 1177 738 1252 778; x_wconf 87' lang='lat' dir='ltr'>VII.</span> <span class='ocrx_word' id='word_1_89' title='bbox 1286 737 1439 792; x_wconf 83' lang='lat' dir='ltr'>design.</span> <span class='ocrx_word' id='word_1_90' title='bbox 1473 738 1563 778; x_wconf 88' lang='lat' dir='ltr'>Vlll.</span> <span class='ocrx_word' id='word_1_91' title='bbox 1595 739 1721 779; x_wconf 89' lang='lat' dir='ltr'>rivom</span> 
     </span>
     <span class='ocr_line' id='line_1_12' title="bbox 117 797 1722 856; baseline -0.005 -11"><span class='ocrx_word' id='word_1_92' title='bbox 117 816 244 856; x_wconf 87' lang='lat' dir='ltr'>aquae</span> <span class='ocrx_word' id='word_1_93' title='bbox 276 803 449 844; x_wconf 81' lang='lat' dir='ltr'>Marciae</span> <span class='ocrx_word' id='word_1_94' title='bbox 481 804 678 841; x_wconf 88' lang='lat' dir='ltr'>vetustate</span> <span class='ocrx_word' id='word_1_95' title='bbox 710 799 898 852; x_wconf 88' lang='lat' dir='ltr'>dilapsum</span> <span class='ocrx_word' id='word_1_96' title='bbox 931 797 1069 838; x_wconf 82' lang='lat' dir='ltr'>refecit</span> <span class='ocrx_word' id='word_1_97' title='bbox 1101 802 1140 837; x_wconf 84' lang='lat' dir='ltr'>et</span> <span class='ocrx_word' id='word_1_98' title='bbox 1160 809 1314 849; x_wconf 83' lang='lat' dir='ltr'>aquam,</span> <span class='ocrx_word' id='word_1_99' title='bbox 1347 797 1508 849; x_wconf 87' lang='lat' dir='ltr'>quaein</span> <span class='ocrx_word' id='word_1_100' title='bbox 1532 809 1608 837; x_wconf 86' lang='lat' dir='ltr'>usu</span> <span class='ocrx_word' id='word_1_101' title='bbox 1631 809 1722 837; x_wconf 87' lang='lat' dir='ltr'>esse</span> 
     </span>
    </p>
   </div>
   <div class='ocr_carea' id='block_1_3' title="bbox 118 857 1724 1060">
    <p class='ocr_par' dir='ltr' id='par_1_5' title="bbox 118 857 1724 1060">
     <span class='ocr_line' id='line_1_13' title="bbox 118 857 1723 913; baseline -0.005 -10"><span class='ocrx_word' id='word_1_102' title='bbox 118 862 306 913; x_wconf 74' lang='lat' dir='ltr'>desierat,</span> <span class='ocrx_word' id='word_1_103' title='bbox 338 859 507 901; x_wconf 74' lang='lat' dir='ltr'>reduxit.</span> <span class='ocrx_word' id='word_1_104' title='bbox 540 881 596 887; x_wconf 85' lang='lat'>—</span> <span class='ocrx_word' id='word_1_105' title='bbox 628 862 759 898; x_wconf 85' lang='lat' dir='ltr'>Romae</span> <span class='ocrx_word' id='word_1_106' title='bbox 791 861 835 897; x_wconf 89' lang='lat' dir='ltr'>ad</span> <span class='ocrx_word' id='word_1_107' title='bbox 867 864 1007 908; x_wconf 86' lang='lat' dir='ltr'>portam</span> <span class='ocrx_word' id='word_1_108' title='bbox 1039 859 1074 896; x_wconf 91' lang='lat' dir='ltr'>S.</span> <span class='ocrx_word' id='word_1_109' title='bbox 1107 858 1295 895; x_wconf 86' lang='lat' dir='ltr'>Laurentii.</span> <span class='ocrx_word' id='word_1_110' title='bbox 1348 859 1444 894; x_wconf 88' lang='lat' dir='ltr'>Grut.</span> <span class='ocrx_word' id='word_1_111' title='bbox 1482 857 1574 896; x_wconf 86' lang='lat'>177.</span> <span class='ocrx_word' id='word_1_112' title='bbox 1627 858 1723 895; x_wconf 89' lang='lat' dir='ltr'>Oret.</span> 
     </span>
     <span class='ocr_line' id='line_1_14' title="bbox 119 923 300 961; baseline -0.006 -1"><span class='ocrx_word' id='word_1_113' title='bbox 119 923 300 961; x_wconf 86' lang='lat'>51—53.</span> 
     </span>
     <span class='ocr_line' id='line_1_15' title="bbox 260 1002 1724 1060; baseline -0.005 -12"><span class='ocrx_word' id='word_1_114' title='bbox 260 1011 382 1048; x_wconf 80' lang='lat'>1186.</span> <span class='ocrx_word' id='word_1_115' title='bbox 441 1007 563 1049; x_wconf 90' lang='lat' dir='ltr'>Divus</span> <span class='ocrx_word' id='word_1_116' title='bbox 594 1005 697 1060; x_wconf 83' lang='lat' dir='ltr'>Aug.</span> <span class='ocrx_word' id='word_1_117' title='bbox 741 1005 851 1045; x_wconf 85' lang='lat' dir='ltr'>Pont.</span> <span class='ocrx_word' id='word_1_118' title='bbox 885 1017 986 1046; x_wconf 83' lang='lat' dir='ltr'>max.</span> <span class='ocrx_word' id='word_1_119' title='bbox 1026 1015 1078 1043; x_wconf 85' lang='lat' dir='ltr'>ex</span> <span class='ocrx_word' id='word_1_120' title='bbox 1109 1002 1148 1045; x_wconf 89' lang='lat' dir='ltr'>S.</span> <span class='ocrx_word' id='word_1_121' title='bbox 1183 1002 1222 1043; x_wconf 88' lang='lat' dir='ltr'>C.</span> <span class='ocrx_word' id='word_1_122' title='bbox 1267 1002 1419 1043; x_wconf 80' lang='lat' dir='ltr'>refecit.</span> <span class='ocrx_word' id='word_1_123' title='bbox 1483 1024 1527 1031; x_wconf 90' lang='lat'>—-</span> <span class='ocrx_word' id='word_1_124' title='bbox 1580 1005 1724 1041; x_wconf 81' lang='lat' dir='ltr'>Romae.</span> 
     </span>
    </p>
   </div>
   <div class='ocr_carea' id='block_1_4' title="bbox 117 1063 1724 1174">
    <p class='ocr_par' dir='ltr' id='par_1_6' title="bbox 117 1063 1724 1174">
     <span class='ocr_line' id='line_1_16' title="bbox 119 1063 1724 1118; baseline -0.006 -10"><span class='ocrx_word' id='word_1_125' title='bbox 119 1069 258 1108; x_wconf 84' lang='lat' dir='ltr'>Gruter.</span> <span class='ocrx_word' id='word_1_126' title='bbox 289 1082 323 1118; x_wconf 88' lang='lat' dir='ltr'>p.</span> <span class='ocrx_word' id='word_1_127' title='bbox 360 1070 454 1116; x_wconf 80' lang='lat'><strong>160,</strong></span> <span class='ocrx_word' id='word_1_128' title='bbox 490 1069 524 1106; x_wconf 91' lang='lat'>1.</span> <span class='ocrx_word' id='word_1_129' title='bbox 556 1069 646 1105; x_wconf 85' lang='lat' dir='ltr'>hano</span> <span class='ocrx_word' id='word_1_130' title='bbox 677 1066 944 1114; x_wconf 84' lang='lat' dir='ltr'>inscriptionem</span> <span class='ocrx_word' id='word_1_131' title='bbox 976 1069 1177 1113; x_wconf 82' lang='lat' dir='ltr'>separatam</span> <span class='ocrx_word' id='word_1_132' title='bbox 1211 1064 1371 1110; x_wconf 74' lang='lat' dir='ltr'>exhibet,</span> <span class='ocrx_word' id='word_1_133' title='bbox 1404 1076 1506 1111; x_wconf 87' lang='lat' dir='ltr'>quam</span> <span class='ocrx_word' id='word_1_134' title='bbox 1539 1076 1573 1112; x_wconf 87' lang='lat' dir='ltr'>p.</span> <span class='ocrx_word' id='word_1_135' title='bbox 1598 1063 1663 1110; x_wconf 76' lang='lat'>10,</span> <span class='ocrx_word' id='word_1_136' title='bbox 1688 1063 1724 1100; x_wconf 85' lang='grc'>6.</span> 
     </span>
     <span class='ocr_line' id='line_1_17' title="bbox 117 1126 655 1174; baseline -0.009 -7"><span class='ocrx_word' id='word_1_137' title='bbox 117 1141 196 1167; x_wconf 88' lang='lat' dir='ltr'>cum</span> <span class='ocrx_word' id='word_1_138' title='bbox 228 1129 317 1166; x_wconf 91' lang='lat' dir='ltr'>binis</span> <span class='ocrx_word' id='word_1_139' title='bbox 351 1129 427 1166; x_wconf 88' lang='lat' dir='ltr'>aliis</span> <span class='ocrx_word' id='word_1_140' title='bbox 462 1126 655 1174; x_wconf 85' lang='lat' dir='ltr'>coniungit.</span> 
     </span>
    </p>
   </div>
   <div class='ocr_carea' id='block_1_5' title="bbox 118 1206 1727 1382">
    <p class='ocr_par' dir='ltr' id='par_1_7' title="bbox 118 1206 1727 1382">
     <span class='ocr_line' id='line_1_18' title="bbox 261 1206 1727 1262; baseline -0.004 -9"><span class='ocrx_word' id='word_1_141' title='bbox 261 1216 384 1254; x_wconf 84' lang='grc'><strong>1187.</strong></span> <span class='ocrx_word' id='word_1_142' title='bbox 444 1213 546 1253; x_wconf 90' lang='lat' dir='ltr'>Divo</span> <span class='ocrx_word' id='word_1_143' title='bbox 587 1210 746 1251; x_wconf 84' lang='lat' dir='ltr'>Caesari</span> <span class='ocrx_word' id='word_1_144' title='bbox 787 1208 863 1250; x_wconf 87' lang='lat' dir='ltr'>divi</span> <span class='ocrx_word' id='word_1_145' title='bbox 904 1209 985 1250; x_wconf 86' lang='lat' dir='ltr'>Iulii</span> <span class='ocrx_word' id='word_1_146' title='bbox 1036 1209 1077 1250; x_wconf 90' lang='lat' dir='ltr'>F.</span> <span class='ocrx_word' id='word_1_147' title='bbox 1120 1207 1302 1262; x_wconf 76' lang='lat' dir='ltr'>Augusto</span> <span class='ocrx_word' id='word_1_148' title='bbox 1345 1208 1403 1248; x_wconf 89' lang='lat' dir='ltr'>Ti.</span> <span class='ocrx_word' id='word_1_149' title='bbox 1448 1207 1609 1248; x_wconf 85' lang='lat' dir='ltr'>Caesari</span> <span class='ocrx_word' id='word_1_150' title='bbox 1650 1206 1727 1248; x_wconf 89' lang='lat' dir='ltr'>divi</span> 
     </span>
     <span class='ocr_line' id='line_1_19' title="bbox 118 1268 1726 1327; baseline -0.006 -12"><span class='ocrx_word' id='word_1_151' title='bbox 118 1272 290 1327; x_wconf 79' lang='lat' dir='ltr'>Augusti</span> <span class='ocrx_word' id='word_1_152' title='bbox 322 1273 362 1313; x_wconf 87' lang='lat' dir='ltr'>F.</span> <span class='ocrx_word' id='word_1_153' title='bbox 394 1271 576 1326; x_wconf 81' lang='lat' dir='ltr'>Augusto</span> <span class='ocrx_word' id='word_1_154' title='bbox 608 1281 779 1310; x_wconf 76' lang='lat' dir='ltr'>Sacrum.</span> <span class='ocrx_word' id='word_1_155' title='bbox 814 1292 863 1297; x_wconf 91' lang='lat'>—-</span> <span class='ocrx_word' id='word_1_156' title='bbox 898 1271 1053 1316; x_wconf 76' lang='lat' dir='ltr'>Romae,</span> <span class='ocrx_word' id='word_1_157' title='bbox 1085 1270 1118 1306; x_wconf 90' lang='lat' dir='ltr'>in</span> <span class='ocrx_word' id='word_1_158' title='bbox 1152 1270 1314 1306; x_wconf 81' lang='lat' dir='ltr'>obelisco</span> <span class='ocrx_word' id='word_1_159' title='bbox 1340 1268 1501 1306; x_wconf 88' lang='lat' dir='ltr'>Vatican.</span> <span class='ocrx_word' id='word_1_160' title='bbox 1536 1269 1631 1306; x_wconf 90' lang='lat' dir='ltr'>Orel.</span> <span class='ocrx_word' id='word_1_161' title='bbox 1660 1269 1726 1305; x_wconf 84' lang='lat'>37.</span> 
     </span>
     <span class='ocr_line' id='line_1_20' title="bbox 118 1330 671 1382; baseline -0.013 -9"><span class='ocrx_word' id='word_1_162' title='bbox 118 1336 242 1382; x_wconf 85' lang='lat' dir='ltr'>Zoega</span> <span class='ocrx_word' id='word_1_163' title='bbox 273 1336 326 1371; x_wconf 88' lang='lat' dir='ltr'>De</span> <span class='ocrx_word' id='word_1_164' title='bbox 359 1333 505 1371; x_wconf 86' lang='lat' dir='ltr'>obelisc.</span> <span class='ocrx_word' id='word_1_165' title='bbox 538 1344 572 1380; x_wconf 87' lang='lat' dir='ltr'>p.</span> <span class='ocrx_word' id='word_1_166' title='bbox 605 1330 671 1366; x_wconf 89' lang='lat'>51.</span> 
     </span>
    </p>
   </div>
   <div class='ocr_carea' id='block_1_6' title="bbox 118 1412 1733 2455">
    <p class='ocr_par' dir='ltr' id='par_1_8' title="bbox 118 1412 1733 2455">
     <span class='ocr_line' id='line_1_21' title="bbox 262 1412 1728 1467; baseline -0.003 -9"><span class='ocrx_word' id='word_1_167' title='bbox 262 1421 385 1458; x_wconf 78' lang='lat'>1188.</span> <span class='ocrx_word' id='word_1_168' title='bbox 446 1417 503 1458; x_wconf 88' lang='lat' dir='ltr'>Ti.</span> <span class='ocrx_word' id='word_1_169' title='bbox 557 1415 741 1456; x_wconf 84' lang='lat' dir='ltr'>Claudius</span> <span class='ocrx_word' id='word_1_170' title='bbox 782 1415 903 1455; x_wconf 88' lang='lat' dir='ltr'>Drusi</span> <span class='ocrx_word' id='word_1_171' title='bbox 942 1414 982 1454; x_wconf 91' lang='lat' dir='ltr'>F.</span> <span class='ocrx_word' id='word_1_172' title='bbox 1028 1413 1160 1454; x_wconf 90' lang='lat' dir='ltr'>Caisar</span> <span class='ocrx_word' id='word_1_173' title='bbox 1211 1412 1415 1467; x_wconf 75' lang='lat' dir='ltr'>Augustus</span> <span class='ocrx_word' id='word_1_174' title='bbox 1468 1413 1728 1454; x_wconf 85' lang='lat' dir='ltr'>Germanicus</span> 
     </span>
     <span class='ocr_line' id='line_1_22' title="bbox 118 1470 1727 1526; baseline -0.007 -5"><span class='ocrx_word' id='word_1_175' title='bbox 118 1477 262 1521; x_wconf 79' lang='lat' dir='ltr'>Pontis.</span> <span class='ocrx_word' id='word_1_176' title='bbox 303 1477 459 1517; x_wconf 73' lang='lat' dir='ltr'>maxim.</span> <span class='ocrx_word' id='word_1_177' title='bbox 503 1475 727 1515; x_wconf 83' lang='lat' dir='ltr'>Tribunicia</span> <span class='ocrx_word' id='word_1_178' title='bbox 767 1477 963 1526; x_wconf 87' lang='lat' dir='ltr'>potestate</span> <span class='ocrx_word' id='word_1_179' title='bbox 1005 1472 1085 1512; x_wconf 81' lang='lat' dir='ltr'>XII.</span> <span class='ocrx_word' id='word_1_180' title='bbox 1128 1471 1218 1512; x_wconf 89' lang='lat' dir='ltr'>Cos.</span> <span class='ocrx_word' id='word_1_181' title='bbox 1251 1472 1295 1511; x_wconf 91' lang='lat' dir='ltr'>V.</span> <span class='ocrx_word' id='word_1_182' title='bbox 1326 1472 1543 1525; x_wconf 85' lang='lat' dir='ltr'>Imperator</span> <span class='ocrx_word' id='word_1_183' title='bbox 1574 1470 1727 1512; x_wconf 88' lang='lat' dir='ltr'>XXVII.</span> 
     </span>
     <span class='ocr_line' id='line_1_23' title="bbox 118 1530 1730 1589; baseline -0.005 -11"><span class='ocrx_word' id='word_1_184' title='bbox 118 1540 237 1579; x_wconf 91' lang='lat' dir='ltr'>Pater</span> <span class='ocrx_word' id='word_1_185' title='bbox 265 1536 418 1589; x_wconf 84' lang='lat' dir='ltr'>patriae</span> <span class='ocrx_word' id='word_1_186' title='bbox 449 1545 573 1586; x_wconf 85' lang='lat' dir='ltr'>aquas</span> <span class='ocrx_word' id='word_1_187' title='bbox 606 1531 804 1573; x_wconf 88' lang='lat' dir='ltr'>Claudiam</span> <span class='ocrx_word' id='word_1_188' title='bbox 843 1544 894 1571; x_wconf 83' lang='lat' dir='ltr'>ex</span> <span class='ocrx_word' id='word_1_189' title='bbox 925 1530 1099 1571; x_wconf 85' lang='lat' dir='ltr'>fontibus</span> <span class='ocrx_word' id='word_1_190' title='bbox 1140 1530 1207 1582; x_wconf 90' lang='lat' dir='ltr'>qui</span> <span class='ocrx_word' id='word_1_191' title='bbox 1237 1530 1481 1570; x_wconf 85' lang='lat' dir='ltr'>vocabantur</span> <span class='ocrx_word' id='word_1_192' title='bbox 1513 1530 1730 1571; x_wconf 81' lang='lat' dir='ltr'>Caeruleus</span> 
     </span>
     <span class='ocr_line' id='line_1_24' title="bbox 120 1587 1730 1638; baseline -0.006 -1"><span class='ocrx_word' id='word_1_193' title='bbox 120 1595 352 1638; x_wconf 84' lang='lat' dir='ltr'>et.Curtius</span> <span class='ocrx_word' id='word_1_194' title='bbox 384 1606 406 1634; x_wconf 83' lang='lat' dir='ltr'>a</span> <span class='ocrx_word' id='word_1_195' title='bbox 437 1592 615 1633; x_wconf 89' lang='lat' dir='ltr'>milliario</span> <span class='ocrx_word' id='word_1_196' title='bbox 647 1589 831 1630; x_wconf 79' lang='lat' dir='ltr'>XXXXV</span> <span class='ocrx_word' id='word_1_197' title='bbox 873 1589 965 1630; x_wconf 89' lang='lat' dir='ltr'>item</span> <span class='ocrx_word' id='word_1_198' title='bbox 996 1588 1187 1629; x_wconf 84' lang='lat' dir='ltr'>Anienem</span> <span class='ocrx_word' id='word_1_199' title='bbox 1221 1600 1362 1628; x_wconf 86' lang='lat' dir='ltr'>novam</span> <span class='ocrx_word' id='word_1_200' title='bbox 1395 1601 1416 1628; x_wconf 91' lang='lat' dir='ltr'>a</span> <span class='ocrx_word' id='word_1_201' title='bbox 1450 1589 1598 1628; x_wconf 87' lang='lat' dir='ltr'>milliar.</span> <span class='ocrx_word' id='word_1_202' title='bbox 1630 1587 1730 1628; x_wconf 85' lang='lat' dir='ltr'>LXII</span> 
     </span>
     <span class='ocr_line' id='line_1_25' title="bbox 119 1645 1728 1707; baseline -0.005 -11"><span class='ocrx_word' id='word_1_203' title='bbox 119 1667 194 1697; x_wconf 93' lang='lat' dir='ltr'>sua</span> <span class='ocrx_word' id='word_1_204' title='bbox 223 1655 400 1707; x_wconf 89' lang='lat' dir='ltr'>impensa</span> <span class='ocrx_word' id='word_1_205' title='bbox 431 1652 469 1691; x_wconf 88' lang='lat' dir='ltr'>in</span> <span class='ocrx_word' id='word_1_206' title='bbox 501 1650 642 1691; x_wconf 84' lang='lat' dir='ltr'>urbem</span> <span class='ocrx_word' id='word_1_207' title='bbox 672 1647 948 1702; x_wconf 87' lang='lat' dir='ltr'>perducendas</span> <span class='ocrx_word' id='word_1_208' title='bbox 980 1648 1141 1688; x_wconf 78' lang='lat' dir='ltr'>curavit.</span> <span class='ocrx_word' id='word_1_209' title='bbox 1175 1670 1230 1675; x_wconf 89' lang='lat'>—</span> <span class='ocrx_word' id='word_1_210' title='bbox 1267 1645 1359 1699; x_wconf 87' lang='lat' dir='ltr'>lmp.</span> <span class='ocrx_word' id='word_1_211' title='bbox 1391 1647 1540 1688; x_wconf 88' lang='lat' dir='ltr'>Caesar</span> <span class='ocrx_word' id='word_1_212' title='bbox 1570 1647 1728 1700; x_wconf 83' lang='lat' dir='ltr'>Vespa—</span> 
     </span>
     <span class='ocr_line' id='line_1_26' title="bbox 121 1704 1728 1765; baseline -0.005 -11"><span class='ocrx_word' id='word_1_213' title='bbox 121 1714 256 1755; x_wconf 89' lang='lat' dir='ltr'>sianus</span> <span class='ocrx_word' id='word_1_214' title='bbox 298 1710 468 1765; x_wconf 86' lang='lat' dir='ltr'>August.</span> <span class='ocrx_word' id='word_1_215' title='bbox 501 1707 644 1749; x_wconf 76' lang='lat' dir='ltr'>Pontis.</span> <span class='ocrx_word' id='word_1_216' title='bbox 686 1720 788 1747; x_wconf 82' lang='lat' dir='ltr'>max.</span> <span class='ocrx_word' id='word_1_217' title='bbox 833 1706 938 1747; x_wconf 86' lang='lat' dir='ltr'>Trib.</span> <span class='ocrx_word' id='word_1_218' title='bbox 971 1710 1051 1759; x_wconf 88' lang='lat' dir='ltr'>pot.</span> <span class='ocrx_word' id='word_1_219' title='bbox 1083 1704 1125 1745; x_wconf 91' lang='lat' dir='ltr'>Il.</span> <span class='ocrx_word' id='word_1_220' title='bbox 1166 1704 1259 1757; x_wconf 86' lang='lat' dir='ltr'>Imp.</span> <span class='ocrx_word' id='word_1_221' title='bbox 1294 1705 1354 1745; x_wconf 74' lang='lat' dir='ltr'>vl.</span> <span class='ocrx_word' id='word_1_222' title='bbox 1389 1705 1478 1747; x_wconf 89' lang='lat' dir='ltr'>Cos.</span> <span class='ocrx_word' id='word_1_223' title='bbox 1509 1705 1569 1746; x_wconf 85' lang='lat'>111.</span> <span class='ocrx_word' id='word_1_224' title='bbox 1602 1705 1728 1759; x_wconf 83' lang='lat' dir='ltr'>desig.</span> 
     </span>
     <span class='ocr_line' id='line_1_27' title="bbox 119 1763 1732 1821; baseline -0.006 -8"><span class='ocrx_word' id='word_1_225' title='bbox 119 1767 195 1814; x_wconf 88' lang='lat'>1111.</span> <span class='ocrx_word' id='word_1_226' title='bbox 227 1771 267 1811; x_wconf 92' lang='lat' dir='ltr'>P.</span> <span class='ocrx_word' id='word_1_227' title='bbox 299 1769 340 1810; x_wconf 90' lang='lat' dir='ltr'>P.</span> <span class='ocrx_word' id='word_1_228' title='bbox 374 1780 497 1821; x_wconf 80' lang='lat' dir='ltr'>aquas</span> <span class='ocrx_word' id='word_1_229' title='bbox 528 1765 699 1807; x_wconf 86' lang='lat' dir='ltr'>Curtiam</span> <span class='ocrx_word' id='word_1_230' title='bbox 731 1770 770 1804; x_wconf 83' lang='lat' dir='ltr'>et</span> <span class='ocrx_word' id='word_1_231' title='bbox 802 1763 1029 1805; x_wconf 83' lang='lat' dir='ltr'>Caeruleam</span> <span class='ocrx_word' id='word_1_232' title='bbox 1069 1763 1278 1818; x_wconf 77' lang='lat' dir='ltr'>perductas</span> <span class='ocrx_word' id='word_1_233' title='bbox 1310 1776 1331 1804; x_wconf 86' lang='lat' dir='ltr'>a</span> <span class='ocrx_word' id='word_1_234' title='bbox 1363 1763 1453 1805; x_wconf 84' lang='lat' dir='ltr'>divo</span> <span class='ocrx_word' id='word_1_235' title='bbox 1496 1763 1658 1805; x_wconf 87' lang='lat' dir='ltr'>Claudio</span> <span class='ocrx_word' id='word_1_236' title='bbox 1692 1768 1732 1804; x_wconf 88' lang='lat' dir='ltr'>et</span> 
     </span>
     <span class='ocr_line' id='line_1_28' title="bbox 120 1821 1732 1884; baseline -0.005 -14"><span class='ocrx_word' id='word_1_237' title='bbox 120 1827 262 1884; x_wconf 86' lang='lat' dir='ltr'>postea</span> <span class='ocrx_word' id='word_1_238' title='bbox 303 1827 549 1868; x_wconf 84' lang='lat' dir='ltr'>intermissas</span> <span class='ocrx_word' id='word_1_239' title='bbox 592 1824 844 1877; x_wconf 81' lang='lat' dir='ltr'>dilapsasque</span> <span class='ocrx_word' id='word_1_240' title='bbox 886 1835 958 1876; x_wconf 84' lang='lat' dir='ltr'>per</span> <span class='ocrx_word' id='word_1_241' title='bbox 997 1835 1122 1863; x_wconf 83' lang='lat' dir='ltr'>annos</span> <span class='ocrx_word' id='word_1_242' title='bbox 1155 1834 1301 1862; x_wconf 77' lang='lat' dir='ltr'>noveni</span> <span class='ocrx_word' id='word_1_243' title='bbox 1331 1834 1405 1863; x_wconf 88' lang='lat' dir='ltr'>sua</span> <span class='ocrx_word' id='word_1_244' title='bbox 1435 1823 1613 1876; x_wconf 86' lang='lat' dir='ltr'>impensa</span> <span class='ocrx_word' id='word_1_245' title='bbox 1645 1821 1732 1863; x_wconf 89' lang='lat' dir='ltr'>urbi</span> 
     </span>
     <span class='ocr_line' id='line_1_29' title="bbox 120 1880 1731 1938; baseline -0.005 -9"><span class='ocrx_word' id='word_1_246' title='bbox 120 1887 307 1930; x_wconf 87' lang='lat' dir='ltr'>restituit.</span> <span class='ocrx_word' id='word_1_247' title='bbox 339 1909 395 1914; x_wconf 97' lang='lat'>—</span> <span class='ocrx_word' id='word_1_248' title='bbox 426 1886 516 1938; x_wconf 90' lang='lat' dir='ltr'>Imp.</span> <span class='ocrx_word' id='word_1_249' title='bbox 550 1884 593 1923; x_wconf 86' lang='lat' dir='ltr'>T.</span> <span class='ocrx_word' id='word_1_250' title='bbox 609 1881 649 1937; x_wconf 74' lang='lat'>2)</span> <span class='ocrx_word' id='word_1_251' title='bbox 685 1882 831 1923; x_wconf 89' lang='lat' dir='ltr'>Caesar</span> <span class='ocrx_word' id='word_1_252' title='bbox 863 1881 939 1921; x_wconf 74' lang='lat' dir='ltr'>divi</span> <span class='ocrx_word' id='word_1_253' title='bbox 971 1881 1012 1921; x_wconf 86' lang='lat' dir='ltr'>F.</span> <span class='ocrx_word' id='word_1_254' title='bbox 1046 1881 1311 1933; x_wconf 85' lang='lat' dir='ltr'>Vespasianus</span> <span class='ocrx_word' id='word_1_255' title='bbox 1344 1881 1574 1933; x_wconf 83' lang='lat' dir='ltr'>Augustus,</span> <span class='ocrx_word' id='word_1_256' title='bbox 1621 1880 1731 1921; x_wconf 85' lang='lat' dir='ltr'>Pon-</span> 
     </span>
     <span class='ocr_line' id='line_1_30' title="bbox 120 1938 1731 1995; baseline -0.005 -8"><span class='ocrx_word' id='word_1_257' title='bbox 120 1945 222 1987; x_wconf 83' lang='lat' dir='ltr'>tifex</span> <span class='ocrx_word' id='word_1_258' title='bbox 253 1945 465 1995; x_wconf 73' lang='lat' dir='ltr'>maximus‚</span> <span class='ocrx_word' id='word_1_259' title='bbox 498 1942 694 1983; x_wconf 85' lang='lat' dir='ltr'>Tribunic.</span> <span class='ocrx_word' id='word_1_260' title='bbox 718 1944 916 1994; x_wconf 80' lang='lat' dir='ltr'>potestate</span> <span class='ocrx_word' id='word_1_261' title='bbox 947 1939 995 1979; x_wconf 84' lang='lat' dir='ltr'>X.</span> <span class='ocrx_word' id='word_1_262' title='bbox 1028 1938 1242 1992; x_wconf 81' lang='lat' dir='ltr'>Imperator</span> <span class='ocrx_word' id='word_1_263' title='bbox 1273 1938 1386 1979; x_wconf 82' lang='lat' dir='ltr'>XVII.</span> <span class='ocrx_word' id='word_1_264' title='bbox 1423 1940 1537 1980; x_wconf 82' lang='lat' dir='ltr'>Pater</span> <span class='ocrx_word' id='word_1_265' title='bbox 1567 1941 1731 1993; x_wconf 84' lang='lat' dir='ltr'>patriae,</span> 
     </span>
     <span class='ocr_line' id='line_1_31' title="bbox 124 1997 1731 2055; baseline -0.005 -9"><span class='ocrx_word' id='word_1_266' title='bbox 124 2006 301 2055; x_wconf 83' lang='lat' dir='ltr'>Censor,</span> <span class='ocrx_word' id='word_1_267' title='bbox 344 2003 434 2043; x_wconf 88' lang='lat' dir='ltr'>Cos.</span> <span class='ocrx_word' id='word_1_268' title='bbox 477 2000 570 2041; x_wconf 86' lang='lat' dir='ltr'>VIII.</span> <span class='ocrx_word' id='word_1_269' title='bbox 616 2012 738 2051; x_wconf 81' lang='lat' dir='ltr'>aquas</span> <span class='ocrx_word' id='word_1_270' title='bbox 783 1999 953 2039; x_wconf 84' lang='lat' dir='ltr'>Curtiam</span> <span class='ocrx_word' id='word_1_271' title='bbox 998 2002 1036 2037; x_wconf 87' lang='lat' dir='ltr'>et</span> <span class='ocrx_word' id='word_1_272' title='bbox 1079 1997 1308 2038; x_wconf 82' lang='lat' dir='ltr'>Caeruleam</span> <span class='ocrx_word' id='word_1_273' title='bbox 1340 1997 1554 2050; x_wconf 85' lang='lat' dir='ltr'>perductas</span> <span class='ocrx_word' id='word_1_274' title='bbox 1587 2009 1608 2038; x_wconf 87' lang='lat' dir='ltr'>a</span> <span class='ocrx_word' id='word_1_275' title='bbox 1640 1997 1731 2039; x_wconf 91' lang='lat' dir='ltr'>divo</span> 
     </span>
     <span class='ocr_line' id='line_1_32' title="bbox 126 2056 1732 2114; baseline -0.006 -9"><span class='ocrx_word' id='word_1_276' title='bbox 126 2062 288 2105; x_wconf 85' lang='lat' dir='ltr'>Claudio</span> <span class='ocrx_word' id='word_1_277' title='bbox 331 2067 373 2102; x_wconf 90' lang='lat' dir='ltr'>et</span> <span class='ocrx_word' id='word_1_278' title='bbox 403 2065 542 2114; x_wconf 89' lang='lat' dir='ltr'>postea</span> <span class='ocrx_word' id='word_1_279' title='bbox 574 2071 596 2098; x_wconf 86' lang='lat' dir='ltr'>a</span> <span class='ocrx_word' id='word_1_280' title='bbox 628 2058 718 2099; x_wconf 88' lang='lat' dir='ltr'>divo</span> <span class='ocrx_word' id='word_1_281' title='bbox 749 2057 995 2110; x_wconf 87' lang='lat' dir='ltr'>Vespasiano</span> <span class='ocrx_word' id='word_1_282' title='bbox 1040 2061 1149 2108; x_wconf 81' lang='lat' dir='ltr'>patre</span> <span class='ocrx_word' id='word_1_283' title='bbox 1182 2068 1256 2096; x_wconf 92' lang='lat' dir='ltr'>suo</span> <span class='ocrx_word' id='word_1_284' title='bbox 1290 2057 1377 2095; x_wconf 87' lang='lat' dir='ltr'>urbi</span> <span class='ocrx_word' id='word_1_285' title='bbox 1408 2056 1610 2097; x_wconf 84' lang='lat' dir='ltr'>restitutas</span> <span class='ocrx_word' id='word_1_286' title='bbox 1644 2069 1732 2097; x_wconf 89' lang='lat' dir='ltr'>cum</span> 
     </span>
     <span class='ocr_line' id='line_1_33' title="bbox 123 2114 1733 2175; baseline -0.006 -12"><span class='ocrx_word' id='word_1_287' title='bbox 123 2135 146 2163; x_wconf 87' lang='lat' dir='ltr'>a</span> <span class='ocrx_word' id='word_1_288' title='bbox 178 2122 307 2175; x_wconf 89' lang='lat' dir='ltr'>capite</span> <span class='ocrx_word' id='word_1_289' title='bbox 339 2131 530 2172; x_wconf 89' lang='lat' dir='ltr'>aquarum</span> <span class='ocrx_word' id='word_1_290' title='bbox 562 2130 584 2158; x_wconf 88' lang='lat' dir='ltr'>a</span> <span class='ocrx_word' id='word_1_291' title='bbox 616 2117 701 2157; x_wconf 91' lang='lat' dir='ltr'>solo</span> <span class='ocrx_word' id='word_1_292' title='bbox 733 2120 929 2156; x_wconf 84' lang='lat' dir='ltr'>vetustate</span> <span class='ocrx_word' id='word_1_293' title='bbox 961 2115 1134 2167; x_wconf 85' lang='lat' dir='ltr'>dilapsae</span> <span class='ocrx_word' id='word_1_294' title='bbox 1167 2118 1324 2164; x_wconf 82' lang='lat' dir='ltr'>essent,</span> <span class='ocrx_word' id='word_1_295' title='bbox 1363 2126 1466 2154; x_wconf 82' lang='lat' dir='ltr'>nova</span> <span class='ocrx_word' id='word_1_296' title='bbox 1504 2114 1630 2155; x_wconf 89' lang='lat' dir='ltr'>forma</span> <span class='ocrx_word' id='word_1_297' title='bbox 1661 2127 1733 2154; x_wconf 88' lang='lat' dir='ltr'>re-</span> 
     </span>
     <span class='ocr_line' id='line_1_34' title="bbox 129 2175 1732 2230; baseline -0.006 -9"><span class='ocrx_word' id='word_1_298' title='bbox 129 2178 332 2221; x_wconf 82' lang='lat' dir='ltr'>ducendas</span> <span class='ocrx_word' id='word_1_299' title='bbox 364 2190 437 2219; x_wconf 80' lang='lat' dir='ltr'>Sua</span> <span class='ocrx_word' id='word_1_300' title='bbox 469 2178 646 2230; x_wconf 77' lang='lat' dir='ltr'>impensa</span> <span class='ocrx_word' id='word_1_301' title='bbox 678 2175 840 2215; x_wconf 84' lang='lat' dir='ltr'>curavit.</span> <span class='ocrx_word' id='word_1_302' title='bbox 871 2197 925 2203; x_wconf 76' lang='lat'>—-</span> <span class='ocrx_word' id='word_1_303' title='bbox 958 2176 1102 2212; x_wconf 87' lang='lat' dir='ltr'>Romae.</span> <span class='ocrx_word' id='word_1_304' title='bbox 1134 2176 1207 2211; x_wconf 88' lang='lat' dir='ltr'>Hae</span> <span class='ocrx_word' id='word_1_305' title='bbox 1231 2181 1304 2211; x_wconf 86' lang='lat' dir='ltr'>tres</span> <span class='ocrx_word' id='word_1_306' title='bbox 1327 2175 1576 2223; x_wconf 86' lang='lat' dir='ltr'>inscriptiones</span> <span class='ocrx_word' id='word_1_307' title='bbox 1599 2176 1732 2221; x_wconf 82' lang='lat' dir='ltr'>legun-</span> 
     </span>
     <span class='ocr_line' id='line_1_35' title="bbox 125 2233 1732 2285; baseline -0.005 -7"><span class='ocrx_word' id='word_1_308' title='bbox 125 2246 183 2278; x_wconf 84' lang='lat' dir='ltr'>tur</span> <span class='ocrx_word' id='word_1_309' title='bbox 214 2241 249 2277; x_wconf 88' lang='lat' dir='ltr'>in</span> <span class='ocrx_word' id='word_1_310' title='bbox 280 2243 511 2276; x_wconf 88' lang='lat' dir='ltr'>monumento</span> <span class='ocrx_word' id='word_1_311' title='bbox 544 2249 656 2285; x_wconf 85' lang='lat' dir='ltr'>aquae</span> <span class='ocrx_word' id='word_1_312' title='bbox 689 2235 834 2273; x_wconf 87' lang='lat' dir='ltr'>Anienis</span> <span class='ocrx_word' id='word_1_313' title='bbox 865 2245 982 2272; x_wconf 87' lang='lat' dir='ltr'>novae</span> <span class='ocrx_word' id='word_1_314' title='bbox 1014 2238 1050 2270; x_wconf 84' lang='lat' dir='ltr'>et</span> <span class='ocrx_word' id='word_1_315' title='bbox 1082 2233 1260 2270; x_wconf 86' lang='lat' dir='ltr'>Claudiae.</span> <span class='ocrx_word' id='word_1_316' title='bbox 1307 2233 1403 2269; x_wconf 87' lang='lat' dir='ltr'>Grut.</span> <span class='ocrx_word' id='word_1_317' title='bbox 1431 2246 1464 2281; x_wconf 89' lang='lat' dir='ltr'>p.</span> <span class='ocrx_word' id='word_1_318' title='bbox 1500 2234 1593 2270; x_wconf 79' lang='lat'>176.</span> <span class='ocrx_word' id='word_1_319' title='bbox 1635 2233 1732 2271; x_wconf 88' lang='lat' dir='ltr'>Oret.</span> 
     </span>
     <span class='ocr_line' id='line_1_36' title="bbox 129 2292 1733 2339; baseline -0.005 -3"><span class='ocrx_word' id='word_1_320' title='bbox 129 2299 328 2336; x_wconf 76' lang='lat'>54—56.</span> <span class='ocrx_word' id='word_1_321' title='bbox 393 2298 524 2333; x_wconf 82' lang='lat' dir='ltr'>Canina</span> <span class='ocrx_word' id='word_1_322' title='bbox 568 2295 800 2332; x_wconf 86' lang='lat' dir='ltr'>Deserizione</span> <span class='ocrx_word' id='word_1_323' title='bbox 841 2294 899 2330; x_wconf 90' lang='lat' dir='ltr'>del</span> <span class='ocrx_word' id='word_1_324' title='bbox 939 2297 1168 2330; x_wconf 86' lang='lat' dir='ltr'>monumento</span> <span class='ocrx_word' id='word_1_325' title='bbox 1212 2292 1304 2328; x_wconf 87' lang='lat' dir='ltr'>delle</span> <span class='ocrx_word' id='word_1_326' title='bbox 1347 2304 1459 2339; x_wconf 88' lang='lat' dir='ltr'>acque</span> <span class='ocrx_word' id='word_1_327' title='bbox 1503 2292 1648 2328; x_wconf 87' lang='lat' dir='ltr'>Claudia</span> <span class='ocrx_word' id='word_1_328' title='bbox 1688 2292 1733 2328; x_wconf 88' lang='lat' dir='ltr'>ed</span> 
     </span>
     <span class='ocr_line' id='line_1_37' title="bbox 125 2349 1733 2401; baseline -0.005 -6"><span class='ocrx_word' id='word_1_329' title='bbox 125 2358 268 2396; x_wconf 87' lang='lat' dir='ltr'>Aniene</span> <span class='ocrx_word' id='word_1_330' title='bbox 310 2367 453 2401; x_wconf 82' lang='lat' dir='ltr'>nuova,</span> <span class='ocrx_word' id='word_1_331' title='bbox 495 2355 529 2392; x_wconf 91' lang='lat' dir='ltr'>in</span> <span class='ocrx_word' id='word_1_332' title='bbox 561 2354 685 2391; x_wconf 88' lang='lat' dir='ltr'>Annal.</span> <span class='ocrx_word' id='word_1_333' title='bbox 717 2353 926 2400; x_wconf 86' lang='lat' dir='ltr'>archeolog.</span> <span class='ocrx_word' id='word_1_334' title='bbox 963 2351 1084 2388; x_wconf 74' lang='lat'>1838.</span> <span class='ocrx_word' id='word_1_335' title='bbox 1116 2351 1158 2388; x_wconf 83' lang='lat' dir='ltr'>X.</span> <span class='ocrx_word' id='word_1_336' title='bbox 1190 2363 1224 2399; x_wconf 89' lang='lat' dir='ltr'>p.</span> <span class='ocrx_word' id='word_1_337' title='bbox 1257 2349 1338 2387; x_wconf 79' lang='lat'>202</span> <span class='ocrx_word' id='word_1_338' title='bbox 1354 2362 1428 2399; x_wconf 88' lang='lat' dir='ltr'>sqq.</span> <span class='ocrx_word' id='word_1_339' title='bbox 1462 2350 1544 2388; x_wconf 88' lang='lat' dir='ltr'>coll.</span> <span class='ocrx_word' id='word_1_340' title='bbox 1576 2351 1733 2387; x_wconf 83' lang='lat' dir='ltr'>Morcell.</span> 
     </span>
     <span class='ocr_line' id='line_1_38' title="bbox 127 2414 491 2455; baseline -0.011 -1"><span class='ocrx_word' id='word_1_341' title='bbox 127 2417 206 2455; x_wconf 85' lang='lat' dir='ltr'>Stil.</span> <span class='ocrx_word' id='word_1_342' title='bbox 237 2414 491 2454; x_wconf 82' lang='lat' dir='ltr'>CCXXXVIII.</span> 
     </span>
    </p>
   </div>
   <div class='ocr_carea' id='block_1_7' title="bbox 128 2493 1735 2786">
    <p class='ocr_par' dir='ltr' id='par_1_9' title="bbox 128 2493 1735 2786">
     <span class='ocr_line' id='line_1_39' title="bbox 271 2493 1732 2547; baseline -0.003 -7"><span class='ocrx_word' id='word_1_343' title='bbox 271 2503 394 2540; x_wconf 75' lang='lat'>1189.</span> <span class='ocrx_word' id='word_1_344' title='bbox 454 2500 511 2540; x_wconf 88' lang='lat' dir='ltr'>Ti.</span> <span class='ocrx_word' id='word_1_345' title='bbox 545 2498 725 2539; x_wconf 88' lang='lat' dir='ltr'>Claudius</span> <span class='ocrx_word' id='word_1_346' title='bbox 748 2496 866 2537; x_wconf 88' lang='lat' dir='ltr'>Drusi</span> <span class='ocrx_word' id='word_1_347' title='bbox 888 2496 926 2536; x_wconf 86' lang='lat' dir='ltr'>F.</span> <span class='ocrx_word' id='word_1_348' title='bbox 950 2495 1094 2536; x_wconf 84' lang='lat' dir='ltr'>Caesar</span> <span class='ocrx_word' id='word_1_349' title='bbox 1115 2493 1322 2547; x_wconf 78' lang='lat' dir='ltr'>Augustus</span> <span class='ocrx_word' id='word_1_350' title='bbox 1345 2494 1602 2536; x_wconf 84' lang='lat' dir='ltr'>Germanicus</span> <span class='ocrx_word' id='word_1_351' title='bbox 1622 2494 1732 2535; x_wconf 80' lang='lat' dir='ltr'>Pont&#39;.</span> 
     </span>
     <span class='ocr_line' id='line_1_40' title="bbox 128 2553 1735 2611; baseline -0.006 -9"><span class='ocrx_word' id='word_1_352' title='bbox 128 2560 282 2602; x_wconf 76' lang='lat' dir='ltr'>maxim.</span> <span class='ocrx_word' id='word_1_353' title='bbox 317 2560 422 2600; x_wconf 88' lang='lat' dir='ltr'>Trib.</span> <span class='ocrx_word' id='word_1_354' title='bbox 455 2562 599 2611; x_wconf 86' lang='lat' dir='ltr'>potest.</span> <span class='ocrx_word' id='word_1_355' title='bbox 633 2557 676 2596; x_wconf 88' lang='lat' dir='ltr'>V.</span> <span class='ocrx_word' id='word_1_356' title='bbox 710 2556 801 2608; x_wconf 84' lang='lat' dir='ltr'>lmp.</span> <span class='ocrx_word' id='word_1_357' title='bbox 835 2555 898 2595; x_wconf 92' lang='lat' dir='ltr'>XI.</span> <span class='ocrx_word' id='word_1_358' title='bbox 930 2555 969 2595; x_wconf 91' lang='lat' dir='ltr'>P.</span> <span class='ocrx_word' id='word_1_359' title='bbox 997 2555 1036 2594; x_wconf 90' lang='lat' dir='ltr'>P.</span> <span class='ocrx_word' id='word_1_360' title='bbox 1072 2554 1161 2594; x_wconf 80' lang='lat' dir='ltr'>Cos.</span> <span class='ocrx_word' id='word_1_361' title='bbox 1196 2554 1350 2607; x_wconf 66' lang='lat' dir='ltr'>design.</span> <span class='ocrx_word' id='word_1_362' title='bbox 1385 2554 1457 2594; x_wconf 92' lang='lat' dir='ltr'>llll.</span> <span class='ocrx_word' id='word_1_363' title='bbox 1482 2566 1599 2594; x_wconf 85' lang='lat' dir='ltr'>arcus</span> <span class='ocrx_word' id='word_1_364' title='bbox 1632 2553 1735 2594; x_wconf 86' lang='lat' dir='ltr'>duc-</span> 
     </span>
     <span class='ocr_line' id='line_1_41' title="bbox 128 2611 1734 2671; baseline -0.005 -12"><span class='ocrx_word' id='word_1_365' title='bbox 128 2624 193 2659; x_wconf 76' lang='lat' dir='ltr'>tus</span> <span class='ocrx_word' id='word_1_366' title='bbox 225 2631 351 2671; x_wconf 86' lang='lat' dir='ltr'>aquae</span> <span class='ocrx_word' id='word_1_367' title='bbox 384 2618 555 2670; x_wconf 79' lang='lat' dir='ltr'>Virginis</span> <span class='ocrx_word' id='word_1_368' title='bbox 589 2615 828 2656; x_wconf 78' lang='lat' dir='ltr'>disturbatos</span> <span class='ocrx_word' id='word_1_369' title='bbox 861 2626 933 2667; x_wconf 89' lang='lat' dir='ltr'>per</span> <span class='ocrx_word' id='word_1_370' title='bbox 967 2613 1007 2653; x_wconf 94' lang='lat' dir='ltr'>C.</span> <span class='ocrx_word' id='word_1_371' title='bbox 1042 2611 1250 2652; x_wconf 82' lang='lat' dir='ltr'>Caesarem</span> <span class='ocrx_word' id='word_1_372' title='bbox 1279 2625 1300 2652; x_wconf 90' lang='lat' dir='ltr'>a</span> <span class='ocrx_word' id='word_1_373' title='bbox 1322 2612 1584 2653; x_wconf 81' lang='lat' dir='ltr'>fundamentis</span> <span class='ocrx_word' id='word_1_374' title='bbox 1606 2624 1734 2652; x_wconf 84' lang='lat' dir='ltr'>novos</span> 
     </span>
     <span class='ocr_line' id='line_1_42' title="bbox 129 2672 1733 2725; baseline -0.006 -8"><span class='ocrx_word' id='word_1_375' title='bbox 129 2677 225 2725; x_wconf 69' lang='lat' dir='ltr'>fecit</span> <span class='ocrx_word' id='word_1_376' title='bbox 264 2690 310 2718; x_wconf 80' lang='lat' dir='ltr'>ac</span> <span class='ocrx_word' id='word_1_377' title='bbox 351 2676 533 2716; x_wconf 75' lang='lat' dir='ltr'>restituit..</span> <span class='ocrx_word' id='word_1_378' title='bbox 577 2697 632 2701; x_wconf 87' lang='lat'>—</span> <span class='ocrx_word' id='word_1_379' title='bbox 674 2677 815 2713; x_wconf 83' lang='lat' dir='ltr'>Romae.</span> <span class='ocrx_word' id='word_1_380' title='bbox 874 2676 970 2712; x_wconf 91' lang='lat' dir='ltr'>Grut.</span> <span class='ocrx_word' id='word_1_381' title='bbox 1001 2686 1035 2722; x_wconf 90' lang='lat' dir='ltr'>p.</span> <span class='ocrx_word' id='word_1_382' title='bbox 1073 2673 1162 2709; x_wconf 70' lang='lat'>176.</span> <span class='ocrx_word' id='word_1_383' title='bbox 1221 2674 1316 2709; x_wconf 81' lang='lat' dir='ltr'>Oret.</span> <span class='ocrx_word' id='word_1_384' title='bbox 1352 2674 1444 2710; x_wconf 77' lang='grc'><strong>703.</strong></span> <span class='ocrx_word' id='word_1_385' title='bbox 1488 2674 1558 2710; x_wconf 88' lang='lat' dir='ltr'>Fea</span> <span class='ocrx_word' id='word_1_386' title='bbox 1589 2672 1733 2709; x_wconf 81' lang='lat' dir='ltr'>Miscell.</span> 
     </span>
     <span class='ocr_line' id='line_1_43' title="bbox 129 2731 1555 2786; baseline -0.004 -12"><span class='ocrx_word' id='word_1_387' title='bbox 129 2738 230 2775; x_wconf 84' lang='lat' dir='ltr'>Tom.</span> <span class='ocrx_word' id='word_1_388' title='bbox 259 2738 286 2775; x_wconf 90' lang='lat'>1.</span> <span class='ocrx_word' id='word_1_389' title='bbox 317 2750 350 2786; x_wconf 89' lang='lat' dir='ltr'>p.</span> <span class='ocrx_word' id='word_1_390' title='bbox 383 2736 478 2774; x_wconf 82' lang='lat'>207.</span> <span class='ocrx_word' id='word_1_391' title='bbox 523 2735 659 2772; x_wconf 84' lang='lat' dir='ltr'>Urlichs</span> <span class='ocrx_word' id='word_1_392' title='bbox 693 2735 785 2782; x_wconf 83' lang='lat' dir='ltr'>apud</span> <span class='ocrx_word' id='word_1_393' title='bbox 815 2735 959 2771; x_wconf 86' lang='lat' dir='ltr'>Platner</span> <span class='ocrx_word' id='word_1_394' title='bbox 991 2732 1131 2770; x_wconf 88' lang='lat' dir='ltr'>Beschr.</span> <span class='ocrx_word' id='word_1_395' title='bbox 1162 2732 1199 2768; x_wconf 79' lang='lat' dir='ltr'>R.</span> <span class='ocrx_word' id='word_1_396' title='bbox 1232 2732 1289 2769; x_wconf 88' lang='lat'>111.</span> <span class='ocrx_word' id='word_1_397' title='bbox 1324 2732 1358 2768; x_wconf 83' lang='lat'>3.</span> <span class='ocrx_word' id='word_1_398' title='bbox 1392 2744 1425 2781; x_wconf 92' lang='lat' dir='ltr'>p.</span> <span class='ocrx_word' id='word_1_399' title='bbox 1463 2731 1555 2768; x_wconf 86' lang='lat'>101.</span> 
     </span>
    </p>
   </div>
   <div class='ocr_carea' id='block_1_8' title="bbox 142 2840 368 2844">
    <p class='ocr_par' dir='ltr' id='par_1_10' title="bbox 142 2840 368 2844">
     <span class='ocr_line' id='line_1_44' title="bbox 142 2840 368 2844; baseline 0 0"><span class='ocrx_word' id='word_1_400' title='bbox 142 2840 368 2844; x_wconf 95' lang='lat' dir='ltr'> </span> 
     </span>
    </p>
   </div>
   <div class='ocr_carea' id='block_1_9' title="bbox 276 2893 889 2942">
    <p class='ocr_par' dir='ltr' id='par_1_11' title="bbox 276 2893 889 2942">
     <span class='ocr_line' id='line_1_45' title="bbox 276 2893 889 2942; baseline -0.005 -12"><span class='ocrx_word' id='word_1_401' title='bbox 276 2896 311 2940; x_wconf 84' lang='lat'>1)</span> <span class='ocrx_word' id='word_1_402' title='bbox 338 2905 412 2942; x_wconf 61' lang='lat' dir='ltr'>post</span> <span class='ocrx_word' id='word_1_403' title='bbox 437 2898 514 2933; x_wconf 85' lang='lat' dir='ltr'>Chr.</span> <span class='ocrx_word' id='word_1_404' title='bbox 541 2909 571 2931; x_wconf 91' lang='lat' dir='ltr'>n.</span> <span class='ocrx_word' id='word_1_405' title='bbox 599 2898 629 2931; x_wconf 92' lang='lat'>5.</span> <span class='ocrx_word' id='word_1_406' title='bbox 656 2913 699 2917; x_wconf 82' lang='lat'>—</span> <span class='ocrx_word' id='word_1_407' title='bbox 725 2893 764 2938; x_wconf 81' lang='lat'>2)</span> <span class='ocrx_word' id='word_1_408' title='bbox 789 2895 889 2929; x_wconf 82' lang='lat' dir='ltr'>Titus.</span> 
     </span>
    </p>
   </div>
  </div>
 </body>
</html>
