1877 3313
27 3023 35 3108 t

25 3098 38 3313 l

573 129 606 171 §.
632 130 666 165 9.
715 129 802 164 Acta
826 129 963 175 publica
988 130 1256 175 municipiorum.
1633 129 1718 174 367

242 235 332 276 Act.
362 233 458 275 ldib.
491 233 613 276 Iuniis
647 236 693 284 Q.
727 235 871 278 Ninnio
902 237 1045 289 Hasta,
1089 238 1128 278 P.
1161 237 1318 278 Manilio
1360 238 1532 292 Vopisco
1573 238 1663 280 Cos.
1684 235 1719 292 ¹)

241 292 478 334 Dedicatum
509 294 556 334 Κ.
599 294 706 349 Aug.
737 295 878 337 iisdem
924 296 1015 338 Cos.
1053 318 1103 326 -—
1137 300 1174 335 In
1208 300 1327 336 tabula
1359 311 1558 337 marmorea
1588 301 1723 337 Romae

102 355 188 393 olim
222 356 316 404 apud
359 356 518 393 illaffeios
551 361 744 394 asservata.
805 358 1076 406 inscriptionem
1117 359 1304 406 probabile
1336 364 1392 396 est
1422 359 1555 408 phetrii
1587 354 1720 410 (φρη-

98 409 208 465 τρῖ,3
240 407 492 466 φραττρείε)
535 415 643 463 ipsius
676 416 785 453 fuisse
815 416 892 453 sive
924 417 1069 454 scholae
1103 429 1122 453 a
1154 418 1313 454 Vesbino
1345 419 1474 455 liberto
1506 419 1720 466 Augustali-

99 475 167 511 bus
200 474 247 511 Ca
254 474 398 511 eritanis
431 475 597 511 donatae.
660 475 828 511 Continet
869 476 986 512 omnia
1029 481 1106 512 acta
1150 477 1192 513 ad
1226 478 1316 514 hanc
1348 478 1576 515 donationem
1607 490 1719 527 spec-

99 533 214 570 tantia
248 545 295 570 ex
327 533 586 570 commentario
618 534 798 582 municipii
841 535 1049 582 quotidiano
1093 535 1298 584 descripta,
1340 537 1527 574 videlicet:
1564 531 1614 587 1)
1648 537 1718 573 ‹le-

100 597 236 629 cretum
269 592 522 638 Decurionum,
554 603 625 640 quo
658 593 758 630 locus
791 593 953 631 Veshino
984 594 1128 642 publice
1162 596 1264 631 datur
1296 596 1338 632 ad
1371 596 1548 644 phetrium
1577 596 1718 632 tacien-

99 651 181 688 dum
206 656 312 699 atque
335 652 478 698 gratiae
502 656 679 698 agunturg
711 647 762 703 2)
787 653 973 701 epistolam
997 654 1235 690 Decurionum
1265 655 1308 691 de
1334 667 1374 691 ea
1398 666 1438 692 re
1458 656 1500 691 ad
1524 654 1718 691 Curiatium

80 711 276 748 'Cosanum
318 710 498 758 municipii
539 711 770 757 (juratorem
819 706 868 763 3)
902 724 1113 761 responsum
1146 713 1327 761 eiusdem,
1370 726 1441 762 quo
1481 714 1718 752 Decurionum

101 770 284 807 decretum
317 774 431 806 ratum
464 769 583 806 habet.

239 829 344 866 Edita
381 831 435 867 est
467 828 651 877 inscriptio
685 842 704 866 a
736 830 860 866 Fulvio
891 830 1021 868 Ursino
1054 844 1086 868 n.
1118 832 1260 869 XXXV.
1293 833 1384 881 apud
1418 833 1633 870 Brissouium
1666 833 1719 869 De

104 888 251 925 formul.
283 888 326 925 ΙΙ.
363 887 455 924 169.
490 888 573 925 Ald.
607 889 796 925 manutium
830 889 1077 939 Orthograph.
1108 892 1172 928 Ed.
1204 892 1229 928 Ι.
1260 903 1292 940 p.
1328 892 1422 929 285.
1478 892 1578 929 Mart.
1602 892 1725 929 Smetii

108 948 224 984 Inscr.
266 948 330 984 fol.
376 947 439 983 15.
482 948 669 984 Gruterum
711 961 744 996 p.
789 948 883 985 214.
931 949 1094 986 Haubold
1134 951 1287 987 Monum.
1319 951 1390 998 leg.
1423 963 1457 1000 p.
1491 951 1585 988 237.
1619 951 1728 989 Orell.

86 1007 224 1044 3787.
257 1007 386 1055 Egger
417 1007 577 1043 Examen
611 1007 673 1043 des
706 1008 907 1044 llistoriens
939 1007 1140 1056 d’Auguste
1171 1022 1205 1058 p.
1239 1010 1322 1046 390
1355 1022 1453 1059 seqq.

247 1095 372 1133 1744.
434 1093 646 1134 Decretum
680 1093 951 1136 Decurionum
978 1095 1242 1137 Cumanorum
1272 1095 1320 1137 de
1342 1095 1491 1139 Licinio
1513 1097 1724 1140 sacerdote

99 1152 275 1195 creando
308 1153 353 1193 V.
377 1165 506 1205 ¹supra
538 1165 574 1193 n.
608 1151 706 1193 380.
739 1166 776 1206 p.
809 1153 877 1194 42.

241 1243 365 1281 1745.
427 1240 546 1282 llviri
579 1245 620 1281 et
651 1241 899 1283 Decurioncs
941 1242 1339 1296 Forosempronieus.
1393 1244 1498 1286 Vero
1539 1245 1718 1286 salutern.

238 1301 285 1341 Et
317 1300 520 1354 dignitatis
554 1305 642 1340 tuac
678 1305 734 1341 tot
766 1302 940 1354 tantique
986 1303 1082 1342 tituli
1120 1303 1276 1343 iudiciis
1316 1303 1593 1356 principalibus
1624 1305 1718 1358 pul-

97 1359 180 1400 chri
213 1364 253 1399 et
282 1360 320 1400 in
353 1373 438 1400 rem
470 1359 664 1412 publicam
697 1358 801 1413 N.2)
837 1360 1019 1401 notabilis
1043 1361 1308 1402 munificentia
1331 1366 1370 1402 et
1392 1361 1586 1414 adfectus,
1618 1375 1719 1416 quos

99 1419 251 1460 civibus
284 1419 433 1459 nostris
465 1431 570 1459 nuuc
602 1419 688 1471 ipse
720 1423 900 1472 praestas
934 1432 1037 1460 nunc
1069 1420 1117 1460 ab
1150 1421 1208 1460 eis
1230 1421 1415 1474 percipis,
1447 1426 1487 1462 et
1508 1424 1720 1475 praecipue

96 1490 255 1520 morum
296 1482 456 1519 tuorum
499 1476 696 1518 modestia
736 1477 972 1531 singularis,
1015 1480 1243 1521 reverentia
1284 1480 1451 1533 insignis
1492 1482 1722 1523 necessario

102 1549 177 1578 nos
211 1536 411 1590 compulit,
444 1540 486 1577 ut
517 1535 677 1577 tandem
710 1549 845 1590 parem
880 1537 946 1578 tibi
977 1539 1142 1592 gratiam
1171 1539 1209 1578 in
1235 1544 1420 1592 quantum
1452 1545 1598 1593 potest,
1631 1539 1723 1581 dum

102 1597 265 1651 ignoras
298 1595 535 1636 referamus.
569 1595 665 1636 Nam
697 1601 865 1636 statuam
899 1597 967 1637 tibi
998 1596 1227 1650 pedestrem
1251 1598 1300 1638 de
1324 1603 1464 1640 nostro
1496 1599 1723 1653 ponendam

102 1656 179 1696 iam
210 1655 363 1709 pridem
394 1654 673 1704 decrevimus3
715 1655 787 1696 sed
828 1655 978 1697 ideirco
1018 1655 1224 1698 decretum
1265 1657 1314 1699 ad
1346 1662 1386 1698 te
1418 1670 1498 1699 uon
1531 1659 1720 1710 misimus,

102 1727 154 1756 ne
186 1728 294 1756 nunc
326 1727 513 1768 quoque,
558 1715 661 1754 sicut
701 1719 817 1755 antea
862 1728 952 1755 cum
994 1716 1153 1769 publice
1196 1716 1264 1757 tibi
1296 1721 1425 1758 statua
1467 1717 1629 1759 decreta
1661 1723 1722 1759 est

102 1774 247 1826 fecisti,
279 1774 434 1815 honore
466 1773 735 1815 tantummodo
770 1779 808 1814 tc
841 1779 1069 1815 contentum
1102 1788 1194 1816 csso
1224 1777 1497 1826 rescriberes3
1530 1790 1633 1830 quae
1653 1789 1722 1818 res

104 1839 208 1875 tuam
241 1833 399 1886 quidem
430 1832 664 1874 modestiam
698 1833 946 1884 inlustraret,
980 1835 1091 1874 nobis
1125 1847 1224 1875 vero
1256 1835 1368 1876 velut
1399 1837 1610 1889 segnitiam
1643 1848 1722 1876 ex-

103 1894 329 1946 probraret.
391 1893 513 1946 Igitur
543 1896 672 1933 statua
705 1891 881 1942 deci-eta,
915 1894 1061 1945 nequid
1095 1906 1246 1947 negare
1278 1895 1422 1947 possis,
1455 1896 1531 1935 iam
1554 1908 1721 1948 compa-

102 1957 190 1994 rata
222 1950 442 1993 advehitur.
507 1951 627 1998 Quod
657 1956 857 2005 superest,
891 1952 1080 1993 voluntati
1112 1958 1273 1993 nostrae
1297 1953 1461 1994 consule
1494 1959 1534 1994 et
1565 1955 1722 2007 qualem

104 2011 402 2064 inscriptionem
446 2010 614 2051 dandam
656 2016 770 2063 putas
814 2011 1037 2064 petentibus
1078 2011 1199 2052 facito
1237 2017 1387 2053 notum.
1457 2013 1648 2065 Optamus
1680 2018 1719 2053 te

103 2071 208 2111 bene
235 2070 383 2111 valere.
407 2093 462 2098 —
487 2073 585 2109 Foro
607 2072 810 2120 Sempronii
834 2067 1151 2124 [Fowombrone]
1176 2073 1274 2109 Grut.
1297 2086 1333 2121 p.
1356 2072 1452 2110 417.
1475 2074 1571 2111 Oret.
1593 2074 1718 2111 4039.

105 2133 259 2169 Titulum
290 2133 385 2168 basis
419 2136 559 2168 statuae
591 2131 823 2177 honorariae⁷
855 2132 888 2168 in
921 2132 1019 2168 cuius
1052 2132 1166 2168 latere
1194 2131 1339 2170 sinistro
1367 2133 1458 2170 haec
1480 2133 1720 2171 Decurionum

105 2192 257 2241 epistola
288 2191 464 2240 insculpta
496 2190 640 2237 legitur,
673 2190 756 2227 vide
787 2187 894 2239 supra
926 2203 958 2227 n.
994 2190 1115 2227 1606.

250 2274 374 2311 1746.
436 2272 478 2312 ln
512 2271 703 2313 honorem
736 2272 952 2311 memoriae
995 2271 1135 2312 (lomus
1174 2271 1369 2314 Domitiae
1409 2271 1618 2327 Augustae
1651 2271 1720 2313 Cn.

104 2331 249 2373 Domiti
280 2331 515 2373 Corbulonis
548 2331 597 2372 fil.
632 2331 790 2372 Domitii
812 2330 1056 2384 Polycarpus
1078 2335 1119 2371 et
1139 2331 1302 2384 Europe
1333 2331 1409 2373 loc.
1443 2331 1520 2373 dat.
1554 2331 1718 2373 decreto

106 2390 258 2433 ordinis
299 2390 448 2431 Decur.
492 2389 635 2431 aedem
676 2390 860 2430 fecerunt
899 2393 939 2429 et
978 2395 1278 2431 exornaverunt
1316 2392 1457 2432 statuis
1489 2395 1530 2431 et
1559 2391 1721 2444 reliquis

105 2450 228 2491 rebus
259 2449 428 2503 pecunia
459 2462 556 2499 sua,
599 2448 860 2500 eiusdemque
900 2448 1059 2503 tutelam
1102 2449 1140 2488 in
1181 2454 1416 2503 perpetuum
1446 2451 1507 2491 rei
1537 2449 1720 2503 publicae

108 2507 302 2549 dederunt
333 2508 407 2549 sub
438 2508 698 2560 inscriptione
730 2508 829 2548 infra
860 2507 1019 2559 scripta.

251 2567 368 2621 „.1mp
403 2567 516 2608 Caes.
549 2567 593 2607 T.
625 2566 739 2607 Aelio
770 2565 968 2606 Hadriano
1001 2564 1202 2607 Antonino
1234 2566 1337 2622 Aug.
1367 2568 1436 2609 Pio
1467 2566 1528 2608 ΙΙΙ.
1554 2567 1607 2608 Μ.
1630 2566 1719 2608 Ae·-

107 2626 160 2668 lio
192 2626 355 2668 Aurelio
388 2626 502 2667 Caes.
536 2624 627 2667 Cos.
645 2622 685 2679 3)
719 2624 814 2665 Vllll
845 2623 890 2664 Κ.
923 2623 1046 2665 Maias
1089 2625 1222 2666 Gabiis
1252 2627 1292 2666 in
1324 2627 1536 2679 municipio
1567 2626 1608 2666 in
1639 2639 1718 2667 cu-

108 2686 166 2727 ria
195 2685 309 2727 Aelia
349 2689 546 2738 Augusta.
619 2682 839 2727 Scribendo
883 2682 998 2724 attuit
1038 2684 1252 2726 universus
1295 2685 1396 2726 oldo
1436 2685 1720 2726 Decurionum.

245 2743 527 2786 Referentibus
567 2743 612 2785 L.
656 2741 922 2796 VipstanoI.
954 2742 997 2783 F.
1041 2742 1097 2783 Ci.
1113 2740 1154 2797 4)
1196 2743 1397 2786 Publicola
1437 2743 1633 2798 Messala,
1673 2744 1718 2785 L.

251 2906 288 2952 1)
314 2919 389 2943 ann.
414 2920 449 2954 p.
475 2908 536 2945 Ch.
563 2908 642 2945 114.
670 2925 710 2932 -
729 2905 770 2953 2)
789 2913 952 2945 nostram.
979 2926 1020 2933 --
1047 2906 1087 2953 3)
1112 2907 1194 2946 Post
1219 2909 1296 2945 Chr.
1319 2919 1373 2944 an.
1400 2908 1479 2944 140.
1502 2925 1549 2933 —
1571 2907 1613 2954 4)
1629 2909 1723 2945 Lucii

113 2952 181 2989 filio
205 2953 346 2992 Claudia
369 2957 470 2992 tribu.
