1877 3313
3 2345 9 2366 κ.
0 2270 9 2330 ‘fr—⁸

555 137 585 179 ἓ.
612 137 643 172 9.
694 137 777 172 Acta
802 136 937 184 publica
962 138 1233 183 municipiorum.
1610 140 1696 183 379

86 243 267 299 proxime
300 256 461 298 quoque
491 246 673 298 petitioni
704 250 866 288 nostrae
890 246 939 286 ab
961 246 1108 299 optimo
1131 247 1382 300 maximoque
1408 247 1584 303 principe
1606 248 1698 290 An·-

86 304 224 344 tonino
257 303 362 359 Aug.
396 305 463 345 Pio
496 305 666 357 vectigal
699 306 788 346 viae
819 305 917 346 silici
947 309 1095 345 stratae
1125 306 1177 346 ita
1208 307 1423 357 institisse,
1464 312 1506 348 ut
1546 311 1700 348 mature

85 364 370 415 impetraretur
403 368 440 403 et
472 363 667 417 impendis
698 364 847 405 urbicis
878 376 985 417 resp.
1021 364 1213 405 beneficio
1249 366 1333 406 eius
1364 366 1630 418 relevaretur,
1663 371 1702 407 et

87 422 259 475 optimus
291 421 386 476 lmp.
418 435 455 462 n.
490 423 806 463 excorniculario
837 423 966 463 Praef.
999 422 1172 476 vigulum
1204 426 1329 477 primo
1355 425 1390 464 ei
1424 425 1596 466 omnium
1630 437 1703 466 or·-

86 480 222 520 dinem
256 481 522 521 Alexandriae
554 481 729 533 dederit,
762 481 912 522 debere
945 494 1018 523 nos
1049 484 1180 534 itaque
1211 484 1248 523 ei
1280 487 1445 524 statuam
1477 483 1705 537 pedestrem

84 551 205 581 secus
238 541 379 581 merita
413 541 496 581 eius
530 539 773 581 decernere:
808 540 852 588 Q.
885 540 925 581 F.
958 541 997 581 P.
1031 541 1077 581 D.
1109 541 1152 582 Ε.
1185 542 1229 582 R.

223 609 441 651 Referente
472 610 514 651 L.
559 610 675 651 Vario
716 611 848 652 Firmo
891 609 953 652 llll
986 611 1056 652 vir.
1091 617 1281 653 censente
1314 612 1352 653 C.
1387 612 1522 654 Cluvio
1555 613 1702 655 Sabino

71 669 134 721 ,ita
168 681 278 711 cens.
322 691 378 697 ——-
409 672 571 709 Fabriani
604 673 636 709 in
669 673 804 722 oppido
838 684 954 721 prope
987 673 1167 721 antiquum
1193 675 1360 712 Tuficum.
1402 675 1526 712 Bullet.
1552 676 1696 713 archeo.

88 730 208 768 1845.
240 743 274 781 p.
311 730 403 768 132.

228 813 350 851 1755.
420 810 583 852 Centum
626 811 699 852 viri
741 812 938 867 municipii
958 811 994 868 ¹)
1036 812 1209 867 Augusti
1250 813 1427 854 Veientis
1470 813 1618 854 Romae
1659 814 1699 854 in

83 869 222 912 aedem
254 871 422 911 Veneris
465 870 687 912 Genetricis
729 885 818 912 cum
859 872 1164 924 convenissent,
1206 872 1348 926 placuit
1379 872 1575 913 universis
1608 871 1697 913 dum

84 930 290 970 decretum
323 930 642 971 conscriberetur
674 931 828 971 interim
862 944 913 971 ex
945 932 1219 972 auctoritatate
1252 932 1424 972 omnium
1455 932 1626 985 permitti
1658 932 1700 972 C.

83 989 176 1029 lulio
211 989 288 1029 divi
321 988 489 1043 Augusti
521 989 562 1029 L.
608 989 760 1041 Geloti,
802 992 866 1042 qui
896 990 1002 1031 omui
1029 996 1207 1043 tempore
1242 991 1424 1044 municip.
1468 991 1586 1031 Veios
1618 1002 1699 1031 non

83 1048 211 1089 solum
243 1048 411 1089 consilio
445 1053 482 1088 et
522 1049 648 1102 gratia
688 1048 880 1089 adiuverit
923 1049 995 1089 sed
1039 1050 1154 1090 etiam
1197 1050 1384 1102 impensis
1425 1050 1508 1090 suis
1549 1053 1589 1089 et
1627 1062 1700 1102 per

84 1108 200 1148 lilium
235 1119 349 1148 suum
378 1107 575 1147 celebrari
606 1108 778 1148 voluerit
803 1108 995 1148 bomircm
1019 1109 1054 1148 ci
1076 1109 1329 1148 iustissimum
1359 1107 1520 1148 decerni
1547 1112 1590 1148 ut
1611 1107 1702 1148 Au-

82 1166 295 1220 gustalium
338 1168 504 1206 numero
550 1167 738 1207 habetitur
779 1179 905 1219 aeque
938 1179 983 1208 ac
1014 1168 1047 1208 si
1080 1179 1129 1207 co
1161 1167 1314 1207 honore
1346 1179 1443 1207 usus
1475 1167 1526 1207 sit
1554 1166 1699 1207 liceat-

83 1238 159 1278 que
202 1226 238 1265 ci
280 1226 462 1266 omnibus
505 1226 742 1279 spectaculis
785 1226 995 1279 municipio
1038 1231 1177 1267 nostro
1218 1225 1370 1266 biscllio
1402 1226 1564 1280 proprio
1596 1226 1699 1266 inter

82 1284 327 1338 Augustales
370 1284 583 1325 considere
626 1286 814 1338 cenisque
858 1285 1037 1326 omnibus
1081 1284 1247 1338 publicis
1286 1285 1389 1325 inter
1426 1285 1698 1325 centumviros

84 1344 308 1393 interesse;
342 1344 513 1396 itemque
545 1343 727 1397 placere,
770 1345 822 1384 ne
864 1342 972 1397 quod
1005 1343 1051 1384 ab
1085 1344 1133 1383 ού
1165 1343 1380 1397 liberisque
1413 1344 1499 1385 eius
1532 1343 1702 1399 vectigal

82 1403 283 1457 uu'inicipii
315 1401 482 1456 Augusti
515 1403 691 1444 Veientis
725 1404 966 1457 exigeretur.

223 1472 468 1514 Adsuerunt:
504 1474 545 1514 C.
577 1473 766 1515 Scacvius
799 1473 1004 1525 Curatius,
1049 1474 1117 1514 Cn.
1152 1473 1340 1515 Octavius
1372 1473 1536 1516 Sabinus
1567 1473 1597 1516 11
1629 1474 1700 1515 vir.

82 1533 124 1574 L.
157 1533 358 1586 Perperna
389 1533 570 1583 Priscus,
878 1534 922 1574 Τ.
954 1534 1214 1587 Sempronius
1247 1533 1447 1575 Gracchus
1461 1531 1502 1588 ²)

82 1593 132 1633 M.
165 1591 323 1632 Flavius
355 1591 493 1632 Rufus,
528 1589 627 1645 (3.3)
880 1594 921 1633 Ρ.
955 1592 1132 1633 Acuvius
1164 1592 1205 1633 P.
1237 1592 1279 1633 F.
1312 1590 1459 1647 Trofl)

84 1651 125 1692 C.
158 1651 310 1692 Vettius
342 1650 481 1692 Rufus.
515 1648 618 1705 (2.3)
883 1650 923 1691 G.
957 1652 1144 1692 Veianius
1176 1651 1385 1692 Maximus.

83 1710 134 1751 M.
170 1710 395 1762 Tarquitius
429 1709 625 1752 Saturnin.
886 1711 928 1751 T.
962 1711 1187 1764 Tarquitius
1220 1709 1359 1752 Rufus.

82 1769 128 1809 L.
161 1768 365 1809 Maecilius
397 1768 582 1822 Scrupus.
890 1770 929 1809 C.
963 1770 1080 1811 Iulius
1114 1769 1277 1811 Merula.

84 1828 124 1868 L.
158 1828 357 1868 Favonius
390 1827 587 1869 Lucanus.

83 1888 229 1928 Actum
262 1886 465 1927 Gaetulico
492 1892 531 1927 ct
558 1887 727 1929 Calvisio
757 1886 845 1929 Cos.
866 1885 904 1942 ⁵³]
938 1911 990 1914 -ψ
1024 1891 1121 1927 Inter
1149 1891 1320 1928 Veiorum
1354 1891 1484 1928 rudera
1516 1895 1699 1940 repertum

84 1949 118 1986 in
152 1948 273 1985 tabula
307 1960 506 1985 marmorea
539 1954 573 1985 et
605 1962 623 1987 a
668 1950 836 1987 Fabretto
879 1950 1040 1998 Inscript.
1072 1963 1105 1998 p.
1142 1949 1222 1986 170
1254 1950 1403 1998 primum
1435 1949 1583 1997 editum,
1617 1950 1701 1987 olim

84 2008 118 2044 in
151 2019 274 2044 museo
308 2008 491 2056 Ciampiuo
525 2021 616 2045 nuuc
648 2009 681 2045 in
715 2009 893 2057 Capitolio
926 2014 1155 2046 asservatum.
1216 2010 1300 2045 Post
1330 2009 1536 2046 Fabrettum
1569 2009 1699 2046 edide-

84 2072 165 2104 runt
198 2071 233 2103 et
264 2067 505 2103 illustrarunt:
544 2068 705 2105 Mazochi
745 2069 853 2104 Tabb.
897 2068 1035 2105 Heracl.
1081 2068 1123 2104 ΙΙ.
1164 2080 1199 2116 p.
1231 2068 1326 2105 450.
1359 2068 1518 2104 Morcelli
1549 2069 1602 2105 De
1632 2069 1698 2105 stil.

86 2138 117 2162 n.
150 2126 345 2163 CCCVIIll.
393 2126 556 2163 llaubold
589 2128 740 2163 Monuni.
774 2128 847 2173 leg.
880 2139 913 2175 p.
950 2126 1041 2164 188.
1071 2127 1190 2164 Orelli.
1219 2127 1326 2164 Inscr.
1355 2127 1482 2164 4046.
1515 2127 1699 2174 Goettling

85 2185 266 2222 Funfzelm
297 2186 397 2222 Rom.
431 2186 587 2223 Urlrund.
620 2198 702 2234 pag.
752 2186 816 2223 73.
860 2186 1108 2234 Compluribus
1154 2186 1187 2222 iu
1231 2186 1348 2222 tabula
1380 2186 1500 2222 verbis
1532 2191 1700 2223 accentus

85 2244 318 2293 superscripti
349 2249 450 2292 sunt,
484 2256 635 2293 quorum
667 2245 758 2282 ratio
790 2257 861 2282 non
893 2245 977 2282 satis
1010 2250 1111 2281 certa
1143 2249 1222 2292 est,
1264 2245 1485 2293 Goeulingio
1518 2257 1595 2282 eam
1629 2245 1697 2282 vim

85 2303 222 2340 habere
264 2303 428 2350 videtur,
473 2309 510 2341 ut
561 2305 717 2351 sffllabas
757 2305 885 2351 longas
928 2304 1117 2341 indicando
1158 2303 1486 2353 pronuntiationem
1519 2305 1698 2341 adiuvent.

86 2363 205 2400 Vertit
238 2368 274 2400 et
305 2363 476 2412 explicuit
506 2364 633 2412 Egger
664 2364 824 2401 Examen
856 2363 919 2401 des
953 2363 1146 2401 historiens
1177 2362 1388 2411 d'Auguste.
1420 2363 1514 2412 App.
1546 2364 1588 2402 11.
1621 2364 1699 2401 Au-

228 2537 265 2582 1)
291 2540 386 2574 litera
413 2539 519 2574 altera
544 2540 557 2573 I
582 2540 810 2584 praecedente
836 2539 1008 2584 aliquanto
1033 2538 1132 2573 altior
1150 2539 1184 2572 in
1201 2538 1327 2581 tabula,
1354 2544 1390 2572 ut
1407 2538 1569 2584 reliquam
1588 2539 1698 2583 scrip-

86 2591 195 2620 turam
220 2589 460 2632 supermincat,
486 2587 575 2633 quod
601 2587 801 2632 plerumque
827 2587 957 2619 nonnisi
991 2587 1024 2620 in
1049 2597 1114 2619 una
1140 2586 1237 2619 litera
1262 2586 1276 2620 Ι
1301 2598 1362 2631 pro
1390 2586 1527 2630 duplice
1554 2586 1567 2619 I
1591 2588 1698 2630 posita

87 2634 161 2668 {ieri
185 2634 284 2668 solet.
323 2652 365 2657 —-
399 2633 437 2676 2)
463 2635 499 2668 In
525 2634 659 2675 tabula,
694 2634 880 2675 Gottlingio
905 2639 1012 2674 teste,
1049 2639 1099 2666 est
1126 2632 1316 2675 Gracchus,
1352 2645 1464 2678 neque
1491 2639 1525 2666 ut
1550 2633 1698 2667 editores

88 2682 146 2724 qui
169 2692 244 2715 eum
282 2688 543 2726 praecesserunt
575 2681 755 2723 exhibent,
805 2681 962 2714 Graccus.
997 2681 1178 2714 Praeterea
1211 2681 1302 2723 apud
1336 2680 1493 2714 Haubold.
1533 2681 1697 2714 mendose

90 2727 128 2761 L.
162 2729 374 2773 Sempronius
407 2740 470 2772 pro
506 2729 542 2762 T.
568 2729 695 2772 Scmpr.
723 2735 757 2762 et
788 2738 876 2761 mox.
912 2727 949 2760 L.
976 2727 1154 2761 Maecilius
1185 2727 1321 2761 Servius
1356 2738 1417 2772 pro
1451 2727 1489 2760 L.
1522 2727 1698 2761 Maecilius

90 2775 246 2818 Scrupus.
273 2793 317 2797 -
343 2774 381 2819 3]
408 2776 586 2818 Quaestor.
610 2775 748 2809 Morcel.
774 2774 881 2808 Etiam
908 2774 1131 2816 Goettlingius
1157 2775 1200 2807 ita
1226 2775 1390 2819 explicari
1417 2774 1556 2816 mavult,
1581 2786 1695 2819 quam:

92 2819 226 2861 Quirina
249 2822 349 2857 tribu.
377 2840 418 2845 —
447 2821 485 2865 4)
511 2823 726 2856 Tromentina
751 2821 850 2855 tribu.
889 2821 1027 2855 Mox-cel.
1054 2821 1120 2855 Sed
1148 2820 1370 2866 Goettlingius
1396 2820 1558 2865 explicat:
1591 2822 1696 2856 Tros—

93 2868 200 2910 sulus;
233 2870 323 2914 quod
348 2881 471 2904 nomen
498 2871 671 2914 antiquum
701 2870 850 2914 equitum
876 2879 1092 2902 romanorum
1125 2869 1245 2902 seriori
1277 2879 1364 2901 aevo
1401 2868 1511 2902 denuo
1539 2879 1696 2903 nonnun-

93 2925 189 2957 quam
215 2918 248 2950 in
273 2928 370 2950 usum
395 2923 591 2951 revocatum
617 2928 692 2950 esse
719 2916 912 2960 Marquardt
936 2916 1058 2950 Histor.
1084 2917 1185 2961 equit.
1211 2926 1378 2948 romanor.
1404 2926 1437 2959 p.
1456 2916 1500 2950 62
1517 2922 1552 2950 ct
1568 2916 1697 2962 Zump-

93 2963 156 2995 tius
181 2960 308 3004 (Ueber
333 2964 387 2999 die
412 2969 495 3000 rom.
522 2964 630 2999 Ritter
655 2975 687 3009 p.
713 2962 777 3006 40)
805 2963 1046 2999 demonstrent.
1073 2981 1114 2989 —-
1142 2961 1180 3006 5)
1207 2963 1286 2997 Post
1310 2960 1389 2997 Chr.
1415 2962 1471 2998 26.
