1877 3313
215 233 301 276 238
660 231 765 268 Inscr.
790 232 966 277 profanae.
1015 231 1097 277 Cap.
1121 230 1162 267 ΙΙ.
1210 232 1369 267 Tabulae.

349 334 448 392 P[r.,
480 349 558 390 quo
590 337 639 378 de
671 335 788 392 ea]re
820 339 858 379 in
889 339 977 380 ious
1008 336 1174 393 adi[tum
1208 335 1422 393 erit,....]
1454 338 1464 379 i
1496 338 1807 379 venieritve....

214 397 354 437 iei....
387 397 634 450 possesi....
667 397 813 450 pii....

352 540 522 586 Praetor,
556 551 625 587 quo
660 540 703 577 de
735 552 778 577 ea
808 552 847 577 re
879 541 911 578 in
944 541 995 578 ius
1028 541 1158 578 aditum
1191 541 1279 588 erit,
1315 569 1430 579 ......
1463 540 1660 578 venieritve
1765 540 1810 577 iei

214 625 326 635 ......
358 598 496 646 possesi
632 599 691 647 pii.

492 723 622 768 Legis
650 723 874 759 Serviliae
900 725 1248 770 repetundarum
1275 726 1533 770 fragmenta.

358 819 478 856 1679.
540 821 643 867 Legis
686 822 882 868 fragmenta
914 822 946 858 in
989 822 1145 858 eiusdem
1188 823 1350 868 tabulae,
1393 834 1484 870 quae
1526 821 1617 868 legis
1659 820 1812 858 Thoriae

215 878 414 925 fragmenta
447 879 625 926 continet,
665 885 768 928 parte
800 881 948 917 adversa
981 881 1176 929 insculpta,
1208 881 1327 929 primis
1359 882 1519 917 versibus
1553 880 1708 917 mutilata
1741 891 1810 917 no-

216 937 307 973 mine
340 937 493 974 auctoris
526 943 670 984 carent,
703 939 765 975 sed
798 951 843 975 ex
876 945 1085 986 argumento
1118 940 1208 986 legis
1239 940 1412 976 Serviliae
1436 939 1709 987 repetundarum
1732 950 1812 975 esse

215 1000 426 1041 censentur,
469 1008 570 1043 quam
604 997 640 1034 C.
671 997 842 1034 Servilius
876 998 1017 1033 Glaucia
1050 998 1221 1033 incertum
1255 1009 1325 1044 quo
1358 1009 1450 1034 anno
1482 999 1544 1033 sed
1576 998 1666 1033 intra
1698 1008 1808 1033 annos

218 1054 300 1090 648
334 1059 369 1090 et
402 1055 482 1091 654
516 1067 547 1091 u.
581 1067 612 1093 c.
642 1056 795 1102 rogavit.
856 1057 907 1091 De
938 1056 1116 1103 prioribus
1160 1056 1441 1101 fragmentorum
1480 1056 1675 1092 editoribus
1707 1067 1812 1103 supra

216 1113 260 1149 ad
292 1113 384 1160 legis
416 1114 570 1150 Thoriae
605 1114 802 1160 fragmenta
835 1115 1034 1162 expositum
1067 1119 1130 1150 est.
1192 1114 1323 1149 Primus
1356 1115 1388 1150 in
1421 1119 1538 1162 aptum
1566 1113 1726 1150 ordinem
1749 1125 1812 1150 re-

218 1171 330 1218 degit,
362 1172 564 1209 doctissime
594 1172 759 1218 restituit,
790 1173 977 1209 illustravit
1009 1173 1154 1209 Carolus
1186 1172 1318 1208 Klenze
1351 1169 1587 1224 (Fragmenta
1609 1172 1699 1218 legis
1720 1173 1812 1208 Ser-

214 1230 322 1267 viliae
362 1231 635 1278 repetundarum
678 1232 840 1267 Berolini.
888 1231 1007 1268 1825.
1046 1225 1120 1282 4),
1163 1231 1258 1267 cuius
1302 1232 1548 1268 recensionem
1590 1235 1626 1266 el:
1661 1232 1812 1279 supple-

218 1293 335 1325 menta
367 1289 478 1325 secuti
510 1294 589 1326 sunt
620 1290 781 1326 Haubold
815 1284 992 1340 [Monuni.
1024 1290 1129 1335 legal.
1160 1301 1192 1337 p.
1218 1289 1269 1325 22
1293 1284 1419 1340 seqq.)
1453 1294 1490 1326 et
1521 1290 1645 1336 Egger
1677 1284 1813 1340 (Lat-ini

219 1347 392 1383 sermonis
423 1347 596 1394 reliquiae
629 1359 661 1396 p.
695 1347 772 1384 231
809 1343 945 1398 seqq).
1003 1348 1058 1384 Ad
1090 1347 1224 1384 Klenzii
1257 1360 1403 1396 operam
1433 1353 1502 1385 tam
1536 1349 1731 1384 luculenter
1761 1348 1812 1384 his

223 1405 430 1451 fragmentis
463 1411 626 1442 navatam
667 1407 886 1454 posteriores
932 1418 1037 1442 curae
1079 1411 1309 1443 accesserunt
1350 1407 1386 1443 C.
1421 1407 1480 1443 Th.
1513 1407 1660 1454 Zumptii
1692 1406 1749 1454 qui
1780 1406 1812 1442 in

221 1463 527 1501 Commentatione
560 1465 603 1500 de
635 1465 773 1509 legibus
805 1466 1079 1512 repetundarum
1113 1465 1149 1500 4.
1184 1464 1247 1501 11.
1279 1465 1370 1511 legis
1412 1465 1546 1502 Aciliae
1583 1476 1653 1501 non
1684 1464 1812 1501 Servi-

216 1521 285 1558 liae
316 1522 514 1568 fragmenta
547 1534 626 1558 esse
670 1524 915 1559 demonstrare
956 1523 1088 1559 studuit
1130 1518 1333 1574 (Abhandl.
1367 1524 1430 1559 der
1461 1523 1576 1560 Akad.
1608 1534 1650 1559 zu
1683 1523 1810 1560 Berlin.

224 1579 346 1616 1845.
376 1593 409 1628 p.
443 1580 507 1617 20.
562 1582 613 1617 Cf.
644 1582 754 1618 Reinii
787 1593 970 1618 censuram
1002 1582 1034 1618 in
1065 1582 1155 1617 Jahn
1190 1582 1335 1618 Jalirbb.
1371 1581 1492 1618 1850.
1524 1582 1581 1618 111,
1623 1593 1656 1629 p.
1689 1574 1809 1631 240.)

222 1643 258 1674 et
290 1639 472 1685 Gottlingii
506 1639 563 1686 qui
596 1644 631 1675 et
664 1640 706 1675 ad
739 1641 880 1676 tabulae
913 1652 1041 1676 aereae
1072 1640 1279 1687 scripturam
1312 1641 1430 1677 denuo
1463 1641 1585 1687 exegit
1606 1640 1707 1676 etde
1730 1639 1811 1676 uni-

222 1707 325 1732 versa
357 1698 438 1744 lege
470 1698 635 1734 tractavit
669 1694 877 1750 (Funszehn
909 1703 997 1734 rom.
1029 1699 1219 1735 Urkunden
1252 1711 1284 1746 p.
1318 1693 1407 1749 36).
1467 1699 1537 1735 Nos
1569 1698 1698 1735 Klenzii
1731 1698 1810 1734 edi-

219 1756 352 1792 tionem
399 1756 635 1803 expressimus
683 1756 845 1793 adhibitis
888 1757 1073 1803 Gotttingii
1120 1757 1212 1793 curis
1254 1762 1290 1793 et
1330 1757 1458 1793 criticis
1505 1756 1813 1793 observationibus

221 1813 401 1851 Theodori
432 1815 647 1851 Mommsenii
681 1816 770 1863 apud
803 1815 955 1852 Richter.
987 1815 1148 1852 Kritisch.
1180 1816 1405 1852 Iahrbiicher.
1438 1816 1534 1852 Tom.
1557 1815 1632 1852 XII.
1662 1827 1696 1864 p.
1721 1813 1814 1851 762.

923 1888 1045 1941 Caput
1076 1888 1102 1928 l.

364 1955 427 2012 [C.
459 1958 651 2000 Servilius
685 1959 725 1999 C.
759 1958 784 1998 f.
818 1959 999 2009 Glaucia,
1040 1964 1088 1999 tr.
1121 1959 1169 2012 pl.
1201 1958 1357 2011 plebem
1388 1959 1501 2000 ioure
1532 1971 1618 2012 rog.
1650 1957 1814 2010 plebes-

221 2027 298 2070 que
323 2016 437 2056 ioure
467 2018 592 2057 scivit.
616 2018 719 2058 Trib.
735 2049 742 2057 .
758 2049 765 2057 .
782 2048 791 2055 .
824 2018 1055 2071 principium
1079 2017 1162 2067 fuit,
1194 2029 1267 2070 pro
1290 2018 1486 2058 tribu....
1519 2018 1667 2070 primus
1689 2016 1814 2057 scivit.

357 2074 442 2115 Dic.
475 2087 556 2116 cos.
597 2088 656 2129 pr.
698 2088 799 2130 mag.
843 2088 904 2127 eq.
949 2088 1056 2115 cens.
1088 2075 1161 2116 aid.
1195 2076 1287 2128 quei
1320 2076 1412 2128 quoi
1454 2076 1578 2115 ceivei
1609 2087 1707 2116 rom.
1740 2085 1814 2115 so-

220 2134 372 2175 ciumve
420 2130 660 2187 no]minisve
710 2134 816 2174 latini
858 2138 1133 2174 exterarumve
1176 2135 1399 2181 nationum,
1443 2134 1584 2186 quoive
1625 2133 1663 2173 in
1705 2132 1815 2173 arbi-

220 2197 322 2233 tratu
353 2191 506 2232 dicione
538 2197 732 2244 potestate
765 2193 930 2232 amicitia
950 2189 985 2246 ¹)
1018 2205 1108 2245 pop.
1141 2204 1239 2233 rom.
1281 2193 1318 2232 in
1359 2204 1483 2233 annos
1524 2191 1700 2246 singolos
1738 2202 1815 2244 pe-

223 2251 365 2304 quniae
404 2250 509 2303 quod
553 2251 627 2290 siet
668 2250 831 2304 amplius
874 2250 918 2290 H.
951 2251 989 2291 S.
1023 2251 1158 2300 N....,
1201 2250 1406 2290 abstulerit
1447 2251 1596 2302 ceperit
1637 2248 1816 2303 coegerit

222 2309 486 2350 conciliaverit
516 2310 724 2358 avorterit3
757 2309 806 2349 de
839 2321 885 2349 ca
917 2321 961 2348 re
995 2309 1080 2349 eius
1111 2309 1246 2361 petitio
1279 2308 1528 2360 nominisque
1548 2307 1691 2349 delatio
1714 2311 1813 2355 esto,

936 2450 1049 2498 Caput
1081 2450 1105 2486 1.

367 2508 405 2546 C.
437 2507 616 2546 Seruilius.
648 2508 683 2545 F.
715 2509 855 2546 Glaucia
894 2509 1064 2545 Tribunus
1095 2507 1209 2557 plebis
1239 2508 1379 2556 plebem
1411 2507 1486 2545 iure
1516 2509 1659 2556 rogauit
1687 2509 1813 2558 plebs-

231 2579 300 2615 que
330 2567 407 2604 iure
438 2566 548 2603 sciuit.
599 2567 720 2604 Tribus
854 2567 1060 2616 principium
1094 2566 1178 2613 fuit,
1220 2578 1285 2615 pro
1317 2567 1408 2604 tribu
1440 2595 1652 2604 ...........
1683 2567 1813 2615 primus

227 2625 341 2663 sciuit.
395 2625 577 2671 Dictator,
610 2625 761 2672 Consul,
794 2627 963 2671 Praetor,
994 2625 1163 2672 Magister
1194 2625 1369 2673 equitum,
1402 2625 1561 2672 Censor,
1590 2625 1725 2662 Aedilis
1756 2624 1815 2673 qui

231 2683 334 2720 alicui
364 2684 432 2721 ciui
462 2683 632 2728 Romano,
664 2684 843 2721 sociumue
874 2684 1068 2722 nominisue
1099 2683 1220 2729 Latini,
1253 2688 1504 2720 exterarumue
1535 2684 1714 2721 nationum
1745 2683 1813 2720 ali-

232 2742 332 2778 cuiue
362 2742 398 2779 in
429 2742 621 2788 arbitratu,
654 2742 815 2789 dicione,
845 2747 1048 2791 potestate,
1086 2741 1282 2778 amicitiaue
1313 2742 1434 2790 populi
1464 2742 1610 2779 Romani
1639 2743 1673 2779 in
1703 2752 1814 2778 annos

231 2800 389 2847 singulos
419 2799 591 2849 pecuniae
623 2801 717 2846 quod
749 2801 792 2837 sit
823 2801 967 2849 amplius
997 2800 1065 2836 HS.
1095 2800 1134 2836 N.
1289 2799 1493 2845 abstulerit,
1532 2800 1690 2848 ceperit,
1722 2810 1813 2836 coe-

231 2859 338 2906 gerit,
372 2857 627 2905 conciliauerit‚
659 2859 837 2907 auerterit,
869 2860 914 2896 de
945 2870 986 2896 ea
1017 2870 1056 2896 re
1088 2857 1160 2896 eius
1182 2858 1307 2907 petitio
1327 2857 1546 2906 nominisque
1567 2857 1699 2895 delatio
1721 2860 1812 2904 esto,

369 3016 407 3061 1)
432 3020 628 3056 amicitiave.
662 3017 777 3054 Klenz.
