1877 3313
451 173 482 216 §.
508 173 541 209 3.
589 173 627 208 In
653 173 838 209 domestica
862 183 962 208 omne
986 182 1093 216 genus
1119 173 1328 219 supellectili.
1607 174 1694 218 427

231 282 352 321 1883.
412 285 528 335 Amp.
560 281 693 322 XVIII.
713 278 750 336 ¹]
784 280 953 322 Nessus.
985 302 1042 308 ——
1073 282 1111 319 In
1143 293 1230 320 vase
1261 281 1369 322 fictili.
1406 283 1693 324 Winckelmann.

88 343 239 381 Monuni.
272 343 366 380 ined.
399 355 433 392 p.
465 343 560 380 230.
591 343 712 379 lllarin.
744 342 863 379 Iscriz.
894 339 979 380 Alb.
1012 353 1046 389 p.
1079 341 1144 378 39.

231 419 351 457 1884.
411 417 532 458 Rubr.
564 413 698 471 vet.²)
731 417 775 457 V.
809 416 848 457 P.
877 415 949 456 CII.
967 412 1008 470 3)
1034 438 1090 447 -
1112 418 1285 467 Pompeiis
1308 419 1341 456 in
1364 419 1547 469 amphora.
1576 419 1691 458 Avel-

86 477 158 515 lino
191 478 316 516 Bullet.
347 479 432 527 Nap.
468 478 590 515 1845.
622 477 739 514 XLVI.
771 489 804 526 p.
838 477 904 514 84.

231 554 351 592 1885.
392 551 590 593 Leniulus.
610 574 665 581 --
691 554 730 590 In
756 565 840 590 urna
862 564 973 590 aenea
996 553 1144 590 Locarni
1166 558 1322 603 reperta:
1353 555 1448 593 Orel.
1470 555 1565 592 472.

229 630 245 667 1
286 631 350 668 86.
412 628 453 669 L.
476 628 631 669 Aemilii
657 627 788 669 Blasii.
807 650 862 657 -—-
879 629 918 667 In
946 637 1055 667 urnae
1084 630 1220 668 vitreae
1247 631 1357 669 fundo
1383 631 1535 670 Locarni
1560 644 1689 682 reper-

0 687 1 700 ¹
68 693 154 726 tae.
188 690 284 727 Orel.
316 690 412 727 483.

228 766 349 803 1887.
411 763 517 807 Scut.
564 763 639 805 IIII.
688 763 728 804 P.
771 760 871 818 V.‘¹)
920 786 974 792 —-
1016 766 1054 802 In
1097 766 1246 804 scutella
1293 772 1476 815 argentea.
1530 767 1693 806 Viscouti

85 824 245 862 Oeuvres
277 825 388 863 cliois.
421 826 503 863 Vol.
534 825 560 862 I.
591 825 736 863 Iournal
769 825 832 862 des
864 836 1002 862 savans.
1038 824 1159 861 1830.
1191 838 1224 874 p.
1254 826 1348 864 829.

227 901 349 939 1888.
411 900 497 941 Vol.
530 899 575 940 V.
592 896 631 953 ⁵]
663 898 850 941 Antonin.
883 899 932 940 A.
965 899 1010 941 N.
1027 896 1066 954 6)
1103 923 1159 928 -—
1190 903 1327 940 Passer.
1370 904 1517 941 Lucern.
1547 903 1589 941 11.
1620 904 1692 941 tab.

84 959 149 998 81.
180 960 288 998 More.
321 961 396 998 Stil.
429 961 648 998 CCCCLXII.

226 1037 353 1074 1889.
413 1034 474 1076 Ob
507 1035 603 1076 civis
635 1032 768 1090 ser.⁷)
802 1057 856 1064 —
888 1037 1020 1075 Bellori
1050 1038 1201 1076 Lucern.
1228 1038 1286 1076 ΠΙ.
1315 1039 1386 1076 tab.
1414 1039 1451 1076 4.
1479 1039 1588 1076 More.
1614 1038 1693 1077 Stil.

83 1096 321 1134 CCCCLXHI.

224 1174 347 1210 1890.
409 1170 566 1212 Annum
591 1184 738 1212 novum
763 1171 931 1212 faustum
954 1171 1115 1213 felicem
1140 1172 1203 1212 lib.
1227 1171 1289 1212 mi.
1303 1168 1347 1226 S)
1379 1194 1435 1200 —
1468 1175 1506 1212 In
1539 1175 1693 1212 lucerna.

80 1232 247 1270 Avelliuo
279 1233 404 1270 Bullet.
436 1234 562 1282 Napol.
598 1233 719 1269 1844.
752 1246 786 1282 p,
824 1233 915 1270 139.

225 1308 346 1346 1891.
408 1306 618 1347 Petronilla
660 1305 751 1347 lude
795 1306 891 1348 felix
929 1307 1039 1348 salvo
1072 1306 1238 1361 Cyriaco
1271 1319 1361 1349 cum
1392 1308 1467 1350 tuis
1499 1307 1694 1350 omnibus.

80 1388 135 1395 -—
167 1369 205 1406 In
236 1369 312 1405 talo
344 1369 503 1406 eburneo
535 1368 628 1406 Mass.
660 1368 744 1405 Mus.
777 1369 819 1405 V.
852 1381 884 1417 p.
919 1367 1015 1406 256.

223 1444 346 1482 1892.
408 1442 528 1483 Utere
559 1442 667 1483 felix.
702 1465 757 1470 —
789 1445 827 1482 In
860 1446 1052 1483 cochleare
1085 1450 1275 1494 argenteo.
1322 1446 1417 1483 Orel.
1448 1446 1545 1484 428.

82 1579 108 1617 C
151 1579 168 1617 B
223 1520 364 1617 {18931
407 1517 565 1560 Cassius
596 1518 823 1561 Nocturnus
854 1519 908 1561 Pl.
943 1519 1048 1561 fecit.
1087 1542 1136 1548 —
1166 1523 1314 1561 intubo
1336 1523 1517 1573 plumbeo.
1549 1523 1693 1561 Lersch.

111 1609 119 1618 .
170 1581 193 1618 l.
258 1581 283 1617 I.
318 1582 338 1616 5
374 1609 382 1618 .

225 1657 348 1694 1894.
409 1655 502 1708 Imp.
546 1654 660 1696 Caes.
704 1655 858 1696 Traiau.
902 1654 1085 1698 Hadrian.
1128 1656 1234 1710 Aug.
1277 1658 1351 1699 sub
1385 1670 1480 1699 cura
1509 1657 1693 1699 Restituti

78 1713 185 1768 Aug.
218 1713 284 1754 lib.
316 1714 430 1755 Proc.
463 1714 547 1755 XV.
564 1711 734 1769 ⁹)—In
766 1717 936 1766 plumbeo
970 1730 1084 1766 aquae
1117 1719 1236 1756 ductu.
1277 1719 1387 1757 More.
1421 1720 1487 1769 Op.
1519 1719 1560 1756 ΙΙ.
1593 1719 1689 1757 222.

224 1793 344 1830 1895.
406 1790 497 1844 Imp.
531 1790 688 1832 Caesar.
723 1790 933 1832 Domitiani
964 1791 1068 1846 Aug.
1091 1792 1164 1833 sub
1188 1805 1282 1833 cura
1307 1792 1395 1833 Alb.
1422 1793 1552 1847 Alypii
1574 1794 1690 1835 Proc.

79 1848 155 1890 sec.
176 1845 232 1905 ¹⁰)
264 1848 447 1903 Esychus
479 1854 518 1890 et
548 1850 725 1891 Hermas.
759 1871 813 1877 -—
847 1853 884 1889 ln
918 1854 1003 1890 tubo
1026 1854 1205 1902 plumbeo.
1238 1854 1361 1891 Marini
1392 1855 1468 1891 Att.
1500 1855 1524 1891 1.
1556 1867 1589 1903 p.
1623 1855 1689 1892 96.

222 1928 344 1965 1896.
414 1925 597 1967 Iuliorum
637 1926 874 1968 Cefaliorum
909 1927 978 1967 CC.
1020 1928 1099 1968 VV.
1122 1925 1180 1982 ¹¹)
1216 1950 1271 1958 —
1304 1931 1341 1968 In
1382 1932 1469 1968 tubo
1509 1932 1688 1980 plumbeo.

79 1987 201 2024 Marini
233 1987 306 2024 Att.
339 1988 364 2025 Ι.
395 2000 429 2036 p.
464 1987 558 2024 245.

222 2045 343 2084 1897.
406 2044 541 2085 Cereri
574 2044 690 2086 alum.
724 2050 803 2099 opt.
828 2058 928 2086 max.
954 2044 991 2086 S.
1010 2042 1065 2100 12)
1101 2068 1150 2075 ·-
1183 2050 1221 2086 In
1250 2049 1369 2098 lapide
1396 2049 1511 2086 molae
1535 2060 1683 2086 manua-

79 2105 163 2142 riae.
196 2105 361 2153 Traiecti,
393 2106 425 2143 in
452 2118 575 2143 museo
607 2107 768 2144 societat.
798 2107 929 2144 literar.
958 2108 1107 2144 Iannsen
1134 2107 1167 2143 in
1195 2108 1316 2145 Rhein.
1341 2108 1535 2146 Jahrbuch.
1564 2107 1685 2145 1846.

78 2164 136 2202 ΙΧ.
168 2177 201 2214 p.
234 2163 300 2201 21.

221 2240 341 2278 1898.
392 2239 590 2281 Phronim.
609 2240 789 2293 Diapsor.
811 2240 988 2294 opobals.
1012 2240 1059 2282 ad
1086 2241 1176 2282 clar.
1198 2238 1254 2296 13)
1279 2265 1327 2270 ——
1354 2240 1550 2283 Phronimi
1574 2240 1684 2282 dias-

78 2309 205 2352 myrn.
238 2303 340 2350 post.
374 2298 464 2352 imp.
498 2304 536 2339 et
568 2298 632 2352 lip.
666 2313 719 2339 ex
750 2299 794 2340 O.
828 2300 872 2340 V.
892 2297 949 2354 Μ)
974 2323 1028 2328 -
1059 2300 1258 2342 Phronimi
1289 2299 1441 2342 euodes
1472 2299 1519 2341 ad
1552 2301 1685 2354 asprit.

79 2361 117 2397 et
149 2355 220 2397 cik.
241 2353 296 2411 15)
332 2381 385 2386 —
427 2357 626 2398 Phronimi
666 2357 821 2411 penicil.
855 2358 903 2398 ad
943 2371 1100 2399 omnem
1139 2358 1261 2413 lippit.
1279 2356 1335 2414 ¹⁶)
1367 2382 1422 2387 ——
1461 2363 1498 2399 In
1532 2367 1685 2409 quatuor

78 2418 247 2454 lateribus
291 2418 397 2467 lapilli
439 2419 603 2466 quadrati
641 2419 752 2456 literis
794 2419 954 2456 inversis
986 2441 1039 2445 —
1072 2420 1214 2458 lValch.
1260 2421 1463 2458 Observatt.
1504 2421 1538 2458 in
1582 2420 1685 2468 sigili.

2 2531 5 2537 ,
78 2476 204 2514 medic.
235 2477 355 2514 Ienae.
392 2477 514 2515 1763.
545 2478 653 2515 lllorc.
686 2478 751 2526 Op.
784 2478 824 2514 ll.
859 2477 954 2515 213.

219 2614 256 2659 1)
283 2617 467 2661 amphorae
496 2617 547 2651 18.
577 2635 616 2640 —-
644 2617 682 2658 2)
709 2617 846 2651 rubrum
875 2624 981 2652 vetus.
1010 2637 1049 2642 ——-
1078 2620 1116 2661 3)
1143 2620 1180 2653 V.
1207 2619 1352 2654 fortasse
1382 2619 1547 2663 siguificat
1573 2620 1683 2653 Vesu-

78 2663 223 2696 vianum.
248 2663 284 2697 P.
309 2666 457 2707 picatum
484 2670 518 2698 et
542 2676 700 2699 numerus
727 2671 777 2698 est
802 2665 1018 2709 lagenarum,
1048 2678 1130 2712 quas
1156 2667 1318 2711 amphora
1345 2668 1513 2706 continet,
1539 2666 1593 2699 vel
1620 2678 1684 2701 an-

2 2738 5 2756 .
78 2720 207 2743 norum.
234 2727 276 2733 —-
303 2709 341 2753 4)
368 2712 530 2746 scutellae
558 2718 702 2756 quatuor
727 2713 840 2755 pondo
867 2715 1025 2758 quinque.
1052 2731 1093 2736 -
1120 2712 1158 2756 5)
1184 2716 1272 2747 votis
1299 2713 1616 2759 quinquennalibus.
1637 2731 1683 2736 —-

79 2755 117 2798 6)
144 2757 286 2800 Augusti
311 2761 426 2792 nostri.
460 2778 503 2781 —
538 2758 576 2800 7)
602 2765 766 2792 servatos.
801 2778 841 2783 —
876 2759 915 2802 8)
948 2761 1148 2795 Minervinio
1183 2761 1363 2805 legendum
1398 2760 1533 2793 videtur
1558 2762 1610 2795 tib.
1636 2763 1686 2796 mi

3 2803 5 2808 “
80 2804 101 2836 i.
127 2813 156 2836 e.
181 2804 253 2847 tibi,
279 2805 367 2839 mihi.
401 2822 445 2827 -—
479 2804 517 2848 9)
544 2806 743 2847 Quindecim
770 2806 1005 2851 quadrantium
1033 2808 1137 2852 digiti.
1173 2826 1218 2831 —-
1245 2808 1305 2849 10)
1331 2808 1559 2851 procuratoris
1584 2808 1682 2842 fece-

80 2855 165 2882 runt.
192 2869 232 2874 —
262 2850 320 2893 11)
347 2852 607 2886 clarissimorum
635 2854 793 2886 virorum.
830 2872 869 2876 —
900 2853 959 2896 12)
986 2855 1141 2888 alumnae
1167 2856 1312 2898 optimae
1339 2855 1503 2887 maximae
1531 2866 1684 2900 sacrum3

3 2926 5 2943 3
81 2896 223 2939 explicat
247 2898 400 2932 Iannsen.
437 2917 478 2922 -—
516 2899 575 2942 13)
601 2900 770 2933 Phronimi
798 2901 1023 2945 diapsoricum
1055 2901 1308 2945 opobalsamum
1337 2901 1379 2933 ad
1406 2901 1592 2936 claritatem
1619 2901 1682 2944 (sc.

81 2942 280 2986 oculorum).
309 2964 352 2969 -—
378 2946 439 2989 14)
464 2947 693 2990 diasmyrnion
720 2953 796 2990 post
821 2949 981 2993 impetum
1008 2954 1041 2981 et
1065 2948 1297 2992 lippitudinem
1317 2958 1359 2981 ex
1378 2948 1476 2982 oculo
1494 2949 1682 2985 vulnerato.

3 3016 5 3030 ,
83 3006 124 3012 —-
152 2988 211 3033 15)
237 2992 279 3026 ad
305 2994 547 3036 aspritudinem
574 3000 608 3028 et
633 2996 816 3030 cicatrices.
853 3013 893 3019 —-
928 2994 991 3037 16)
1026 2995 1175 3040 penicilli
1200 2995 1241 3030 ad
1276 3005 1411 3030 omnem
1437 2995 1682 3040 lippitudinem.
