1877 3313
667 171 698 214 §.
723 170 755 206 1.
805 170 904 206 Tituli
927 171 962 206 in
988 170 1140 206 aedibus.
1624 171 1705 214 431

244 277 430 320 Pei-licias
463 277 693 331 decumam,
726 283 768 319 ut
798 277 916 320 faciat
945 290 1067 319 verae
1097 278 1273 320 rationis.

245 338 405 390 Proque
442 336 519 379 hoc
557 342 680 390 atque
717 337 826 378 alieis
862 338 977 378 donis
1019 336 1090 378 des
1132 337 1250 391 digna
1285 336 1464 378 merenti.
1506 358 1562 365 —
1603 340 1715 377 Reate

108 397 189 435 olim
221 398 324 447 lapis.
371 399 467 436 Grut.
501 399 609 445 96‚7.
664 399 749 435 Mur.
783 398 893 445 96,1.
941 399 1036 436 Orel.
1072 397 1193 436 1862.
1224 399 1355 436 Ferett.
1383 399 1467 436 Mus.
1492 399 1560 448 lap.
1587 411 1620 448 p.
1649 399 1716 436 36.

106 457 307 505 Antholog.
338 458 454 495 Burm.
483 458 510 494 Ι.
533 458 598 495 34.
630 458 764 504 Meyer.
797 469 831 494 n.
867 457 962 494 591.

251 533 374 571 1925.
435 532 582 574 Sextus
614 531 823 584 Pompeius
855 531 1008 572 Primus
1029 529 1064 586 ¹)
1097 533 1333 586 cognomine
1362 531 1533 584 Pandus‚

321 590 473 638 Quoius
505 595 545 630 et
576 590 651 631 hoc
683 591 732 631 ab
772 590 857 631 avis
899 591 1065 644 contigit
1105 603 1198 632 esse
1240 591 1390 643 solum,

247 648 481 690 Aediculam
513 649 614 690 hanc
644 648 834 703 Nymphis
863 651 981 702 posui
996 646 1061 703 2),
1094 650 1184 702 quia
1215 651 1373 703 saepius
1405 662 1503 692 usus

317 708 402 749 Hoc
442 721 530 748 cum
570 707 681 749 fonte
713 720 840 749 senex
874 713 951 749 tam
984 708 1088 750 bene
1129 721 1245 761 quam
1277 710 1442 750 invenis.
1479 732 1534 738 —-
1569 709 1716 747 Ucetiae

110 763 270 821 (Usetz)
303 781 419 818 prope
459 770 680 806 Nemausum.
723 770 820 806 Grut.
855 768 923 814 93.
966 770 1002 807 9.
1044 770 1196 808 Bimard.
1229 782 1285 819 ap.
1317 771 1484 808 Murator.
1516 770 1541 807 1.
1582 781 1615 818 p.
1649 770 1714 805 55.

109 829 306 876 Antholog.
337 829 452 865 Burm.
484 829 512 874 Ι,
545 828 612 865 82.
645 829 779 875 lllayer.
812 841 845 866 n.
879 829 974 866 624.

255 904 376 941 1926.
437 902 574 943 Limen
607 902 655 943 ad
697 902 774 943 hoc
816 902 949 956 populi
980 903 1197 957 persolvite
1228 908 1320 944 vota
1351 903 1528 944 Tonanti.
1559 925 1616 932 --
1647 904 1720 940 Be-

110 963 262 1001 neventi.
286 963 365 1000 Vita
385 964 467 1001 Ant.
496 964 580 1001 Ben.
604 965 640 1000 T.
661 965 686 1001 Ι.
705 977 738 1012 p.
761 964 825 1000 63.
847 965 956 1002 lllorc.
979 964 1056 1001 Stil.
1079 964 1453 1002 CCCCLXXXXVIIII
1479 964 1572 1002 Oret.
1598 962 1719 1001 1272.

252 1039 374 1077 1927.
436 1036 595 1079 Silvano
627 1050 743 1078 sacra
773 1037 988 1079 semicluse
1019 1037 1175 1081 fraxino
1190 1036 1230 1093 3)

250 1096 298 1138 Et
330 1096 444 1137 huius
472 1097 535 1137 alti
556 1109 710 1137 summe
743 1101 880 1138 custos
913 1096 1078 1149 hortuli,

247 1155 334 1196 Tibi
375 1155 495 1196 hasce
532 1161 668 1208 grates
710 1155 936 1196 dedicamus
977 1154 1212 1210 musicas4]‚

252 1213 369 1261 Quod
402 1226 475 1254 nos
507 1226 579 1267 per
609 1227 703 1254 arva
735 1227 888 1268 perque
920 1216 1064 1256 montis
1104 1214 1269 1268 Alpicos

250 1272 404 1325 'suique
436 1273 514 1313 luci
544 1285 667 1314 suave
700 1274 840 1314 olentis
875 1273 1053 1326 hospites

249 1331 352 1372 Dum
383 1331 444 1372 ius
475 1331 659 1385 guberno
692 1344 858 1384 remque
898 1332 1045 1386 fungor
1077 1331 1292 1373 Caesarum

251 1389 338 1431 Tuo
371 1388 509 1431 favore
539 1392 790 1443 prosperanti
821 1391 1004 1443 sospitas.

251 1449 310 1489 Tu
343 1461 405 1488 me
436 1461 629 1501 meosque
671 1448 842 1489 reduces
860 1447 899 1503 ³)
942 1449 1106 1490 Romam
1151 1450 1299 1502 sistito,

250 1508 389 1560 Daque
430 1507 520 1548 ltala
552 1519 646 1548 rura
678 1513 716 1548 te
749 1508 925 1548 colamus
957 1507 1152 1561 praeside.

248 1565 337 1620 Ego
380 1566 455 1607 iam
498 1565 636 1607 dicabo
680 1566 783 1606 mille
826 1579 988 1620 magnas
1021 1568 1199 1608 arbores.

250 1624 292 1665 T.
325 1626 514 1677 Pomponi
556 1625 723 1666 Victoris
764 1623 934 1681 P1·oc.⁰)
976 1625 1079 1680 Aug.
1112 1649 1169 1655 —
1200 1627 1363 1665 Aximae.
1395 1622 1578 1680 (Aixme)
1610 1627 1721 1676 Spon.

109 1685 205 1723 Misc.
237 1698 271 1736 p.
304 1687 370 1723 84.
412 1687 515 1723 Fabr.
558 1699 592 1735 p.
637 1687 732 1723 230.
764 1688 874 1724 More.
917 1687 993 1725 Stil.
1037 1687 1372 1724 CCCCLXXXXIII.
1416 1687 1569 1724 Giorual.
1603 1687 1721 1724 arcad.

113 1745 234 1783 1825.
266 1758 300 1794 p.
335 1745 431 1792 319,
464 1746 573 1782 Orell.
611 1745 733 1782 1613.
765 1746 962 1794 Antholog.
1023 1747 1138 1784 Burm.
1170 1747 1198 1794 1,
1230 1747 1296 1784 49.
1328 1747 1462 1794 Meyer.
1494 1758 1527 1784 n.
1561 1745 1654 1783 602.

255 1821 377 1859 1928.
439 1819 485 1860 R.
517 1819 661 1861 Festus
692 1820 739 1860 V.
772 1820 814 1861 C.
832 1817 872 1874 ⁷)
906 1820 957 1861 de
988 1833 1035 1861 sc
1066 1820 1116 1862 ad
1147 1820 1260 1862 deam
1291 1820 1480 1863 Nortiam.

249 1878 391 1920 Festus
422 1878 578 1920 Musoni
609 1878 772 1920 suboles
804 1879 1021 1933 prolesque
1051 1878 1208 1931 Avieni,

249 1936 362 1978 Unde
393 1937 447 1978 tui
476 1937 613 1979 latices
647 1943 864 1988 traxerunt,
899 1938 1049 1988 Caesia,
1083 1951 1253 1990 nomen,

250 1995 391 2037 Nortia
432 2000 471 2036 te
511 2009 686 2039 veneror
727 1996 810 2038 lare
856 2001 992 2038 cretus
1033 1996 1287 2048 Volsiniensi,

249 2054 415 2096 Romam
446 2054 645 2106 habitans,
679 2057 839 2110 gemino
870 2055 1123 2109 proconsulis
1155 2060 1293 2096 auctus
1324 2055 1492 2107 honore,

253 2113 436 2155 Carmina
467 2113 589 2155 multa
620 2127 775 2164 serens,
808 2115 924 2155 vitam
957 2115 1108 2165 insons,
1139 2114 1296 2168 integer
1327 2127 1491 2166 aevom,

253 2172 447 2227 Coniugio
477 2173 602 2214 laetus
633 2173 838 2225 Placidae,
878 2185 1128 2225 numeroque
1161 2171 1362 2226 frequenti

249 2230 440 2273 Natorum
472 2231 680 2282 exultan53
714 2234 830 2273 vivax
862 2237 902 2272 et
933 2232 1093 2285 spiritus
1116 2231 1216 2272 ollis:

250 2289 392 2332 Cetera
431 2291 649 2344 composita
691 2290 864 2332 fatorum
904 2291 996 2344 lege
1036 2290 1254 2331 trahentur.
1292 2313 1347 2319 —
1389 2293 1478 2330 Villa
1522 2291 1722 2330 Caesarina.

112 2351 252 2388 Fahret.
283 2364 317 2400 p.
351 2351 444 2388 742.
476 2353 587 2401 Spon.
619 2352 713 2390 lllisc.
745 2365 778 2401 p.
812 2353 878 2388 99.
910 2352 1109 2398 Autholog.
1140 2352 1254 2389 Burin.
1286 2352 1315 2400 I,
1365 2352 1430 2390 79.
1461 2352 1594 2400 Meyer.
1629 2351 1725 2390 278.

113 2410 338 2449 Wernsdorf
356 2411 458 2448 Poet.
489 2411 569 2448 min.
602 2412 698 2449 Tom.
732 2412 774 2448 V.
807 2423 840 2459 p.
878 2409 911 2447 1.
945 2415 981 2447 ct
1014 2410 1108 2448 525.

259 2492 382 2531 1929.
443 2489 582 2533 Alcide
595 2487 653 2546 S),
686 2491 790 2533 sacri
823 2490 985 2545 generis
1017 2489 1156 2544 decus,
1188 2491 1265 2533 hoc
1295 2491 1362 2533 tibi
1392 2491 1557 2533 Praetor

257 2655 294 2700 1)
322 2655 414 2691 Grut.
449 2656 587 2692 exhibet
619 2657 750 2691 numeri
785 2661 895 2690 notam
930 2655 954 2689 1.
990 2658 1026 2698 (i.
1052 2667 1081 2690 c.
1109 2656 1268 2700 Primus).
1306 2656 1495 2691 Secundum
1529 2653 1724 2689 Bimardum

118 2703 286 2748 scriptura
312 2705 398 2738 inter
424 2703 593 2749 Pompeius
619 2709 652 2737 et
679 2704 865 2747 coquomz'nc
890 2704 1013 2737 detrita
1039 2705 1074 2736 in
1099 2703 1212 2748 lapide
1235 2710 1292 2738 est.
1321 2722 1362 2727 —
1389 2702 1426 2746 2)
1450 2703 1555 2747 posuit
1579 2701 1671 2735 Grut.
1690 2707 1723 2735 et

118 2749 262 2784 Bimard.
298 2768 339 2774 —-
376 2749 414 2793 3)
441 2753 478 2784 in
501 2751 642 2793 fraxino
676 2750 814 2784 Galeani
839 2751 870 2783 iu
897 2750 1009 2784 Giorn.
1035 2751 1148 2784 arcad.
1175 2751 1195 2784 1.
1222 2751 1240 2784 1.
1275 2769 1318 2773 —
1353 2748 1390 2792 4]
1426 2750 1473 2783 Ita
1508 2749 1609 2793 Spon.
1636 2748 1721 2782 Alii:

120 2798 292 2832 maaez'mas.
312 2816 352 2821 —
376 2797 413 2841 5)
438 2798 556 2832 reduce
574 2807 655 2842 pro:
680 2797 779 2829 reduc
797 2797 931 2830 coniicit
955 2795 1125 2831 D’Orville
1149 2797 1306 2831 Addend.
1332 2797 1375 2830 ad
1400 2795 1583 2841 Antholog.
1606 2795 1719 2829 Burm.

121 2842 158 2876 T.
182 2843 222 2878 II.
247 2855 280 2888 p.
305 2845 383 2878 704.
418 2862 459 2867 —-
489 2845 528 2887 6)
553 2844 796 2888 procuratoris.
822 2862 866 2866 —
893 2844 931 2885 7)
955 2843 1062 2878 Rufus
1086 2844 1206 2878 Festus
1231 2846 1284 2878 vir
1309 2844 1522 2877 clarissimus.
1564 2841 1721 2877 Ceterum

121 2888 208 2922 hanc
231 2893 534 2936 praescriptionem
553 2902 652 2936 quam
679 2890 859 2925 Fabrettus
885 2889 953 2932 dat,
978 2902 1046 2925 non
1070 2890 1171 2924 facile
1196 2893 1229 2924 in
1262 2891 1446 2933 originario
1471 2889 1566 2924 tit-ulo
1590 2900 1610 2923 a
1634 2889 1721 2923 Ruso

122 2934 224 3016 {flesto
247 2937 379 2974 Avieno
402 2940 513 2983 posito
538 2937 644 2973 fuisse
664 2936 723 2972 tibi
748 2938 967 2982 persuaseris.
994 2956 1038 2962 --
1063 2935 1101 2981 8)
1127 2937 1265 2973 Alcides
1290 2936 1394 2972 Orell.
1418 2946 1461 2971 ex
1485 2936 1646 2972 Murator.
1671 2935 1724 2971 Cf.

158 2992 250 3026 eyer.
