1877 3313
174 199 260 242 222
615 198 718 233 Inscr.
743 198 918 243 profanae.
967 198 1048 243 Cap.
1073 198 1113 233 11.
1161 198 1319 234 Tabulae.

841 305 891 346 Ca
924 309 963 345 ut
992 305 1094 345 XXI.

312 362 435 410 Quem
467 374 605 416 agrum
636 362 765 404 locum
796 375 848 403 ex
878 318 918 403 hp
948 364 971 403 l.
1005 363 1078 405 HS.
1108 363 1155 403 N.
1177 363 1204 403 Ι.
1237 363 1374 403 venire
1404 363 1613 416 oportebit,
1644 364 1763 416 quei-

173 433 370 474 quomque
402 432 491 461 eum
532 433 670 475 agrum
711 421 838 462 locum
872 434 893 462 a
925 434 1025 474 mag.
1060 433 1222 462 romano
1256 421 1368 472 emit,
1408 421 1442 461 is
1479 434 1550 474 pro
1583 434 1631 462 eo
1663 434 1762 475 agro

169 479 260 521 loco
290 480 459 532 pequnia
498 481 612 519 neive
643 479 851 532 praevides
873 478 908 532 ¹)
949 481 1064 520 neive
1105 479 1264 533 praedia
1306 479 1399 519 dare
1442 478 1606 532 debeto,
1647 480 1764 520 neive

172 539 259 589 quis
290 550 405 591 praes
436 537 484 578 ab
516 549 566 579 eo
597 536 710 579 datus
741 539 790 579 ob
823 535 928 592 eam]
964 551 1061 587 rem,
1094 538 1199 590 quod
1231 550 1346 590 praes
1367 537 1492 578 sactus
1514 542 1588 590 est,
1617 538 1763 591 populo

171 595 366 650 obligatus
398 592 601 649 est[o....
635 595 786 644 Queive
817 597 868 637 ob
901 593 1015 651 eu]m
1047 609 1186 650 agrum
1215 596 1346 637 locum
1378 608 1565 649 manceps
1595 607 1765 650 praesve

170 652 297 695 factus
319 659 392 706 est,
416 654 602 707 quodque
628 651 872 709 [pra]edium
893 655 942 695 ob
967 652 1074 709 [eam
1096 668 1178 695 rem
1201 654 1346 708 populo
1370 655 1582 709 obligatum
1603 651 1764 709 est]....

828 725 951 777 Caput
982 724 1099 765 XXlI.

310 782 411 830 Quei
441 795 539 836 ager
567 782 677 823 locus
717 783 755 823 in
797 782 930 823 Africa
973 787 1052 832 est,
1093 784 1183 836 quei
1224 783 1370 824 Romae
1410 782 1566 836 publice
1599 779 1766 838 [venieit

169 840 413 892 venieritve,
454 840 558 893 quod
601 842 685 881 eius
727 842 812 893 agri
854 841 958 881 locei
1000 842 1210 893 quoieique
1254 846 1424 894 emptum
1457 847 1604 882 est....
1636 841 1765 882 factus

171 896 278 952 erit‚]
311 899 385 939 HS.
416 899 461 939 N.
494 899 519 939 1.
554 896 805 953 [em]etus²]
840 904 939 949 esto,
971 900 1085 951 isque
1118 913 1215 953 ager
1246 900 1357 941 locus
1379 900 1552 952 privatus
1585 900 1764 953 vectiga-

167 957 309 1011 lisque,
341 954 418 1012 i[ta
449 958 529 998 utei
559 959 598 998 in
630 958 665 998 h.
698 957 721 997 l.
753 958 937 1010 scriptum
971 963 1045 1008 est,
1078 962 1175 998 esto.

822 1027 945 1080 Caput
976 1027 1107 1067 XXIII.

310 1085 410 1133 Quei
441 1097 537 1139 ager
568 1082 795 1139 locus]....
829 1091 889 1125 tus
922 1086 1008 1136 erit,
1041 1085 1143 1138 quod
1177 1086 1262 1125 eius
1294 1086 1377 1139 agri
1408 1084 1510 1126 locei
1532 1090 1643 1127 extra
1674 1090 1764 1127 ter-

172 1156 255 1184 ram
285 1143 428 1184 Itallam
461 1149 632 1195 est,....
678 1142 805 1198 [quod
848 1144 931 1184 eius
974 1145 1057 1197 agri
1099 1145 1191 1196 quoi
1224 1144 1322 1184 ceivi
1363 1156 1528 1185 romano
1560 1145 1766 1185 sociumve

168 1203 387 1243 nominisve
417 1202 534 1254 latini,
568 1202 707 1254 quibus
741 1215 790 1241 ex
822 1201 986 1242 formula
1020 1198 1265 1256 t]ogatorum
1297 1202 1438 1243 milites
1463 1204 1501 1242 in
1524 1207 1629 1243 terra
1659 1202 1765 1244 Italia

168 1260 352 1313 inperare
383 1260 534 1312 solent,
576 1261 632 1301 eis
664 1257 842 1314 po[plice
876 1259 976 1300 deve
1008 1261 1133 1301 senati
1173 1262 1369 1301 sententIa
1411 1260 1542 1302 datum
1575 1261 1740 1312 est,]...

849 1402 960 1451 Caput
991 1403 1082 1439 XXI.

310 1472 420 1517 Quem
463 1484 586 1520 agrum
628 1473 744 1510 locum
786 1484 830 1510 ex
872 1474 938 1509 hac
980 1474 1062 1520 lege
1104 1473 1303 1510 sestertium
1347 1485 1487 1510 nummo
1527 1484 1597 1510 uno
1640 1470 1764 1510 venire

170 1532 366 1579 oportebit,
400 1531 608 1578 quicumque
640 1543 717 1567 eum
751 1543 871 1578 agrum
904 1532 1016 1568 locum
1050 1544 1068 1568 a
1102 1533 1306 1579 magistratu
1338 1544 1488 1569 romano
1521 1533 1616 1577 emit,
1647 1531 1674 1568 is
1698 1542 1764 1580 pro

172 1601 217 1625 eo
250 1601 338 1636 agro
371 1589 452 1626 loco
493 1590 679 1637 pecuniam
721 1602 811 1626 neve
853 1591 1002 1637 praedes
1045 1602 1135 1626 neve
1179 1590 1324 1638 praedia
1367 1591 1451 1627 dare
1484 1591 1638 1635 debeto,
1670 1601 1761 1626 neve

174 1647 250 1694 quis
283 1659 386 1695 praes
419 1649 461 1684 ab
494 1659 537 1684 eo
563 1649 662 1684 datus
697 1649 742 1684 ob
775 1660 852 1684 eam
883 1660 970 1695 rem,
1003 1649 1097 1696 quod
1130 1661 1235 1697 praes
1268 1649 1380 1685 lactus
1412 1653 1466 1685 est
1496 1648 1630 1696 populo
1662 1647 1760 1684 obli-

169 1710 273 1752 gatus
307 1710 384 1742 esto
399 1733 633 1742 ............
667 1706 771 1754 quive
805 1707 849 1743 ob
883 1719 960 1742 eum
994 1719 1115 1754 agrum
1143 1708 1256 1744 locum
1285 1719 1448 1756 manceps
1474 1718 1626 1755 praesve
1648 1706 1759 1743 factus

172 1769 237 1811 est,
270 1765 435 1812 quodque
467 1765 648 1813 praedium
681 1765 727 1802 ob
760 1777 835 1801 eam
867 1777 939 1801 rem
971 1767 1104 1814 populo
1137 1767 1331 1813 obligatum
1364 1770 1417 1803 est
1427 1793 1642 1803 ...........

841 1835 952 1883 Caput
983 1836 1090 1872 XXII.

308 1891 374 1935 Qui
406 1903 494 1938 ager
526 1892 624 1928 locus
656 1892 689 1929 in
722 1892 841 1929 Africa
876 1898 951 1939 est,
984 1894 1041 1941 qui
1072 1894 1203 1931 Romae
1234 1894 1376 1942 publice
1407 1894 1516 1930 veniit
1546 1892 1758 1938 venieritve,

169 1949 264 1996 quod
295 1950 369 1986 eius
401 1950 478 1995 agri
511 1950 579 1986 loci
612 1950 738 1998 cuique
770 1956 922 2000 emptum
954 1956 1007 1988 est
1020 1981 1243 1990 ...........
1283 1953 1395 1989 factus
1428 1952 1521 1997 erit,
1557 1951 1758 1988 sestertium

169 2019 308 2045 nummo
340 2020 410 2045 uno
443 2012 578 2057 emptus
612 2013 712 2055 esto,
753 2009 852 2057 isque
884 2022 972 2058 ager
1002 2011 1099 2048 locus
1131 2011 1289 2059 privatus
1330 2011 1586 2058 vectigalisque
1626 2009 1673 2047 ita
1705 2009 1758 2046 uti

168 2064 202 2102 in
233 2066 300 2104 hac
332 2067 413 2114 lege
445 2067 613 2115 scriptum
645 2071 710 2114 est,
742 2073 832 2105 esto.

830 2138 942 2186 Caput
973 2138 1096 2175 xxm.

306 2194 371 2239 Qui
403 2207 511 2242 ager,
543 2196 641 2232 locus
673 2224 825 2233 ........
840 2201 893 2232 tus
926 2197 1014 2242 erit,
1047 2197 1140 2244 quod
1174 2196 1247 2232 eius
1279 2196 1355 2243 agri
1387 2196 1456 2233 loci
1489 2201 1590 2232 extra
1621 2200 1756 2232 terram

166 2253 298 2290 Italiam
331 2258 395 2299 est,
428 2282 519 2290 .....
551 2255 645 2301 quod
679 2255 752 2291 eius
785 2256 860 2302 agri
892 2255 994 2291 alicui
1026 2255 1090 2291 civi
1123 2266 1270 2291 romano
1302 2255 1526 2291 sociorumve
1558 2254 1756 2291 nominisve

165 2311 274 2358 latini,
306 2313 428 2360 quibus
460 2323 506 2348 ex
537 2312 686 2350 formula
718 2318 920 2360 togatorum
953 2313 1078 2349 milites
1111 2314 1143 2349 in
1176 2317 1269 2349 terra
1302 2313 1399 2349 ltalia
1431 2313 1604 2361 imperare
1626 2313 1755 2358 solent,

166 2370 216 2407 eis
247 2371 386 2419 publice
418 2371 510 2407 deve
540 2376 682 2408 senatus
715 2372 886 2409 sententia
918 2372 1037 2408 datum
1070 2376 1122 2408 est
1135 2399 1289 2408 ........
1303 2382 1346 2407 ve
1378 2383 1502 2418 agrum
1533 2372 1649 2408 locum
1671 2370 1754 2419 qui-

165 2518 191 2553 l.
216 2520 333 2553 venire
358 2525 493 2563 oportet
518 2520 741 2564 oportebitve,
768 2521 856 2566 quod
882 2522 953 2554 eius
980 2523 1051 2565 agri
1076 2521 1161 2554 locei
1188 2522 1367 2565 quoieique
1402 2527 1549 2565 emptum
1574 2525 1636 2562 est,
1661 2525 1754 2553 extra

166 2577 243 2599 eum
268 2577 385 2610 agrum
409 2566 531 2606 locum,
557 2579 655 2611 quem
682 2579 723 2601 ex
748 2568 778 2601 h.
806 2568 826 2601 1.
852 2567 913 2601 HS.
939 2567 977 2601 N.
1002 2568 1025 2601 Ι.
1052 2569 1168 2601 venire
1186 2574 1330 2611 oportet,
1357 2567 1584 2611 oportebitve,
1611 2568 1638 2600 is
1655 2567 1756 2611 quoei

166 2623 249 2655 ager
273 2613 366 2647 locus
392 2615 424 2646 in
449 2623 490 2647 eo
515 2624 596 2656 agro
624 2614 696 2648 loco
723 2621 854 2658 emptus
879 2621 948 2656 est,
981 2620 1158 2658 pequniam
1185 2614 1309 2657 populo
1337 2614 1418 2647 dare
1446 2614 1588 2655 debeto,
1625 2623 1754 2657 proque

165 2670 204 2692 ea
230 2661 374 2704 pequnia
398 2660 573 2704 praevides
600 2660 677 2694 dato
703 2662 907 2706 praediaque
933 2661 1002 2694 arb.
1027 2672 1075 2704 pr.
1103 2662 1178 2705 quei
1204 2663 1289 2694 inter
1314 2663 1426 2694 ceives
1452 2662 1524 2694 ious
1543 2661 1657 2694 deicet
1674 2661 1753 2693 satis

165 2707 362 2749 supsignato
387 2717 544 2750 manceps
574 2708 749 2749 praevides
776 2709 980 2753 praediaque
1004 2708 1104 2740 soluti
1129 2713 1237 2748 sunto,
1263 2718 1371 2752 eaque
1395 2709 1527 2740 nomina
1552 2716 1754 2750 mancupum

164 2753 360 2794 praevidum
385 2753 599 2797 praediorum
624 2755 649 2786 is
675 2761 842 2798 quaestor,
869 2756 946 2800 quei
972 2755 1134 2787 aerarium
1154 2755 1360 2796 provinciam
1378 2753 1552 2797 optinebit,
1578 2756 1610 2786 in
1630 2751 1750 2785 tableis

165 2798 325 2839 publiceis
350 2801 396 2833 ita
420 2801 543 2843 scripta
568 2799 709 2841 habeto,
735 2802 803 2834 utei
828 2807 988 2844 quantum
1013 2801 1178 2845 pequniae
1205 2811 1388 2845 quemque,
1416 2802 1514 2844 quoei
1539 2802 1566 2832 is
1591 2809 1672 2841 ager
1697 2799 1752 2832 lo-

167 2853 226 2876 cus
250 2851 378 2890 emptus
397 2852 458 2889 est,
477 2845 600 2890 populo
618 2846 697 2879 dare
716 2853 882 2891 oporteat,
907 2849 1052 2892 quelque
1069 2846 1247 2889 praevides
1266 2857 1325 2890 pro
1344 2857 1385 2880 eo
1403 2846 1481 2880 facti
1499 2847 1596 2888 sient,
1619 2855 1752 2890 quaeve

170 2892 308 2932 praedia
334 2903 393 2935 pro
419 2903 460 2926 eo
486 2892 630 2937 obligata
654 2895 748 2936 sient,
774 2894 965 2938 discriptum
992 2896 1239 2938 assignatumve
1264 2895 1337 2927 siet.

309 2937 343 2979 1)
369 2939 555 2973 Huschkius
579 2950 611 2983 p.
637 2939 703 2972 606
729 2941 974 2977 emendandum
999 2945 1129 2974 censet:
1155 2941 1254 2973 neive
1279 2940 1456 2985 pequniam
1489 2940 1588 2974 neive
1612 2939 1746 2983 praevi-

173 2981 244 3017 des.
268 2999 312 3006 —
337 2983 375 3027 2)
399 2991 515 3020 emerus
539 2996 619 3030 pro:
648 2993 788 3030 emptus.
