1877 3313
152 140 241 183 340
607 135 714 170 Inscr.
738 135 913 180 profanae.
963 133 1047 179 Cap.
1073 135 1115 170 11.
1162 134 1321 170 Tabulae.

151 250 317 346 garten}J
335 241 438 285 dotis
481 242 662 296 stipulata
701 242 868 285 videtur.
930 243 970 284 P.
1013 242 1053 283 P.
1075 239 1110 297 ¹)
1151 242 1194 283 ΙΙ.
1235 240 1320 282 Kal.
1363 239 1488 294 April.
1532 239 1764 282 Alexandro

191 316 254 357 ug.
322 313 379 344 os.

152 431 431 467 Constitutio
464 430 788 475 Imperatorum
813 431 1002 465 Honorii
1028 436 1071 464 et
1095 429 1339 464 Theodosii
1366 429 1417 463 de
1444 429 1752 464 conventibus

512 492 668 524 annuis
698 492 736 523 in
762 489 870 524 urbe
896 489 1155 524 Arelatensi
1182 488 1417 522 habendis.

296 599 421 637 1729.
483 598 696 646 Significare
727 600 817 636 hanc
859 598 1149 636 constitutionem
1190 597 1396 634 Hincmarus
1436 597 1616 634 Remensis
1658 597 1766 635 vide-

151 662 211 696 tur
250 658 303 695 De
335 659 412 695 iure
453 658 813 707 metropolitanorum
858 657 948 706 Opp.
981 658 1079 694 Tom.
1112 657 1154 693 Il.
1195 668 1229 705 p.
1264 655 1346 694 730
1389 656 1445 693 ed.
1484 657 1661 694 Sirmond.
1701 657 1766 693 sed

151 721 291 755 textum
323 717 482 754 eiusdem
514 717 648 765 primus
681 716 843 754 exhibuit
874 716 1039 753 Nicotaus
1073 716 1231 752 Cusanus
1263 716 1339 752 sive
1373 716 1417 753 de
1449 715 1562 761 Cusa,
1592 715 1766 754 ecclesiae

151 787 326 814 romanae
359 776 574 822 Cardinalis‚
615 775 650 813 in
690 787 803 825 opere
844 776 897 811 De
939 775 1192 812 concordantia
1236 774 1411 812 catholica
1443 774 1504 811 lib.
1545 774 1606 812 111.
1638 787 1668 812 c.
1701 773 1768 811 30.

153 830 258 888 (Fol.
290 834 410 873 LXXI.
443 835 534 884 Opp.
565 834 627 871 Fd.
660 835 767 871 Paris.
805 832 927 870 1514.
959 827 1059 884 Fot.)
1095 846 1140 869 eo
1173 834 1269 880 loeo,
1301 834 1358 869 ubi
1382 844 1517 870 annuos
1549 833 1583 870 in
1616 832 1767 883 imperio

151 893 362 942 germanico
396 898 595 932 conventus
618 893 899 930 Francolordiae
922 893 1107 929 habendos
1132 893 1357 929 commendat
1381 893 1425 929 ad
1449 892 1651 941 exemplum
1674 903 1767 930 con-

151 957 322 991 ventuum
347 952 382 990 in
414 953 503 990 urbe
535 952 738 989 Arelatensi
770 951 855 988 olim
887 951 1099 987 habitorum.
1161 951 1262 988 Unde
1293 955 1415 988 nactus
1437 951 1483 988 sit
1511 952 1583 988 hoc
1614 950 1767 988 edictum

150 1022 326 1060 nusquam
366 1011 520 1059 indicat,
566 1012 629 1048 sed
673 1010 954 1059 praescriptione
996 1014 1194 1046 truncatum
1237 1010 1312 1046 eius
1354 1011 1396 1046 ad
1438 1022 1559 1047 manus
1602 1009 1768 1047 habuisse

153 1071 358 1120 exemplum
392 1070 475 1108 inde
507 1075 681 1119 apparet,
714 1069 811 1117 quod
844 1068 1076 1105 Constantino
1110 1069 1263 1105 edictum
1297 1069 1428 1105 tribuit.
1474 1069 1634 1106 Alterum
1667 1069 1768 1105 eius-

153 1129 236 1167 dem
278 1129 499 1166 instrumeuti
544 1129 748 1178 exemplum
794 1139 812 1163 a
845 1127 984 1164 Roaldo
1030 1126 1283 1164 iurisconsulto
1325 1139 1444 1164 secum
1477 1127 1770 1165 communicatum

153 1188 266 1225 edidit
311 1189 338 1226 Ι.
371 1188 534 1236 Scaliger
579 1188 612 1224 in
656 1187 881 1224 Lectionibus
930 1185 1143 1222 Ausonianis
1190 1199 1267 1234 cap.
1310 1186 1377 1223 24.
1409 1199 1442 1235 p.
1473 1186 1540 1223 93.
1583 1187 1639 1224 ed.
1680 1185 1768 1223 Hei-

153 1247 318 1294 delberg.
365 1247 486 1284 1588.
529 1247 694 1283 editionis
727 1257 745 1281 a
779 1245 920 1282 Cusano
965 1245 1080 1281 tactae
1123 1245 1307 1289 immemor
1340 1245 1397 1282 vel
1429 1246 1573 1293 ignarus
1604 1250 1711 1294 atque
1742 1244 1769 1281 is

155 1305 301 1354 quidem
335 1306 489 1343 edictum
521 1306 564 1342 ad
599 1305 865 1342 Constantinum
897 1305 1125 1349 Tyrannum,
1170 1305 1229 1351 qui
1273 1309 1437 1352 tempore
1469 1304 1618 1342 Honorii
1648 1304 1769 1342 iunio-

153 1365 202 1402 ris
235 1365 435 1413 Imperator
468 1367 501 1401 in
535 1364 711 1401 Britannia
744 1364 944 1399 declaratus
977 1363 1056 1408 fuit,
1089 1368 1271 1399 auctorem
1300 1363 1429 1400 retulit.
1482 1363 1667 1411 Integrum
1692 1373 1771 1400 curn

153 1424 439 1472 praescriptione
463 1424 722 1471 Imperatorum
751 1422 899 1459 Honorii
927 1426 964 1457 et
987 1421 1181 1458 Theodosii
1221 1422 1422 1471 exemplum
1453 1422 1619 1470 idemque
1643 1433 1770 1459 ernen-

156 1482 272 1518 datius
315 1482 526 1519 Sirmondus
571 1483 709 1518 demum
753 1492 798 1516 ex
841 1480 967 1516 codice
1001 1480 1148 1527 antiquo
1180 1481 1382 1517 Arelatensi
1425 1486 1549 1517 nactus
1583 1485 1640 1518 est
1671 1480 1768 1517 etin

153 1540 248 1577 notis
295 1541 338 1577 ad
381 1540 517 1577 Sidonii
571 1539 795 1589 Apollinariis
849 1540 961 1576 Carni.
1001 1539 1077 1574 XV.
1120 1550 1152 1574 v.
1200 1538 1277 1575 115
1327 1536 1443 1590 (Opp.
1485 1540 1661 1578 Sirmond.
1704 1539 1770 1576 Ed.

153 1598 264 1636 Paris.
301 1598 412 1636 1696
446 1600 543 1636 Tom.
576 1599 600 1635 1.
634 1612 666 1647 p.
705 1592 842 1650 1257)
877 1597 1010 1643 edidit,
1050 1609 1131 1633 usus
1163 1602 1308 1646 praeter
1338 1598 1430 1634 hunc
1462 1599 1622 1636 codicem
1655 1598 1770 1635 altero

155 1658 287 1695 codice
328 1657 639 1703 Autisiodorensi‚
690 1658 747 1705 qui
795 1657 944 1693 eandem
978 1656 1267 1693 constitutionem
1300 1657 1484 1693 continuit.
1546 1657 1679 1694 Ilorum
1712 1657 1769 1693 vi-

156 1727 278 1754 rorum
312 1717 502 1754 doctorum
537 1716 678 1762 Cusum,
711 1715 911 1762 Scaligeri,
943 1715 1144 1760 Sirmondi,
1176 1715 1396 1762 aliorumque
1428 1727 1539 1764 opera
1571 1727 1653 1753 usus
1685 1719 1770 1752 tex—

156 1779 232 1812 tum
264 1776 448 1813 recensuit
492 1776 599 1812 edicti
643 1780 678 1812 ct
711 1775 862 1811 omnium
897 1773 1159 1810 accuratissime
1191 1774 1363 1822 explicuit
1394 1775 1431 1810 C.
1462 1774 1499 1810 F.
1533 1774 1594 1812 Ch.
1626 1774 1771 1811 IVenck

154 1834 192 1872 in
226 1834 368 1872 Codicis
413 1834 655 1871 Theodosiani
697 1833 792 1870 libris
837 1833 868 1868 V
914 1833 1091 1881 prioribus
1124 1845 1142 1869 a
1174 1844 1212 1868 se
1243 1833 1358 1870 editis.
1401 1827 1577 1883 (Lipsiae.
1622 1827 1771 1884 1825.)

154 1894 323 1942 Append.
357 1893 418 1930 111.
449 1905 483 1941 p.
520 1892 763 1929 371-384.
827 1892 963 1928 Nudum
997 1891 1103 1928 edicti
1131 1896 1266 1928 textum
1290 1904 1335 1928 ex
1358 1892 1527 1929 Wenckii
1558 1891 1772 1930 recensione

157 1952 308 1990 exhibet
339 1952 562 1989 Hauboldius
594 1952 747 1989 Monuni.
781 1951 887 1999 legal.
918 1963 952 1999 p.
985 1950 1090 1997 296,
1123 1962 1226 1998 quam
1258 1955 1294 1987 et
1323 1962 1390 1987 nos
1421 1951 1611 1999 sequimur.

227 2043 429 2085 Honorius
461 2047 501 2085 et
534 2042 784 2085 Theodosius
816 2039 1041 2142 Affigitity)
1076 2042 1118 2082 V.
1152 2040 1232 2095 l.³)
1264 2041 1478 2097 Agricolae
1509 2041 1714 2084 Praefecto

896 2114 916 2141 a
946 2113 1082 2142 iarum.

300 2172 566 2215 Saluberrima
599 2172 911 2226 magnificentiae
945 2176 1035 2212 tuae
1067 2171 1328 2225 suggestione
1360 2172 1464 2212 inter
1483 2171 1657 2226 reliquas
1687 2171 1774 2212 rei-

156 2231 341 2287 publicae
372 2231 560 2272 utilitates
593 2231 801 2272 evidenter
833 2231 1033 2280 instructi,
1076 2229 1324 2270 observanda
1356 2230 1663 2284 provincialibus
1694 2242 1774 2271 no-

160 2290 278 2342 stris,
310 2289 349 2331 id
383 2294 468 2341 est,
511 2303 583 2344 per
615 2295 769 2343 septem
801 2289 1049 2343 provincias,
1082 2301 1265 2329 mansura
1297 2289 1335 2328 in
1367 2301 1509 2330 aevum
1541 2289 1774 2331 auctoritate

162 2348 415 2390 decernimus
430 2346 496 2402 ¹¹),
539 2349 644 2401 quod
677 2349 831 2402 sperari
862 2348 976 2400 plane
1009 2348 1056 2388 ab
1096 2348 1190 2401 ipsis
1222 2347 1526 2399 provincialibus
1558 2347 1774 2389 debuisset.

160 2408 262 2449 Nam
295 2421 384 2448 cum
417 2412 583 2460 propter
615 2409 789 2460 privatas
822 2420 868 2447 ac
902 2406 1077 2459 publicas
1118 2406 1401 2457 necessitates,
1436 2406 1485 2447 dc
1516 2406 1680 2461 singulis
1713 2406 1776 2446 ci-

161 2467 359 2516 vitatibus,
391 2479 471 2506 uon
503 2466 631 2507 solum
664 2466 713 2506 de
745 2466 959 2519 provinciis
991 2464 1169 2518 singulis,
1201 2464 1250 2504 ad
1278 2476 1443 2505 exauien
1463 2465 1777 2519 magnificentiae

163 2530 258 2566 tuae
289 2525 353 2565 vel
385 2525 602 2566 honoratos
637 2524 856 2575 confluere,
888 2524 951 2564 vel
983 2524 1080 2564 mitti
1101 2523 1264 2577 legatos,
1296 2527 1362 2563 aut
1383 2535 1663 2575 possessorum
1693 2523 1776 2564 uti-

162 2583 264 2634 litas,
297 2587 362 2624 aut
394 2583 640 2636 publicarum
683 2584 784 2624 ratio
827 2584 962 2637 exigat
1002 2582 1268 2623 functionum:
1310 2583 1479 2622 maxime
1512 2587 1776 2635 opportunum

165 2646 206 2684 et
236 2641 491 2684 conducibile
522 2641 765 2693 iudicamus,
807 2646 848 2682 ut
890 2645 1045 2682 servata
1084 2640 1254 2694 posthac,
1279 2640 1389 2680 annis
1421 2640 1584 2694 singulis
1600 2637 1640 2695 ⁵)
1673 2652 1777 2681 con-

310 2806 347 2850 1)
373 2806 593 2851 propositum.
630 2823 674 2828 —
707 2805 746 2849 2)
773 2804 827 2839 Sic
855 2805 955 2838 habet
989 2804 1158 2839 Sirmond.
1192 2803 1286 2848 Impp
1310 2803 1500 2837 nominibus
1524 2805 1720 2848 praeposuit
1744 2809 1779 2837 et

169 2861 249 2895 pro:
274 2852 408 2897 August.
437 2852 554 2886 scribit
578 2852 621 2886 A.
650 2852 690 2885 Α.
717 2850 896 2897 (Augusti)
923 2852 1065 2886 Wenck.
1093 2868 1132 2873 —-
1160 2848 1199 2893 3)
1215 2853 1290 2884 viro
1307 2849 1436 2883 illustri.
1465 2868 1506 2873 —-
1533 2848 1638 2892 4)1ta
1655 2850 1778 2894 Scalig.

170 2902 206 2931 et
229 2898 398 2933 Sirmond.
430 2910 494 2944 pro
525 2909 594 2944 quo
630 2897 802 2933 Cusanus:
838 2899 1051 2933 decrevimus.
1084 2915 1128 2922 —
1160 2897 1199 2941 5)
1224 2897 1272 2932 Ita
1299 2897 1465 2932 Sirmond.
1497 2896 1621 2942 Scalig.
1645 2895 1779 2942 posthac

169 2947 343 2989 quotannis
368 2952 506 2981 consuet.
