1877 3313
193 177 277 220 432
758 177 859 212 Inscr.
884 179 1047 222 poeticae.
1098 176 1229 212 Sacrae.

332 282 379 323 Et
409 281 512 323 Iovis
552 282 716 323 antistes
757 282 898 325 dedico
928 288 1158 338 perpetuus.
1179 281 1215 335 ¹)
1248 305 1303 312 —-
1334 287 1477 324 Romae.
1518 285 1615 324 Grut.
1653 301 1688 338 p.
1719 290 1785 327 43.

193 345 300 381 lllorc.
333 344 409 380 Stil.
442 343 792 382 CCCCLXXXXIIII.
838 345 1035 392 Antholog.
1068 345 1181 382 Burm.
1213 346 1239 381 Ι.
1272 345 1336 382 36.
1368 345 1502 392 Meyer.
1536 346 1630 383 593.

335 419 454 456 1930.
515 417 584 458 Dis
615 419 780 472 magnis.

328 476 461 529 Ulpius
504 475 692 529 Egnatius
733 477 968 517 Faventinus
1009 477 1053 516 V.
1087 474 1183 530 0²)
1226 475 1369 530 Augur
1409 477 1498 530 pub.
1531 477 1571 517 P.
1602 477 1648 518 R.
1681 475 1782 532 Q.³)

191 535 306 575 Pater
336 539 375 574 et
405 534 653 588 Hieroceryx
682 535 729 575 D.
761 536 799 577 S.
831 535 856 575 Ι.
889 532 993 588 Mss)
1027 535 1315 576 Areliibuculus
1351 535 1413 576 dei
1443 536 1596 587 Liberi,
1637 536 1783 576 Hiero-

191 594 297 633 t'anta
329 592 514 644 Hecatae,
545 592 740 634 Sacerdos
771 593 895 645 Isidis,
925 599 1116 647 percepto
1148 593 1373 634 taurobolio
1395 594 1623 647 criobolioq.
1653 593 1782 635 Idibus

188 651 378 705 Augustis
418 651 500 691 ΠΙ).
541 649 674 706 NN.⁵)
715 652 878 693 Valente
919 652 1022 706 Aug.
1065 653 1108 692 V.
1141 657 1181 693 et
1221 652 1492 694 Valentiniano
1523 651 1625 707 Aug.
1658 653 1702 693 V.
1744 658 1783 693 et

188 709 459 751 Valentiniano
489 709 595 765 Aug.
629 709 820 764 Conss.⁶)
853 710 1047 751 Feliciter.

326 769 425 809 Vota
453 768 694 810 Faventinus
726 770 784 810 bis
816 768 906 809 deni
936 770 1099 822 suscipit
1129 769 1249 810 orbis.
1268 767 1305 825 ¹)

327 828 374 868 Ut
413 831 555 868 mactet
594 832 780 881 repetens
823 832 954 868 aurata
994 827 1126 868 fronte
1166 828 1363 869 bicornes.
1396 851 1451 859 -ψ
1482 831 1614 868 Romae
1643 830 1678 868 in
1708 842 1779 869 ara.

190 889 289 926 Grut.
319 888 428 937 27,4.
491 888 585 927 Orel.
616 888 740 927 2335.
787 889 985 937 Antholog.
1017 889 1130 926 Burni.
1163 889 1207 936 ΙΙ,
1242 888 1334 928 150.
1365 890 1500 938 meyer.
1532 902 1566 928 n.
1598 888 1692 926 831.

704 1047 740 1085 35.
771 1043 805 1079 2.
870 1042 978 1078 Tituli
1008 1042 1250 1090 sepulcrales.

606 1157 740 1191 Tituli
764 1157 1047 1202 sepulcrales
1073 1157 1349 1201 Scipionum.

325 1254 445 1292 1931.
507 1255 715 1303 Sepulcrum
747 1254 952 1301 Scipionum
983 1255 1114 1291 Romae
1156 1258 1258 1291 extra
1300 1258 1440 1302 portam
1473 1253 1650 1302 Capenam
1682 1265 1773 1291 anno

189 1314 299 1351 1780
332 1314 509 1350 detectum
540 1324 670 1350 novem
709 1313 830 1350 titulos
874 1312 973 1349 buius
1014 1313 1166 1349 familiae
1208 1313 1390 1359 servavit,
1433 1323 1581 1360 quorum
1620 1313 1773 1361 quinque

186 1373 343 1420 pluribus
376 1372 534 1408 versibus
567 1376 752 1417 constant,
794 1375 945 1418 quatuor
985 1371 1112 1418 reliqui
1152 1371 1237 1407 nibil
1276 1371 1353 1407 sere
1393 1371 1457 1408 nisi
1487 1371 1615 1409 nudam
1654 1372 1770 1409 nomi-

179 1443 282 1478 num,
314 1435 468 1468 aetatum
500 1435 534 1467 et
566 1441 746 1466 munerum
788 1434 973 1476 gestorum
1015 1429 1229 1466 mentionem
1261 1429 1451 1466 continent.
1482 1430 1671 1467 Praeterea
1701 1430 1771 1467 ibi-

182 1490 262 1526 dem
294 1489 427 1538 reperti
457 1493 536 1525 sunt
577 1489 702 1534 viginti
741 1499 828 1525 unus
871 1488 960 1524 tituli
1000 1488 1208 1524 libertorum
1248 1487 1430 1524 maximam
1462 1493 1600 1536 partem
1631 1489 1770 1526 Corne-

176 1549 324 1593 liorum,
365 1547 428 1584 sed
460 1551 496 1583 et
527 1547 671 1583 militum
703 1547 981 1593 feminarumque
1012 1547 1104 1582 nulla
1140 1546 1359 1592 cognatione
1391 1547 1434 1582 ad
1465 1547 1651 1595 Scipiones
1681 1559 1768 1596 per-

177 1606 372 1644 tinentium.
432 1606 526 1643 Unus
559 1606 605 1642 de
646 1605 799 1652 quinque
831 1605 896 1641 illis
929 1604 1036 1640 titulis
1067 1604 1181 1652 primo
1212 1605 1296 1641 loco
1333 1605 1639 1652 commemoratis,
1678 1605 1773 1642 Lucii

179 1665 376 1714 Scipionis,
408 1665 455 1701 sili
486 1664 639 1709 Barbati,
670 1664 740 1700 iam
771 1674 862 1699 anno
900 1661 1007 1698 1616
1051 1667 1214 1710 repertus
1246 1667 1324 1699 erat
1355 1667 1390 1699 et
1422 1675 1439 1699 a
1472 1663 1676 1711 Sirmondo,
1706 1675 1769 1701 so-

178 1724 313 1761 cietatis
345 1724 424 1760 Iesu
454 1722 593 1768 sodali,
622 1722 811 1758 illustratus
845 1716 1012 1772 (Graevii
1043 1719 1210 1757 Thesaur.
1241 1722 1337 1758 Tom.
1367 1721 1426 1757 IV.
1458 1734 1490 1769 p.
1526 1718 1677 1775 1832),
1708 1723 1772 1759 sed

173 1795 193 1819 a
224 1782 363 1819 lllaffeio
398 1776 500 1832 [Art.
532 1780 639 1817 critic.
671 1780 817 1828 lapidar.
849 1792 882 1827 p.
915 1773 1024 1830 449]
1057 1779 1216 1826 spurius,
1249 1779 1357 1816 Gorio
1400 1779 1638 1827 assentiente,
1678 1793 1770 1829 pro-

171 1841 367 1878 nunciatus.
409 1839 537 1876 Omnes
569 1838 723 1887 sepulcri
755 1838 876 1874 titulos
908 1837 1103 1874 Piranesius
1148 1850 1166 1874 a
1199 1849 1236 1874 se
1269 1838 1466 1875 delineatos
1498 1838 1628 1886 primus
1660 1840 1771 1876 edidit

173 1912 250 1936 cum
293 1898 548 1936 commentario
594 1897 696 1934 Ennii
739 1896 834 1940 Quir.
876 1895 1049 1932 Viscontii
1092 1890 1144 1944 (11
1186 1901 1414 1933 monumento
1456 1896 1553 1943 degli
1599 1897 1768 1945 Scipioni.

173 1959 281 1996 Roma
317 1957 437 1993 1785.
470 1957 533 1993 fol.
564 1959 600 1992 et
629 1955 663 1991 in
693 1956 734 1992 Ε.
767 1956 807 1999 Q.
841 1954 1000 1991 Visconti
1031 1954 1149 2002 Opere
1181 1955 1277 1991 varie
1308 1955 1422 1991 lllilan.
1457 1954 1577 1991 1827.
1602 1956 1682 1992 Vol.
1713 1951 1768 2008 Ι).

163 2018 290 2054 Denuo
321 2015 477 2052 virorum
500 2015 687 2051 doctorum
716 2013 831 2051 studia
852 2013 903 2049 his
936 2011 1167 2050 monumentis
1199 2013 1416 2057 conciliavit,
1450 2013 1671 2059 Niebuhrius,
1706 2015 1765 2061 qui

167 2076 286 2113 titulos
304 2073 477 2111 Saturniis
494 2072 656 2110 versibus
675 2072 897 2121 conscriptos
920 2076 956 2107 et
977 2070 1120 2108 naenias
1142 2070 1174 2106 in
1198 2071 1379 2108 funeribus
1400 2083 1468 2120 pro
1489 2083 1588 2108 more
1607 2076 1764 2109 cantatas

167 2135 226 2171 vel
267 2133 458 2182 particulas
500 2136 598 2168 certe
641 2130 781 2178 quidem
824 2129 996 2167 eiusmodi
1032 2128 1235 2165 naeniarum
1277 2142 1356 2166 esse
1388 2129 1581 2167 contendit.
1636 2125 1762 2182 (Rom.

168 2194 295 2230 Gesch.
326 2193 351 2228 I.
383 2204 417 2240 p.
451 2190 544 2227 362.
578 2184 699 2241 657).
745 2190 800 2225 Ex
831 2190 901 2225 hoc
932 2192 1094 2236 tempore
1126 2187 1243 2235 plures
1273 2188 1334 2224 lias
1358 2188 1572 2236 antiquitatis
1594 2189 1759 2236 reliquias

163 2255 416 2289 tractaverunt.
449 2245 518 2301 (V.
548 2248 640 2284 Balir
671 2247 799 2284 Gesch.
832 2247 865 2283 d.
896 2250 983 2283 rom.
1015 2246 1189 2282 Literatur
1221 2246 1245 2282 I.
1277 2259 1311 2294 p.
1346 2241 1449 2298 99];
1481 2251 1695 2295 receperunt
1723 2247 1758 2284 in

164 2309 435 2347 collectionibus
467 2308 535 2344 suis
568 2305 718 2342 Orellius
752 2318 784 2342 n.
818 2304 1056 2341 550—561.
1116 2304 1238 2350 meyer
1270 2305 1467 2352 Antbolog.
1509 2305 1607 2342 latin.
1637 2317 1689 2342 nr.
1734 2305 1752 2341 1

159 2380 259 2416 seqq.
290 2368 414 2415 Egger
445 2366 538 2403 latin.
572 2376 677 2401 serm.
709 2364 808 2411 reliq.
838 2376 870 2411 p.
906 2363 996 2399 100.
1033 2363 1123 2399 104.
1160 2361 1252 2399 154.
1287 2361 1379 2399 156.
1410 2363 1463 2400 De
1495 2363 1641 2410 naeniis,
1668 2374 1754 2411 quas

163 2427 371 2464 Niebuhrius
404 2425 455 2461 bis
487 2423 648 2460 versibus
676 2427 834 2459 servatas
867 2422 1131 2469 pronuntiavit,
1173 2421 1337 2466 suerunt,
1366 2421 1424 2468 qui
1456 2422 1755 2468 contradicerent,

160 2485 257 2532 quod
296 2485 372 2533 ipse
412 2482 601 2530 aliquando
640 2481 774 2517 tentavi
817 2476 1139 2532 (Ferieuschriueu
1181 2479 1251 2515 vol.
1292 2479 1335 2515 ΙΙ.
1375 2491 1410 2527 p.
1457 2476 1587 2531 186);
1628 2484 1754 2528 postea

160 2544 269 2580 multo
301 2541 496 2579 accuratius
537 2541 575 2577 G.
617 2540 678 2576 Tb.
720 2540 895 2575 Streuber
926 2533 1003 2589 (De
1042 2536 1325 2585 inscriptionibus
1368 2549 1457 2584 quae
1498 2537 1542 2574 ad
1572 2549 1753 2575 numerum

157 2601 348 2640 saturnium
379 2600 592 2636 referuntur.
652 2597 777 2634 Turici.
823 2592 971 2647 1845.)
1012 2596 1069 2643 qui
1111 2595 1256 2632 ulterius
1297 2606 1510 2643 progressus
1552 2607 1597 2633 ne
1628 2607 1752 2633 versus

157 2660 298 2708 quidem
330 2670 408 2697 esse
439 2657 677 2705 comprobare
716 2655 847 2693 studet.
908 2655 952 2691 Et
991 2666 1115 2692 versus
1157 2665 1238 2691 esse
1270 2657 1308 2690 et:
1337 2653 1447 2692 simile
1479 2658 1578 2692 certe
1609 2654 1750 2703 quidem

294 2843 330 2886 1)
349 2844 527 2878 Burmann.
549 2841 735 2887 Perpetuus,
763 2847 918 2886 tanquam
944 2851 1067 2874 nomen
1092 2840 1279 2884 proprium3
1303 2837 1363 2871 sed
1387 2837 1566 2871 Morcellus
1590 2837 1745 2878 antistes,

155 2889 278 2934 inquit,
301 2891 391 2924 Iovis
416 2895 598 2934 perpetuus
623 2888 703 2922 nihil
728 2888 817 2921 aliud
842 2893 892 2920 est
918 2898 1015 2932 quam
1041 2886 1162 2920 flamen
1189 2885 1295 2919 dialis.
1326 2901 1367 2906 -
1394 2881 1432 2925 2)
1457 2885 1510 2917 vir
1533 2883 1742 2917 clarissimus.

154 2952 196 2957 -
227 2936 265 2977 3)
291 2937 444 2980 publicus
469 2935 593 2980 'populi
624 2936 753 2968 romani
787 2933 973 2975 Quiritium.
1009 2951 1051 2956 —
1089 2931 1127 2973 4)
1161 2932 1225 2966 deo
1257 2930 1328 2966 Soli
1360 2931 1485 2964 invicto
1517 2930 1666 2963 Mithrae.
1698 2946 1740 2952 —

155 2979 193 3023 5)
219 2981 360 3017 dominis
390 2985 520 3019 nostris.
548 3000 589 3008 -
616 2980 654 3024 6)
682 2993 733 3017 an.
754 2979 814 3016 Ch.
840 2980 919 3016 376.
946 2997 986 3005 --
1014 2978 1053 3023 7)
1078 2985 1158 3015 vota
1181 2978 1231 3014 bis
1265 2977 1340 3013 deni
1365 2977 1455 3013 orbis
1485 2983 1561 3013 sunt
1585 2982 1664 3012 vota
1687 2976 1741 3011 vi-

153 3027 316 3063 cennalia.
