<?xml version="1.0" encoding="UTF-8"?>
<!DOCTYPE html PUBLIC "-//W3C//DTD XHTML 1.0 Transitional//EN"
    "http://www.w3.org/TR/xhtml1/DTD/xhtml1-transitional.dtd">
<html xmlns="http://www.w3.org/1999/xhtml" xml:lang="en" lang="en">
 <head>
  <title>
</title>
<meta http-equiv="Content-Type" content="text/html;charset=utf-8" />
  <meta name='ocr-system' content='tesseract 3.04.00' />
  <meta name='ocr-capabilities' content='ocr_page ocr_carea ocr_par ocr_line ocrx_word'/>
</head>
<body>
  <div class='ocr_page' id='page_1' title='image "./handbuchderrmi0103zelluoft_0388.png"; bbox 0 0 1877 3313; ppageno 0'>
   <div class='ocr_carea' id='block_1_1' title="bbox 131 159 1285 211">
    <p class='ocr_par' dir='ltr' id='par_1_1' title="bbox 131 159 1285 211">
     <span class='ocr_line' id='line_1_1' title="bbox 131 159 1285 211; baseline -0.016 0"><span class='ocrx_word' id='word_1_1' title='bbox 131 168 216 211; x_wconf 81' lang='grc'>368</span> <span class='ocrx_word' id='word_1_2' title='bbox 580 162 686 197; x_wconf 84' lang='lat' dir='ltr'>Inser.</span> <span class='ocrx_word' id='word_1_3' title='bbox 709 162 880 208; x_wconf 79' lang='lat' dir='ltr'><strong>profanae.</strong></span> <span class='ocrx_word' id='word_1_4' title='bbox 929 159 1012 205; x_wconf 85' lang='lat' dir='ltr'>Cap.</span> <span class='ocrx_word' id='word_1_5' title='bbox 1036 159 1077 195; x_wconf 85' lang='lat'>11.</span> <span class='ocrx_word' id='word_1_6' title='bbox 1127 159 1285 195; x_wconf 83' lang='lat' dir='ltr'><strong>Tabulae.</strong></span> 
     </span>
    </p>
   </div>
   <div class='ocr_carea' id='block_1_2' title="bbox 133 262 1743 2315">
    <p class='ocr_par' dir='ltr' id='par_1_2' title="bbox 133 262 1735 1080">
     <span class='ocr_line' id='line_1_2' title="bbox 134 262 1727 323; baseline -0.006 -10"><span class='ocrx_word' id='word_1_7' title='bbox 134 272 262 317; x_wconf 85' lang='lat' dir='ltr'>Setrio</span> <span class='ocrx_word' id='word_1_8' title='bbox 293 270 334 311; x_wconf 92' lang='lat' dir='ltr'>L.</span> <span class='ocrx_word' id='word_1_9' title='bbox 367 269 407 310; x_wconf 89' lang='lat' dir='ltr'>F.</span> <span class='ocrx_word' id='word_1_10' title='bbox 437 267 516 309; x_wconf 89' lang='lat' dir='ltr'>Pal.</span> <span class='ocrx_word' id='word_1_11' title='bbox 536 265 573 323; x_wconf 84' lang='lat'>¹)</span> <span class='ocrx_word' id='word_1_12' title='bbox 605 268 755 320; x_wconf 82' lang='lat' dir='ltr'>Prisco,</span> <span class='ocrx_word' id='word_1_13' title='bbox 785 268 847 308; x_wconf 88' lang='lat'><em>1111</em></span> <span class='ocrx_word' id='word_1_14' title='bbox 860 267 930 307; x_wconf 85' lang='lat' dir='ltr'>vir.</span> <span class='ocrx_word' id='word_1_15' title='bbox 963 267 1044 315; x_wconf 78' lang='lat' dir='ltr'>OQ.</span> <span class='ocrx_word' id='word_1_16' title='bbox 1064 263 1105 321; x_wconf 76' lang='grc'>2)</span> <span class='ocrx_word' id='word_1_17' title='bbox 1139 266 1206 306; x_wconf 90' lang='lat' dir='ltr'>Cn.</span> <span class='ocrx_word' id='word_1_18' title='bbox 1228 263 1438 305; x_wconf 90' lang='lat' dir='ltr'>Domitium</span> <span class='ocrx_word' id='word_1_19' title='bbox 1469 262 1727 317; x_wconf 81' lang='lat' dir='ltr'>Polycarpum</span> 
     </span>
     <span class='ocr_line' id='line_1_3' title="bbox 134 322 1728 379; baseline -0.006 -8"><span class='ocrx_word' id='word_1_20' title='bbox 134 331 291 372; x_wconf 87' lang='lat' dir='ltr'>nomine</span> <span class='ocrx_word' id='word_1_21' title='bbox 321 341 396 370; x_wconf 93' lang='lat' dir='ltr'>suo</span> <span class='ocrx_word' id='word_1_22' title='bbox 429 331 469 368; x_wconf 85' lang='lat' dir='ltr'>et</span> <span class='ocrx_word' id='word_1_23' title='bbox 505 327 700 368; x_wconf 76' lang='lat' dir='ltr'>Domitiae</span> <span class='ocrx_word' id='word_1_24' title='bbox 740 326 922 378; x_wconf 86' lang='lat' dir='ltr'><strong>Europes</strong></span> <span class='ocrx_word' id='word_1_25' title='bbox 964 325 1145 379; x_wconf 83' lang='lat' dir='ltr'>coniugis</span> <span class='ocrx_word' id='word_1_26' title='bbox 1175 336 1276 365; x_wconf 88' lang='lat' dir='ltr'>suae</span> <span class='ocrx_word' id='word_1_27' title='bbox 1307 322 1452 364; x_wconf 81' lang='lat' dir='ltr'>offerre</span> <span class='ocrx_word' id='word_1_28' title='bbox 1485 322 1613 363; x_wconf 91' lang='lat' dir='ltr'>ordini</span> <span class='ocrx_word' id='word_1_29' title='bbox 1641 322 1728 362; x_wconf 90' lang='lat' dir='ltr'>De-</span> 
     </span>
     <span class='ocr_line' id='line_1_4' title="bbox 135 378 1728 439; baseline -0.006 -10"><span class='ocrx_word' id='word_1_30' title='bbox 135 390 338 430; x_wconf 90' lang='lat' dir='ltr'>curionum</span> <span class='ocrx_word' id='word_1_31' title='bbox 369 391 408 426; x_wconf 85' lang='lat' dir='ltr'>et</span> <span class='ocrx_word' id='word_1_32' title='bbox 437 385 616 427; x_wconf 87' lang='lat' dir='ltr'>Sevirum</span> <span class='ocrx_word' id='word_1_33' title='bbox 646 384 925 439; x_wconf 79' lang='lat' dir='ltr'><strong>Augustalium</strong></span> <span class='ocrx_word' id='word_1_34' title='bbox 955 381 1016 424; x_wconf 92' lang='lat' dir='ltr'>HS</span> <span class='ocrx_word' id='word_1_35' title='bbox 1048 383 1097 423; x_wconf 90' lang='lat' dir='ltr'>X.</span> <span class='ocrx_word' id='word_1_36' title='bbox 1130 383 1180 423; x_wconf 83' lang='lat' dir='ltr'>M.</span> <span class='ocrx_word' id='word_1_37' title='bbox 1212 382 1258 423; x_wconf 86' lang='grc' dir='ltr'>Ν.</span> <span class='ocrx_word' id='word_1_38' title='bbox 1275 379 1315 430; x_wconf 73' lang='grc'>3)</span> <span class='ocrx_word' id='word_1_39' title='bbox 1347 381 1478 434; x_wconf 86' lang='lat' dir='ltr'>quiam</span> <span class='ocrx_word' id='word_1_40' title='bbox 1492 378 1534 434; x_wconf 71' lang='lat'>4]</span> <span class='ocrx_word' id='word_1_41' title='bbox 1577 379 1728 433; x_wconf 87' lang='lat' dir='ltr'>pridem</span> 
     </span>
     <span class='ocr_line' id='line_1_5' title="bbox 134 438 1729 497; baseline -0.004 -11"><span class='ocrx_word' id='word_1_42' title='bbox 134 447 399 488; x_wconf 82' lang='lat' dir='ltr'><strong>exstruxisset</strong></span> <span class='ocrx_word' id='word_1_43' title='bbox 428 443 612 497; x_wconf 90' lang='lat' dir='ltr'>templum</span> <span class='ocrx_word' id='word_1_44' title='bbox 642 445 682 484; x_wconf 91' lang='lat' dir='ltr'>in</span> <span class='ocrx_word' id='word_1_45' title='bbox 713 444 902 484; x_wconf 85' lang='lat' dir='ltr'>honorem</span> <span class='ocrx_word' id='word_1_46' title='bbox 933 455 980 483; x_wconf 88' lang='lat' dir='ltr'>ae</span> <span class='ocrx_word' id='word_1_47' title='bbox 1016 442 1242 482; x_wconf 81' lang='lat' dir='ltr'>memoriam</span> <span class='ocrx_word' id='word_1_48' title='bbox 1272 440 1467 481; x_wconf 79' lang='lat' dir='ltr'>Domitiae</span> <span class='ocrx_word' id='word_1_49' title='bbox 1498 438 1729 480; x_wconf 86' lang='lat' dir='ltr'>Corbulonis</span> 
     </span>
     <span class='ocr_line' id='line_1_6' title="bbox 134 496 1730 556; baseline -0.006 -10"><span class='ocrx_word' id='word_1_50' title='bbox 134 506 185 546; x_wconf 86' lang='lat' dir='ltr'>fil.</span> <span class='ocrx_word' id='word_1_51' title='bbox 217 510 256 545; x_wconf 86' lang='lat' dir='ltr'>et</span> <span class='ocrx_word' id='word_1_52' title='bbox 286 504 361 545; x_wconf 90' lang='lat' dir='ltr'>hoc</span> <span class='ocrx_word' id='word_1_53' title='bbox 392 503 549 556; x_wconf 89' lang='lat' dir='ltr'>pietatis</span> <span class='ocrx_word' id='word_1_54' title='bbox 581 515 676 543; x_wconf 88' lang='lat' dir='ltr'>suae</span> <span class='ocrx_word' id='word_1_55' title='bbox 708 501 867 542; x_wconf 88' lang='lat' dir='ltr'>adfectu</span> <span class='ocrx_word' id='word_1_56' title='bbox 900 505 1068 542; x_wconf 76' lang='lat' dir='ltr'>exornet</span> <span class='ocrx_word' id='word_1_57' title='bbox 1101 505 1139 540; x_wconf 89' lang='lat' dir='ltr'>et</span> <span class='ocrx_word' id='word_1_58' title='bbox 1170 500 1371 540; x_wconf 89' lang='lat' dir='ltr'>meliorem</span> <span class='ocrx_word' id='word_1_59' title='bbox 1404 498 1520 538; x_wconf 87' lang='lat' dir='ltr'>faciat</span> <span class='ocrx_word' id='word_1_60' title='bbox 1551 496 1730 538; x_wconf 87' lang='lat' dir='ltr'>ordinem</span> 
     </span>
     <span class='ocr_line' id='line_1_7' title="bbox 133 558 1730 619; baseline -0.006 -14"><span class='ocrx_word' id='word_1_61' title='bbox 133 564 180 606; x_wconf 91' lang='lat' dir='ltr'>N.</span> <span class='ocrx_word' id='word_1_62' title='bbox 197 561 236 619; x_wconf 80' lang='lat'>⁵)</span> <span class='ocrx_word' id='word_1_63' title='bbox 269 562 433 617; x_wconf 83' lang='lat' dir='ltr'>singulis</span> <span class='ocrx_word' id='word_1_64' title='bbox 466 567 505 602; x_wconf 82' lang='lat' dir='ltr'>et</span> <span class='ocrx_word' id='word_1_65' title='bbox 536 561 610 601; x_wconf 89' lang='lat' dir='ltr'>iam</span> <span class='ocrx_word' id='word_1_66' title='bbox 642 561 920 612; x_wconf 87' lang='lat' dir='ltr'>universisque</span> <span class='ocrx_word' id='word_1_67' title='bbox 949 559 1145 613; x_wconf 84' lang='lat' dir='ltr'>prodesse</span> <span class='ocrx_word' id='word_1_68' title='bbox 1171 558 1343 608; x_wconf 85' lang='lat' dir='ltr'>festinet,</span> <span class='ocrx_word' id='word_1_69' title='bbox 1375 561 1414 598; x_wconf 87' lang='lat' dir='ltr'>at</span> <span class='ocrx_word' id='word_1_70' title='bbox 1445 569 1544 610; x_wconf 91' lang='lat' dir='ltr'>quos</span> <span class='ocrx_word' id='word_1_71' title='bbox 1576 568 1629 596; x_wconf 82' lang='lat' dir='ltr'>ex</span> <span class='ocrx_word' id='word_1_72' title='bbox 1657 568 1730 596; x_wconf 88' lang='lat' dir='ltr'>re-</span> 
     </span>
     <span class='ocr_line' id='line_1_8' title="bbox 136 613 1731 673; baseline -0.006 -9"><span class='ocrx_word' id='word_1_73' title='bbox 136 623 217 664; x_wconf 90' lang='lat' dir='ltr'>ditu</span> <span class='ocrx_word' id='word_1_74' title='bbox 248 623 333 663; x_wconf 87' lang='lat' dir='ltr'>eius</span> <span class='ocrx_word' id='word_1_75' title='bbox 364 621 556 673; x_wconf 87' lang='lat' dir='ltr'>pecuniae</span> <span class='ocrx_word' id='word_1_76' title='bbox 587 619 756 660; x_wconf 88' lang='lat' dir='ltr'>fructum</span> <span class='ocrx_word' id='word_1_77' title='bbox 788 630 946 671; x_wconf 80' lang='lat' dir='ltr'>semper</span> <span class='ocrx_word' id='word_1_78' title='bbox 977 617 1177 658; x_wconf 79' lang='lat' dir='ltr'>desideret</span> <span class='ocrx_word' id='word_1_79' title='bbox 1207 616 1430 669; x_wconf 76' lang='lat' dir='ltr'>pervenire,</span> <span class='ocrx_word' id='word_1_80' title='bbox 1463 613 1731 668; x_wconf 84' lang='lat' dir='ltr'>confugiendo</span> 
     </span>
     <span class='ocr_line' id='line_1_9' title="bbox 137 672 1733 731; baseline -0.006 -9"><span class='ocrx_word' id='word_1_81' title='bbox 137 681 187 723; x_wconf 89' lang='lat' dir='ltr'>ad</span> <span class='ocrx_word' id='word_1_82' title='bbox 218 684 418 722; x_wconf 77' lang='lat' dir='ltr'>aeternam</span> <span class='ocrx_word' id='word_1_83' title='bbox 448 678 638 731; x_wconf 86' lang='lat' dir='ltr'>rempubl.</span> <span class='ocrx_word' id='word_1_84' title='bbox 686 675 788 731; x_wconf 41' lang='grc' dir='ltr'>ΧΨ)</span> <span class='ocrx_word' id='word_1_85' title='bbox 824 676 1009 730; x_wconf 88' lang='lat' dir='ltr'>petendo,</span> <span class='ocrx_word' id='word_1_86' title='bbox 1041 681 1083 716; x_wconf 85' lang='lat' dir='ltr'>ut</span> <span class='ocrx_word' id='word_1_87' title='bbox 1114 675 1331 716; x_wconf 90' lang='lat' dir='ltr'>secundum</span> <span class='ocrx_word' id='word_1_88' title='bbox 1364 674 1587 728; x_wconf 80' lang='lat' dir='ltr'>exemplum</span> <span class='ocrx_word' id='word_1_89' title='bbox 1617 672 1733 714; x_wconf 90' lang='lat' dir='ltr'>codi-</span> 
     </span>
     <span class='ocr_line' id='line_1_10' title="bbox 139 732 1732 789; baseline -0.006 -8"><span class='ocrx_word' id='word_1_90' title='bbox 139 740 316 781; x_wconf 90' lang='lat' dir='ltr'>cillorum</span> <span class='ocrx_word' id='word_1_91' title='bbox 348 738 400 779; x_wconf 88' lang='lat' dir='ltr'>Cl.</span> <span class='ocrx_word' id='word_1_92' title='bbox 434 737 568 778; x_wconf 79' lang='lat' dir='ltr'>Vitalis</span> <span class='ocrx_word' id='word_1_93' title='bbox 599 736 847 789; x_wconf 77' lang='lat' dir='ltr'>stipulatione</span> <span class='ocrx_word' id='word_1_94' title='bbox 887 736 1114 788; x_wconf 88' lang='lat' dir='ltr'>interposita</span> <span class='ocrx_word' id='word_1_95' title='bbox 1158 734 1355 774; x_wconf 88' lang='lat' dir='ltr'>desiderio</span> <span class='ocrx_word' id='word_1_96' title='bbox 1396 745 1471 774; x_wconf 90' lang='lat' dir='ltr'>suo</span> <span class='ocrx_word' id='word_1_97' title='bbox 1513 732 1599 773; x_wconf 86' lang='lat' dir='ltr'>talis</span> <span class='ocrx_word' id='word_1_98' title='bbox 1630 744 1732 773; x_wconf 91' lang='lat' dir='ltr'>con-</span> 
     </span>
     <span class='ocr_line' id='line_1_11' title="bbox 139 788 1724 847; baseline -0.006 -8"><span class='ocrx_word' id='word_1_99' title='bbox 139 799 239 840; x_wconf 87' lang='lat' dir='ltr'>dicio</span> <span class='ocrx_word' id='word_1_100' title='bbox 272 797 578 847; x_wconf 83' lang='lat' dir='ltr'>decerneretur,</span> <span class='ocrx_word' id='word_1_101' title='bbox 619 801 661 836; x_wconf 89' lang='lat' dir='ltr'>ut</span> <span class='ocrx_word' id='word_1_102' title='bbox 704 808 755 834; x_wconf 86' lang='lat' dir='ltr'>ex</span> <span class='ocrx_word' id='word_1_103' title='bbox 795 793 924 834; x_wconf 88' lang='lat' dir='ltr'>reditu</span> <span class='ocrx_word' id='word_1_104' title='bbox 967 794 1051 834; x_wconf 89' lang='lat' dir='ltr'>eius</span> <span class='ocrx_word' id='word_1_105' title='bbox 1092 794 1286 846; x_wconf 87' lang='lat' dir='ltr'>pecuniae</span> <span class='ocrx_word' id='word_1_106' title='bbox 1318 791 1364 832; x_wconf 89' lang='lat' dir='ltr'>Ill</span> <span class='ocrx_word' id='word_1_107' title='bbox 1394 791 1485 832; x_wconf 90' lang='lat' dir='ltr'>Idus</span> <span class='ocrx_word' id='word_1_108' title='bbox 1516 788 1724 845; x_wconf 60' lang='lat' dir='ltr'>Febraffl)</span> 
     </span>
     <span class='ocr_line' id='line_1_12' title="bbox 137 848 1734 908; baseline -0.006 -9"><span class='ocrx_word' id='word_1_109' title='bbox 137 857 267 899; x_wconf 87' lang='lat' dir='ltr'>natale</span> <span class='ocrx_word' id='word_1_110' title='bbox 298 856 487 896; x_wconf 85' lang='lat' dir='ltr'>Domitiae</span> <span class='ocrx_word' id='word_1_111' title='bbox 517 854 792 908; x_wconf 88' lang='lat' dir='ltr'>praesentibus</span> <span class='ocrx_word' id='word_1_112' title='bbox 824 852 1076 893; x_wconf 86' lang='lat' dir='ltr'>Decurionib.</span> <span class='ocrx_word' id='word_1_113' title='bbox 1109 857 1147 892; x_wconf 88' lang='lat' dir='ltr'>et</span> <span class='ocrx_word' id='word_1_114' title='bbox 1179 848 1366 904; x_wconf 66' lang='lat' dir='ltr'>seva-,³3</span> <span class='ocrx_word' id='word_1_115' title='bbox 1400 849 1734 891; x_wconf 87' lang='lat' dir='ltr'>discumbentibus</span> 
     </span>
     <span class='ocr_line' id='line_1_13' title="bbox 136 909 1734 970; baseline -0.006 -12"><span class='ocrx_word' id='word_1_116' title='bbox 136 918 176 958; x_wconf 94' lang='lat' dir='ltr'>in</span> <span class='ocrx_word' id='word_1_117' title='bbox 207 915 365 970; x_wconf 88' lang='lat' dir='ltr'>publico</span> <span class='ocrx_word' id='word_1_118' title='bbox 396 914 534 966; x_wconf 82' lang='lat' dir='ltr'>aequis</span> <span class='ocrx_word' id='word_1_119' title='bbox 566 912 813 966; x_wconf 78' lang='lat' dir='ltr'>portionibus</span> <span class='ocrx_word' id='word_1_120' title='bbox 844 912 957 951; x_wconf 85' lang='lat' dir='ltr'>fieret</span> <span class='ocrx_word' id='word_1_121' title='bbox 988 909 1149 957; x_wconf 78' lang='lat' dir='ltr'>divisio:</span> <span class='ocrx_word' id='word_1_122' title='bbox 1180 911 1272 950; x_wconf 87' lang='lat' dir='ltr'>item</span> <span class='ocrx_word' id='word_1_123' title='bbox 1294 909 1370 950; x_wconf 87' lang='lat' dir='ltr'>hoc</span> <span class='ocrx_word' id='word_1_124' title='bbox 1402 909 1563 962; x_wconf 89' lang='lat' dir='ltr'>amplius</span> <span class='ocrx_word' id='word_1_125' title='bbox 1594 909 1634 949; x_wconf 93' lang='lat' dir='ltr'>in</span> <span class='ocrx_word' id='word_1_126' title='bbox 1665 913 1734 949; x_wconf 91' lang='lat' dir='ltr'>tu-</span> 
     </span>
     <span class='ocr_line' id='line_1_14' title="bbox 139 966 1735 1023; baseline -0.006 -7"><span class='ocrx_word' id='word_1_127' title='bbox 139 976 218 1017; x_wconf 82' lang='lat' dir='ltr'>tela</span> <span class='ocrx_word' id='word_1_128' title='bbox 256 978 294 1014; x_wconf 88' lang='lat' dir='ltr'>et</span> <span class='ocrx_word' id='word_1_129' title='bbox 335 972 607 1014; x_wconf 88' lang='lat' dir='ltr'>ornationibus</span> <span class='ocrx_word' id='word_1_130' title='bbox 648 971 779 1023; x_wconf 86' lang='lat' dir='ltr'>templi</span> <span class='ocrx_word' id='word_1_131' title='bbox 820 970 880 1011; x_wconf 82' lang='lat' dir='ltr'>Hs</span> <span class='ocrx_word' id='word_1_132' title='bbox 914 969 956 1009; x_wconf 81' lang='lat' dir='ltr'>V.</span> <span class='ocrx_word' id='word_1_133' title='bbox 989 969 1038 1009; x_wconf 82' lang='lat' dir='ltr'>M.</span> <span class='ocrx_word' id='word_1_134' title='bbox 1071 966 1170 1021; x_wconf 52' lang='lat' dir='ltr'>Nst’)</span> <span class='ocrx_word' id='word_1_135' title='bbox 1204 969 1277 1010; x_wconf 90' lang='lat' dir='ltr'>sub</span> <span class='ocrx_word' id='word_1_136' title='bbox 1320 966 1459 1008; x_wconf 84' lang='lat' dir='ltr'>eadem</span> <span class='ocrx_word' id='word_1_137' title='bbox 1500 966 1735 1010; x_wconf 87' lang='lat' dir='ltr'>condicione</span> 
     </span>
     <span class='ocr_line' id='line_1_15' title="bbox 139 1024 1296 1080; baseline -0.009 -5"><span class='ocrx_word' id='word_1_138' title='bbox 139 1034 316 1075; x_wconf 79' lang='lat' dir='ltr'>inferret.</span> <span class='ocrx_word' id='word_1_139' title='bbox 359 1032 404 1079; x_wconf 81' lang='lat' dir='ltr'>Q.</span> <span class='ocrx_word' id='word_1_140' title='bbox 436 1031 482 1072; x_wconf 90' lang='lat' dir='ltr'>D.</span> <span class='ocrx_word' id='word_1_141' title='bbox 516 1030 558 1071; x_wconf 90' lang='lat' dir='ltr'>E.</span> <span class='ocrx_word' id='word_1_142' title='bbox 590 1031 635 1070; x_wconf 91' lang='lat' dir='ltr'>R.</span> <span class='ocrx_word' id='word_1_143' title='bbox 668 1029 708 1069; x_wconf 88' lang='lat' dir='ltr'>F.</span> <span class='ocrx_word' id='word_1_144' title='bbox 742 1030 780 1069; x_wconf 87' lang='lat' dir='ltr'>P.</span> <span class='ocrx_word' id='word_1_145' title='bbox 814 1028 857 1068; x_wconf 89' lang='lat' dir='ltr'>D.</span> <span class='ocrx_word' id='word_1_146' title='bbox 891 1028 934 1069; x_wconf 92' lang='lat' dir='ltr'>E.</span> <span class='ocrx_word' id='word_1_147' title='bbox 966 1028 1010 1068; x_wconf 74' lang='lat' dir='ltr'>fl.</span> <span class='ocrx_word' id='word_1_148' title='bbox 1045 1029 1071 1068; x_wconf 92' lang='lat'>1.</span> <span class='ocrx_word' id='word_1_149' title='bbox 1104 1028 1146 1067; x_wconf 78' lang='lat' dir='ltr'>T.</span> <span class='ocrx_word' id='word_1_150' title='bbox 1181 1027 1220 1066; x_wconf 82' lang='lat' dir='ltr'>C.</span> <span class='ocrx_word' id='word_1_151' title='bbox 1242 1024 1296 1080; x_wconf 79' lang='lat'>¹⁰)</span> 
     </span>
    </p>

    <p class='ocr_par' dir='ltr' id='par_1_3' title="bbox 140 1083 1739 1545">
     <span class='ocr_line' id='line_1_16' title="bbox 278 1083 1736 1139; baseline -0.004 -8"><span class='ocrx_word' id='word_1_152' title='bbox 278 1091 438 1131; x_wconf 85' lang='lat' dir='ltr'>Placere</span> <span class='ocrx_word' id='word_1_153' title='bbox 470 1088 666 1130; x_wconf 83' lang='lat' dir='ltr'>universis</span> <span class='ocrx_word' id='word_1_154' title='bbox 697 1087 913 1128; x_wconf 79' lang='lat' dir='ltr'>secundum</span> <span class='ocrx_word' id='word_1_155' title='bbox 946 1087 1175 1127; x_wconf 76' lang='lat' dir='ltr'>relationem</span> <span class='ocrx_word' id='word_1_156' title='bbox 1207 1085 1243 1125; x_wconf 88' lang='lat' dir='ltr'>S.</span> <span class='ocrx_word' id='word_1_157' title='bbox 1278 1086 1315 1126; x_wconf 76' lang='lat' dir='ltr'>S.</span> <span class='ocrx_word' id='word_1_158' title='bbox 1336 1083 1391 1139; x_wconf 82' lang='lat'>¹¹]</span> <span class='ocrx_word' id='word_1_159' title='bbox 1423 1086 1630 1138; x_wconf 78' lang='lat' dir='ltr'>pecuniarii</span> <span class='ocrx_word' id='word_1_160' title='bbox 1662 1098 1736 1126; x_wconf 89' lang='lat' dir='ltr'>ac-</span> 
     </span>
     <span class='ocr_line' id='line_1_17' title="bbox 141 1143 1735 1205; baseline -0.005 -13"><span class='ocrx_word' id='word_1_161' title='bbox 141 1151 217 1205; x_wconf 89' lang='lat' dir='ltr'>cipi</span> <span class='ocrx_word' id='word_1_162' title='bbox 246 1149 520 1203; x_wconf 80' lang='lat' dir='ltr'>praestarique</span> <span class='ocrx_word' id='word_1_163' title='bbox 552 1148 588 1187; x_wconf 91' lang='lat' dir='ltr'>in</span> <span class='ocrx_word' id='word_1_164' title='bbox 620 1151 875 1200; x_wconf 78' lang='lat' dir='ltr'>perpetuum,</span> <span class='ocrx_word' id='word_1_165' title='bbox 908 1150 949 1186; x_wconf 86' lang='lat' dir='ltr'>ut</span> <span class='ocrx_word' id='word_1_166' title='bbox 982 1145 1252 1185; x_wconf 85' lang='lat' dir='ltr'>celebraretur</span> <span class='ocrx_word' id='word_1_167' title='bbox 1283 1143 1420 1184; x_wconf 86' lang='lat' dir='ltr'>natalis</span> <span class='ocrx_word' id='word_1_168' title='bbox 1453 1143 1538 1185; x_wconf 81' lang='lat' dir='ltr'>(lies</span> <span class='ocrx_word' id='word_1_169' title='bbox 1569 1157 1616 1184; x_wconf 88' lang='lat' dir='ltr'>ae</span> <span class='ocrx_word' id='word_1_170' title='bbox 1646 1156 1735 1184; x_wconf 88' lang='lat' dir='ltr'>me-</span> 
     </span>
     <span class='ocr_line' id='line_1_18' title="bbox 141 1202 1736 1251; baseline -0.006 0"><span class='ocrx_word' id='word_1_171' title='bbox 141 1210 264 1251; x_wconf 89' lang='lat' dir='ltr'>moria</span> <span class='ocrx_word' id='word_1_172' title='bbox 296 1208 490 1249; x_wconf 79' lang='lat' dir='ltr'>Domitiae</span> <span class='ocrx_word' id='word_1_173' title='bbox 522 1205 755 1247; x_wconf 81' lang='lat' dir='ltr'>Corbulonis</span> <span class='ocrx_word' id='word_1_174' title='bbox 788 1205 835 1245; x_wconf 85' lang='lat' dir='ltr'>til.</span> <span class='ocrx_word' id='word_1_175' title='bbox 869 1209 907 1244; x_wconf 89' lang='lat' dir='ltr'>ct</span> <span class='ocrx_word' id='word_1_176' title='bbox 939 1216 990 1244; x_wconf 75' lang='lat' dir='ltr'>ex</span> <span class='ocrx_word' id='word_1_177' title='bbox 1028 1203 1152 1245; x_wconf 90' lang='lat' dir='ltr'>reditu</span> <span class='ocrx_word' id='word_1_178' title='bbox 1184 1202 1254 1243; x_wconf 89' lang='lat' dir='ltr'>HS.</span> <span class='ocrx_word' id='word_1_179' title='bbox 1288 1202 1335 1242; x_wconf 81' lang='lat' dir='ltr'>X.</span> <span class='ocrx_word' id='word_1_180' title='bbox 1367 1203 1416 1242; x_wconf 83' lang='lat' dir='ltr'>M.</span> <span class='ocrx_word' id='word_1_181' title='bbox 1448 1202 1494 1242; x_wconf 89' lang='lat' dir='ltr'>N.</span> <span class='ocrx_word' id='word_1_182' title='bbox 1529 1202 1736 1243; x_wconf 85' lang='lat' dir='ltr'>divisioni-</span> 
     </span>
     <span class='ocr_line' id='line_1_19' title="bbox 140 1261 1737 1315; baseline -0.004 -6"><span class='ocrx_word' id='word_1_183' title='bbox 140 1270 216 1310; x_wconf 85' lang='lat' dir='ltr'>bus</span> <span class='ocrx_word' id='word_1_184' title='bbox 254 1266 368 1308; x_wconf 88' lang='lat' dir='ltr'>factis</span> <span class='ocrx_word' id='word_1_185' title='bbox 410 1266 727 1306; x_wconf 87' lang='lat' dir='ltr'>discumberetur</span> <span class='ocrx_word' id='word_1_186' title='bbox 766 1264 803 1303; x_wconf 89' lang='lat' dir='ltr'>in</span> <span class='ocrx_word' id='word_1_187' title='bbox 844 1262 948 1315; x_wconf 86' lang='lat' dir='ltr'>publ.</span> <span class='ocrx_word' id='word_1_188' title='bbox 993 1267 1031 1302; x_wconf 92' lang='lat' dir='ltr'>et</span> <span class='ocrx_word' id='word_1_189' title='bbox 1069 1263 1101 1302; x_wconf 86' lang='lat' dir='ltr'>si</span> <span class='ocrx_word' id='word_1_190' title='bbox 1134 1261 1214 1302; x_wconf 88' lang='lat' dir='ltr'>ullo</span> <span class='ocrx_word' id='word_1_191' title='bbox 1253 1266 1431 1314; x_wconf 84' lang='lat' dir='ltr'>tempore</span> <span class='ocrx_word' id='word_1_192' title='bbox 1472 1261 1737 1302; x_wconf 89' lang='lat' dir='ltr'>intermissum</span> 
     </span>
     <span class='ocr_line' id='line_1_20' title="bbox 143 1319 1736 1378; baseline -0.006 -9"><span class='ocrx_word' id='word_1_193' title='bbox 143 1331 264 1376; x_wconf 79' lang='lat' dir='ltr'>esset,</span> <span class='ocrx_word' id='word_1_194' title='bbox 297 1338 375 1378; x_wconf 90' lang='lat' dir='ltr'>quo</span> <span class='ocrx_word' id='word_1_195' title='bbox 408 1325 534 1365; x_wconf 88' lang='lat' dir='ltr'>minus</span> <span class='ocrx_word' id='word_1_196' title='bbox 567 1327 849 1375; x_wconf 83' lang='lat' dir='ltr'>praestaretur,</span> <span class='ocrx_word' id='word_1_197' title='bbox 880 1321 916 1360; x_wconf 85' lang='lat' dir='ltr'>id</span> <span class='ocrx_word' id='word_1_198' title='bbox 950 1320 1053 1373; x_wconf 79' lang='lat' dir='ltr'>quod</span> <span class='ocrx_word' id='word_1_199' title='bbox 1078 1319 1178 1361; x_wconf 89' lang='lat' dir='ltr'>ordo</span> <span class='ocrx_word' id='word_1_200' title='bbox 1201 1320 1462 1370; x_wconf 83' lang='lat' dir='ltr'>decrevisset,</span> <span class='ocrx_word' id='word_1_201' title='bbox 1493 1325 1559 1360; x_wconf 88' lang='lat' dir='ltr'>aut</span> <span class='ocrx_word' id='word_1_202' title='bbox 1580 1320 1615 1360; x_wconf 92' lang='lat' dir='ltr'>si</span> <span class='ocrx_word' id='word_1_203' title='bbox 1637 1319 1736 1361; x_wconf 88' lang='lat' dir='ltr'>ordo</span> 
     </span>
     <span class='ocr_line' id='line_1_21' title="bbox 140 1378 1739 1430; baseline -0.004 -4"><span class='ocrx_word' id='word_1_204' title='bbox 140 1385 372 1427; x_wconf 83' lang='lat' dir='ltr'>rescidisset</span> <span class='ocrx_word' id='word_1_205' title='bbox 403 1383 605 1423; x_wconf 85' lang='lat' dir='ltr'>decretum</span> <span class='ocrx_word' id='word_1_206' title='bbox 636 1394 748 1422; x_wconf 89' lang='lat' dir='ltr'>suum</span> <span class='ocrx_word' id='word_1_207' title='bbox 782 1384 1021 1420; x_wconf 75' lang='lat' dir='ltr'>mutassetve</span> <span class='ocrx_word' id='word_1_208' title='bbox 1053 1378 1341 1430; x_wconf 74' lang='lat' dir='ltr'>condicionmn,</span> <span class='ocrx_word' id='word_1_209' title='bbox 1375 1383 1454 1419; x_wconf 89' lang='lat' dir='ltr'>tum</span> <span class='ocrx_word' id='word_1_210' title='bbox 1476 1379 1604 1418; x_wconf 89' lang='lat' dir='ltr'>omnis</span> <span class='ocrx_word' id='word_1_211' title='bbox 1626 1391 1739 1419; x_wconf 91' lang='lat' dir='ltr'>sum-</span> 
     </span>
     <span class='ocr_line' id='line_1_22' title="bbox 143 1437 1738 1495; baseline -0.004 -11"><span class='ocrx_word' id='word_1_212' title='bbox 143 1457 219 1493; x_wconf 83' lang='lat' dir='ltr'>ma,</span> <span class='ocrx_word' id='word_1_213' title='bbox 252 1455 355 1495; x_wconf 87' lang='lat' dir='ltr'>quae</span> <span class='ocrx_word' id='word_1_214' title='bbox 386 1442 425 1481; x_wconf 90' lang='lat' dir='ltr'>iu</span> <span class='ocrx_word' id='word_1_215' title='bbox 457 1441 556 1482; x_wconf 87' lang='lat' dir='ltr'>hanc</span> <span class='ocrx_word' id='word_1_216' title='bbox 587 1453 671 1480; x_wconf 89' lang='lat' dir='ltr'>rem</span> <span class='ocrx_word' id='word_1_217' title='bbox 702 1443 862 1491; x_wconf 84' lang='lat' dir='ltr'>accepta</span> <span class='ocrx_word' id='word_1_218' title='bbox 893 1443 1013 1489; x_wconf 84' lang='lat' dir='ltr'>esset,</span> <span class='ocrx_word' id='word_1_219' title='bbox 1046 1438 1181 1478; x_wconf 84' lang='lat' dir='ltr'>eadem</span> <span class='ocrx_word' id='word_1_220' title='bbox 1215 1437 1450 1478; x_wconf 90' lang='lat' dir='ltr'>condicione</span> <span class='ocrx_word' id='word_1_221' title='bbox 1480 1437 1738 1490; x_wconf 87' lang='lat' dir='ltr'>municipibus</span> 
     </span>
     <span class='ocr_line' id='line_1_23' title="bbox 141 1499 981 1545; baseline -0.011 0"><span class='ocrx_word' id='word_1_222' title='bbox 141 1501 373 1545; x_wconf 84' lang='lat' dir='ltr'>Tusculanis</span> <span class='ocrx_word' id='word_1_223' title='bbox 407 1499 613 1541; x_wconf 82' lang='lat' dir='ltr'>confestim</span> <span class='ocrx_word' id='word_1_224' title='bbox 645 1502 981 1538; x_wconf 84' lang='lat' dir='ltr'>renumeraretur.</span> 
     </span>
    </p>

    <p class='ocr_par' dir='ltr' id='par_1_4' title="bbox 143 1554 1743 2315">
     <span class='ocr_line' id='line_1_24' title="bbox 280 1554 1741 1609; baseline -0.003 -10"><span class='ocrx_word' id='word_1_225' title='bbox 280 1559 366 1600; x_wconf 81' lang='lat' dir='ltr'>Hoc</span> <span class='ocrx_word' id='word_1_226' title='bbox 396 1557 599 1598; x_wconf 87' lang='lat' dir='ltr'>decretum</span> <span class='ocrx_word' id='word_1_227' title='bbox 631 1561 721 1609; x_wconf 88' lang='lat' dir='ltr'>post</span> <span class='ocrx_word' id='word_1_228' title='bbox 751 1561 832 1596; x_wconf 88' lang='lat' dir='ltr'>tres</span> <span class='ocrx_word' id='word_1_229' title='bbox 860 1556 1072 1596; x_wconf 80' lang='lat' dir='ltr'>relationes</span> <span class='ocrx_word' id='word_1_230' title='bbox 1101 1555 1244 1608; x_wconf 79' lang='lat' dir='ltr'>placuit</span> <span class='ocrx_word' id='word_1_231' title='bbox 1269 1556 1306 1595; x_wconf 92' lang='lat' dir='ltr'>in</span> <span class='ocrx_word' id='word_1_232' title='bbox 1329 1555 1456 1596; x_wconf 87' lang='lat' dir='ltr'>tabula</span> <span class='ocrx_word' id='word_1_233' title='bbox 1482 1567 1599 1596; x_wconf 87' lang='lat' dir='ltr'>aerea</span> <span class='ocrx_word' id='word_1_234' title='bbox 1621 1554 1741 1596; x_wconf 89' lang='lat' dir='ltr'>scribi</span> 
     </span>
     <span class='ocr_line' id='line_1_25' title="bbox 145 1613 1740 1674; baseline -0.005 -14"><span class='ocrx_word' id='word_1_235' title='bbox 145 1625 185 1661; x_wconf 88' lang='lat' dir='ltr'>et</span> <span class='ocrx_word' id='word_1_236' title='bbox 214 1618 381 1674; x_wconf 88' lang='lat' dir='ltr'>proponi</span> <span class='ocrx_word' id='word_1_237' title='bbox 412 1617 450 1656; x_wconf 90' lang='lat' dir='ltr'>in</span> <span class='ocrx_word' id='word_1_238' title='bbox 481 1615 663 1669; x_wconf 74' lang='lat' dir='ltr'>publico,</span> <span class='ocrx_word' id='word_1_239' title='bbox 703 1614 808 1655; x_wconf 84' lang='lat' dir='ltr'>unde</span> <span class='ocrx_word' id='word_1_240' title='bbox 840 1613 889 1654; x_wconf 88' lang='lat' dir='ltr'>‹le</span> <span class='ocrx_word' id='word_1_241' title='bbox 919 1613 1035 1667; x_wconf 90' lang='lat' dir='ltr'>plano</span> <span class='ocrx_word' id='word_1_242' title='bbox 1067 1619 1178 1654; x_wconf 90' lang='lat' dir='ltr'>recte</span> <span class='ocrx_word' id='word_1_243' title='bbox 1210 1614 1288 1667; x_wconf 84' lang='lat' dir='ltr'>legi</span> <span class='ocrx_word' id='word_1_244' title='bbox 1320 1615 1454 1667; x_wconf 88' lang='lat' dir='ltr'>possit.</span> <span class='ocrx_word' id='word_1_245' title='bbox 1491 1637 1539 1641; x_wconf 75' lang='lat'>——</span> <span class='ocrx_word' id='word_1_246' title='bbox 1573 1616 1611 1653; x_wconf 89' lang='lat' dir='ltr'>Iu</span> <span class='ocrx_word' id='word_1_247' title='bbox 1642 1627 1740 1653; x_wconf 84' lang='lat' dir='ltr'>mar-</span> 
     </span>
     <span class='ocr_line' id='line_1_26' title="bbox 144 1674 1741 1727; baseline -0.006 -8"><span class='ocrx_word' id='word_1_248' title='bbox 144 1692 247 1719; x_wconf 88' lang='lat' dir='ltr'>more</span> <span class='ocrx_word' id='word_1_249' title='bbox 277 1683 428 1727; x_wconf 81' lang='lat' dir='ltr'>quatuor</span> <span class='ocrx_word' id='word_1_250' title='bbox 460 1678 599 1726; x_wconf 88' lang='lat' dir='ltr'>palmos</span> <span class='ocrx_word' id='word_1_251' title='bbox 631 1677 727 1721; x_wconf 89' lang='lat' dir='ltr'>alto,</span> <span class='ocrx_word' id='word_1_252' title='bbox 771 1675 928 1712; x_wconf 82' lang='lat' dir='ltr'>sedecim</span> <span class='ocrx_word' id='word_1_253' title='bbox 970 1675 1106 1723; x_wconf 82' lang='lat' dir='ltr'>palmos</span> <span class='ocrx_word' id='word_1_254' title='bbox 1140 1675 1276 1722; x_wconf 79' lang='lat' dir='ltr'>longo,</span> <span class='ocrx_word' id='word_1_255' title='bbox 1317 1676 1413 1722; x_wconf 88' lang='lat' dir='ltr'>quod</span> <span class='ocrx_word' id='word_1_256' title='bbox 1444 1674 1548 1712; x_wconf 85' lang='lat' dir='ltr'>limen</span> <span class='ocrx_word' id='word_1_257' title='bbox 1580 1675 1741 1723; x_wconf 88' lang='lat' dir='ltr'>superius</span> 
     </span>
     <span class='ocr_line' id='line_1_27' title="bbox 145 1733 1741 1786; baseline -0.004 -9"><span class='ocrx_word' id='word_1_258' title='bbox 145 1744 223 1777; x_wconf 83' lang='lat' dir='ltr'>erat</span> <span class='ocrx_word' id='word_1_259' title='bbox 260 1738 294 1775; x_wconf 90' lang='lat' dir='ltr'>in</span> <span class='ocrx_word' id='word_1_260' title='bbox 332 1741 436 1786; x_wconf 88' lang='lat' dir='ltr'>porta</span> <span class='ocrx_word' id='word_1_261' title='bbox 478 1736 599 1783; x_wconf 88' lang='lat' dir='ltr'>templi</span> <span class='ocrx_word' id='word_1_262' title='bbox 639 1735 672 1771; x_wconf 92' lang='lat' dir='ltr'>in</span> <span class='ocrx_word' id='word_1_263' title='bbox 715 1735 889 1772; x_wconf 87' lang='lat' dir='ltr'>bonorem</span> <span class='ocrx_word' id='word_1_264' title='bbox 927 1734 1118 1770; x_wconf 85' lang='lat' dir='ltr'>memoriae</span> <span class='ocrx_word' id='word_1_265' title='bbox 1160 1735 1283 1770; x_wconf 90' lang='lat' dir='ltr'>domus</span> <span class='ocrx_word' id='word_1_266' title='bbox 1316 1733 1491 1770; x_wconf 85' lang='lat' dir='ltr'>Domitiae</span> <span class='ocrx_word' id='word_1_267' title='bbox 1533 1745 1553 1770; x_wconf 87' lang='lat' dir='ltr'>a</span> <span class='ocrx_word' id='word_1_268' title='bbox 1585 1733 1741 1770; x_wconf 89' lang='lat' dir='ltr'>Domitio</span> 
     </span>
     <span class='ocr_line' id='line_1_28' title="bbox 143 1792 1739 1845; baseline -0.005 -9"><span class='ocrx_word' id='word_1_269' title='bbox 143 1799 346 1845; x_wconf 76' lang='lat' dir='ltr'>Polycarpo</span> <span class='ocrx_word' id='word_1_270' title='bbox 379 1800 415 1832; x_wconf 84' lang='lat' dir='ltr'>et</span> <span class='ocrx_word' id='word_1_271' title='bbox 456 1794 606 1831; x_wconf 88' lang='lat' dir='ltr'>Domitia</span> <span class='ocrx_word' id='word_1_272' title='bbox 644 1794 787 1841; x_wconf 86' lang='lat' dir='ltr'>Europe</span> <span class='ocrx_word' id='word_1_273' title='bbox 819 1793 973 1840; x_wconf 86' lang='lat' dir='ltr'>coniuge</span> <span class='ocrx_word' id='word_1_274' title='bbox 1017 1792 1151 1828; x_wconf 81' lang='lat' dir='ltr'>libertis</span> <span class='ocrx_word' id='word_1_275' title='bbox 1184 1793 1367 1829; x_wconf 75' lang='lat' dir='ltr'>exstructi.</span> <span class='ocrx_word' id='word_1_276' title='bbox 1414 1792 1555 1829; x_wconf 87' lang='lat' dir='ltr'>Priores</span> <span class='ocrx_word' id='word_1_277' title='bbox 1587 1792 1739 1840; x_wconf 88' lang='lat' dir='ltr'>iuscrip-</span> 
     </span>
     <span class='ocr_line' id='line_1_29' title="bbox 144 1851 1740 1900; baseline -0.005 -6"><span class='ocrx_word' id='word_1_278' title='bbox 144 1857 249 1894; x_wconf 83' lang='lat' dir='ltr'>tionis</span> <span class='ocrx_word' id='word_1_279' title='bbox 281 1867 403 1892; x_wconf 89' lang='lat' dir='ltr'>versus</span> <span class='ocrx_word' id='word_1_280' title='bbox 442 1853 700 1889; x_wconf 84' lang='lat' dir='ltr'>dedicationem</span> <span class='ocrx_word' id='word_1_281' title='bbox 733 1852 852 1900; x_wconf 89' lang='lat' dir='ltr'>templi</span> <span class='ocrx_word' id='word_1_282' title='bbox 884 1851 1067 1887; x_wconf 87' lang='lat' dir='ltr'>continent</span> <span class='ocrx_word' id='word_1_283' title='bbox 1098 1852 1140 1887; x_wconf 89' lang='lat' dir='ltr'>ab</span> <span class='ocrx_word' id='word_1_284' title='bbox 1168 1851 1219 1887; x_wconf 83' lang='lat' dir='ltr'>his</span> <span class='ocrx_word' id='word_1_285' title='bbox 1247 1851 1380 1887; x_wconf 85' lang='lat' dir='ltr'>libertis</span> <span class='ocrx_word' id='word_1_286' title='bbox 1408 1851 1612 1888; x_wconf 83' lang='lat' dir='ltr'>Domitianis</span> <span class='ocrx_word' id='word_1_287' title='bbox 1634 1851 1740 1895; x_wconf 86' lang='lat' dir='ltr'>facti,</span> 
     </span>
     <span class='ocr_line' id='line_1_30' title="bbox 144 1909 1741 1963; baseline -0.004 -11"><span class='ocrx_word' id='word_1_288' title='bbox 144 1915 302 1963; x_wconf 88' lang='lat' dir='ltr'>sequitur</span> <span class='ocrx_word' id='word_1_289' title='bbox 333 1912 462 1950; x_wconf 87' lang='lat' dir='ltr'>deinde</span> <span class='ocrx_word' id='word_1_290' title='bbox 495 1912 678 1948; x_wconf 89' lang='lat' dir='ltr'>decretum</span> <span class='ocrx_word' id='word_1_291' title='bbox 711 1910 948 1947; x_wconf 87' lang='lat' dir='ltr'>Decurionum</span> <span class='ocrx_word' id='word_1_292' title='bbox 981 1909 1215 1955; x_wconf 75' lang='lat' dir='ltr'>Gabinorum,</span> <span class='ocrx_word' id='word_1_293' title='bbox 1249 1921 1319 1957; x_wconf 89' lang='lat' dir='ltr'>quo</span> <span class='ocrx_word' id='word_1_294' title='bbox 1351 1921 1408 1946; x_wconf 88' lang='lat' dir='ltr'>res</span> <span class='ocrx_word' id='word_1_295' title='bbox 1440 1909 1578 1957; x_wconf 87' lang='lat' dir='ltr'>publica</span> <span class='ocrx_word' id='word_1_296' title='bbox 1610 1909 1741 1946; x_wconf 85' lang='lat' dir='ltr'>Gabina</span> 
     </span>
     <span class='ocr_line' id='line_1_31' title="bbox 144 1968 1742 2023; baseline -0.004 -12"><span class='ocrx_word' id='word_1_297' title='bbox 144 1973 329 2023; x_wconf 86' lang='lat' dir='ltr'>pecuniam</span> <span class='ocrx_word' id='word_1_298' title='bbox 362 1985 380 2008; x_wconf 86' lang='lat' dir='ltr'>a</span> <span class='ocrx_word' id='word_1_299' title='bbox 412 1970 565 2007; x_wconf 91' lang='lat' dir='ltr'>Domitio</span> <span class='ocrx_word' id='word_1_300' title='bbox 599 1969 799 2017; x_wconf 66' lang='lat' dir='ltr'>Polycarpo</span> <span class='ocrx_word' id='word_1_301' title='bbox 829 1973 865 2004; x_wconf 80' lang='lat' dir='ltr'>ct</span> <span class='ocrx_word' id='word_1_302' title='bbox 893 1968 1047 2013; x_wconf 81' lang='lat' dir='ltr'>coniuge</span> <span class='ocrx_word' id='word_1_303' title='bbox 1074 1968 1138 2004; x_wconf 82' lang='lat' dir='ltr'>sibi</span> <span class='ocrx_word' id='word_1_304' title='bbox 1166 1969 1320 2004; x_wconf 86' lang='lat' dir='ltr'>oblatam</span> <span class='ocrx_word' id='word_1_305' title='bbox 1348 1968 1475 2016; x_wconf 86' lang='lat' dir='ltr'>accipit</span> <span class='ocrx_word' id='word_1_306' title='bbox 1496 1973 1601 2016; x_wconf 87' lang='lat' dir='ltr'>atque</span> <span class='ocrx_word' id='word_1_307' title='bbox 1622 1968 1742 2016; x_wconf 86' lang='lat' dir='ltr'>templi</span> 
     </span>
     <span class='ocr_line' id='line_1_32' title="bbox 145 2027 1742 2075; baseline -0.005 -5"><span class='ocrx_word' id='word_1_308' title='bbox 145 2033 290 2070; x_wconf 86' lang='lat' dir='ltr'>tutelam</span> <span class='ocrx_word' id='word_1_309' title='bbox 322 2035 358 2068; x_wconf 82' lang='lat' dir='ltr'>et</span> <span class='ocrx_word' id='word_1_310' title='bbox 389 2030 481 2066; x_wconf 89' lang='lat' dir='ltr'>diem</span> <span class='ocrx_word' id='word_1_311' title='bbox 513 2029 663 2066; x_wconf 82' lang='lat' dir='ltr'>natalem</span> <span class='ocrx_word' id='word_1_312' title='bbox 696 2027 871 2064; x_wconf 84' lang='lat' dir='ltr'>Domitiae</span> <span class='ocrx_word' id='word_1_313' title='bbox 903 2027 1112 2063; x_wconf 75' lang='lat' dir='ltr'>Corbulonis</span> <span class='ocrx_word' id='word_1_314' title='bbox 1139 2027 1230 2062; x_wconf 79' lang='lat' dir='ltr'>litiae</span> <span class='ocrx_word' id='word_1_315' title='bbox 1257 2027 1290 2063; x_wconf 87' lang='lat' dir='ltr'>in</span> <span class='ocrx_word' id='word_1_316' title='bbox 1318 2031 1530 2075; x_wconf 87' lang='lat' dir='ltr'>perpetuum</span> <span class='ocrx_word' id='word_1_317' title='bbox 1552 2027 1742 2063; x_wconf 85' lang='lat' dir='ltr'>celebrau-</span> 
     </span>
     <span class='ocr_line' id='line_1_33' title="bbox 145 2084 1743 2139; baseline -0.004 -11"><span class='ocrx_word' id='word_1_318' title='bbox 145 2092 226 2128; x_wconf 88' lang='lat' dir='ltr'>dum</span> <span class='ocrx_word' id='word_1_319' title='bbox 256 2094 425 2139; x_wconf 84' lang='lat' dir='ltr'>praestat.</span> <span class='ocrx_word' id='word_1_320' title='bbox 485 2088 618 2124; x_wconf 85' lang='lat' dir='ltr'>Primus</span> <span class='ocrx_word' id='word_1_321' title='bbox 652 2086 763 2123; x_wconf 83' lang='lat' dir='ltr'>edidit</span> <span class='ocrx_word' id='word_1_322' title='bbox 795 2090 832 2122; x_wconf 86' lang='lat' dir='ltr'>et</span> <span class='ocrx_word' id='word_1_323' title='bbox 863 2084 1116 2122; x_wconf 88' lang='lat' dir='ltr'>commentario</span> <span class='ocrx_word' id='word_1_324' title='bbox 1149 2086 1338 2122; x_wconf 84' lang='lat' dir='ltr'>illustravit</span> <span class='ocrx_word' id='word_1_325' title='bbox 1370 2086 1431 2122; x_wconf 86' lang='lat' dir='ltr'>En.</span> <span class='ocrx_word' id='word_1_326' title='bbox 1460 2085 1554 2130; x_wconf 86' lang='lat' dir='ltr'>Quir.</span> <span class='ocrx_word' id='word_1_327' title='bbox 1583 2085 1743 2122; x_wconf 81' lang='lat' dir='ltr'>Visconti</span> 
     </span>
     <span class='ocr_line' id='line_1_34' title="bbox 145 2143 1742 2202; baseline -0.004 -16"><span class='ocrx_word' id='word_1_328' title='bbox 145 2145 386 2202; x_wconf 81' lang='lat' dir='ltr'>[Monumenti</span> <span class='ocrx_word' id='word_1_329' title='bbox 416 2147 550 2185; x_wconf 84' lang='lat' dir='ltr'>Gabini.</span> <span class='ocrx_word' id='word_1_330' title='bbox 596 2146 694 2182; x_wconf 82' lang='lat' dir='ltr'>Rom.</span> <span class='ocrx_word' id='word_1_331' title='bbox 732 2145 855 2181; x_wconf 73' lang='grc'>1797.</span> <span class='ocrx_word' id='word_1_332' title='bbox 887 2157 920 2192; x_wconf 88' lang='lat' dir='ltr'>p.</span> <span class='ocrx_word' id='word_1_333' title='bbox 957 2143 1048 2179; x_wconf 72' lang='lat'>146.</span> <span class='ocrx_word' id='word_1_334' title='bbox 1080 2143 1142 2179; x_wconf 89' lang='lat' dir='ltr'>Ed.</span> <span class='ocrx_word' id='word_1_335' title='bbox 1174 2144 1298 2180; x_wconf 79' lang='lat' dir='ltr'>Labns.</span> <span class='ocrx_word' id='word_1_336' title='bbox 1331 2144 1470 2181; x_wconf 78' lang='lat' dir='ltr'>ltlilano.</span> <span class='ocrx_word' id='word_1_337' title='bbox 1506 2143 1629 2181; x_wconf 75' lang='lat'>1835.</span> <span class='ocrx_word' id='word_1_338' title='bbox 1659 2155 1742 2192; x_wconf 81' lang='lat' dir='ltr'>pag.</span> 
     </span>
     <span class='ocr_line' id='line_1_35' title="bbox 149 2202 1743 2260; baseline -0.003 -16"><span class='ocrx_word' id='word_1_339' title='bbox 149 2204 241 2260; x_wconf 75' lang='lat' dir='ltr'>st.)</span> <span class='ocrx_word' id='word_1_340' title='bbox 288 2209 415 2244; x_wconf 76' lang='lat' dir='ltr'>Exstat</span> <span class='ocrx_word' id='word_1_341' title='bbox 446 2206 480 2242; x_wconf 93' lang='lat' dir='ltr'>in</span> <span class='ocrx_word' id='word_1_342' title='bbox 513 2205 678 2242; x_wconf 89' lang='lat' dir='ltr'>Eiusdem</span> <span class='ocrx_word' id='word_1_343' title='bbox 720 2204 843 2240; x_wconf 81' lang='lat' dir='ltr'>Museo</span> <span class='ocrx_word' id='word_1_344' title='bbox 876 2202 1185 2240; x_wconf 85' lang='lat' dir='ltr'>Pio-Clementino</span> <span class='ocrx_word' id='word_1_345' title='bbox 1217 2203 1252 2238; x_wconf 92' lang='lat' dir='ltr'>T.</span> <span class='ocrx_word' id='word_1_346' title='bbox 1286 2203 1343 2239; x_wconf 73' lang='lat' dir='ltr'>vt.</span> <span class='ocrx_word' id='word_1_347' title='bbox 1376 2215 1409 2251; x_wconf 88' lang='lat' dir='ltr'>p.</span> <span class='ocrx_word' id='word_1_348' title='bbox 1441 2202 1535 2239; x_wconf 79' lang='lat'>239.</span> <span class='ocrx_word' id='word_1_349' title='bbox 1568 2203 1602 2240; x_wconf 89' lang='lat' dir='ltr'>in</span> <span class='ocrx_word' id='word_1_350' title='bbox 1635 2202 1743 2240; x_wconf 86' lang='lat' dir='ltr'>Orelli</span> 
     </span>
     <span class='ocr_line' id='line_1_36' title="bbox 146 2261 1302 2315; baseline -0.005 -11"><span class='ocrx_word' id='word_1_351' title='bbox 146 2267 322 2315; x_wconf 88' lang='lat' dir='ltr'>Inscriptt.</span> <span class='ocrx_word' id='word_1_352' title='bbox 354 2265 502 2302; x_wconf 88' lang='lat' dir='ltr'>Collect.</span> <span class='ocrx_word' id='word_1_353' title='bbox 534 2276 567 2300; x_wconf 88' lang='lat' dir='ltr'>n.</span> <span class='ocrx_word' id='word_1_354' title='bbox 602 2263 695 2299; x_wconf 78' lang='grc'>775.</span> <span class='ocrx_word' id='word_1_355' title='bbox 729 2262 891 2299; x_wconf 87' lang='lat' dir='ltr'>llaubold</span> <span class='ocrx_word' id='word_1_356' title='bbox 923 2261 1072 2298; x_wconf 78' lang='lat' dir='ltr'>Monuni.</span> <span class='ocrx_word' id='word_1_357' title='bbox 1104 2261 1175 2308; x_wconf 85' lang='lat' dir='ltr'>leg.</span> <span class='ocrx_word' id='word_1_358' title='bbox 1208 2261 1302 2298; x_wconf 77' lang='lat'>2-13.</span> 
     </span>
    </p>
   </div>
   <div class='ocr_carea' id='block_1_3' title="bbox 148 2350 1742 2472">
    <p class='ocr_par' dir='ltr' id='par_1_5' title="bbox 148 2350 1742 2472">
     <span class='ocr_line' id='line_1_37' title="bbox 290 2350 1742 2408; baseline -0.001 -12"><span class='ocrx_word' id='word_1_359' title='bbox 290 2359 411 2396; x_wconf 80' lang='grc'>1747.</span> <span class='ocrx_word' id='word_1_360' title='bbox 470 2355 599 2408; x_wconf 84' lang='lat' dir='ltr'>Pagus</span> <span class='ocrx_word' id='word_1_361' title='bbox 640 2354 912 2395; x_wconf 88' lang='lat' dir='ltr'>Herculaneus</span> <span class='ocrx_word' id='word_1_362' title='bbox 943 2352 1057 2393; x_wconf 80' lang='lat' dir='ltr'>scivit</span> <span class='ocrx_word' id='word_1_363' title='bbox 1087 2351 1131 2392; x_wconf 91' lang='lat' dir='ltr'>A.</span> <span class='ocrx_word' id='word_1_364' title='bbox 1164 2351 1210 2392; x_wconf 88' lang='lat' dir='ltr'>D.</span> <span class='ocrx_word' id='word_1_365' title='bbox 1243 2366 1281 2392; x_wconf 63' lang='grc' dir='ltr'>Χ.</span> <span class='ocrx_word' id='word_1_366' title='bbox 1319 2353 1493 2394; x_wconf 90' lang='lat' dir='ltr'>termina.</span> <span class='ocrx_word' id='word_1_367' title='bbox 1515 2350 1570 2407; x_wconf 85' lang='lat'>¹²)</span> <span class='ocrx_word' id='word_1_368' title='bbox 1601 2351 1742 2394; x_wconf 88' lang='lat' dir='ltr'>conle-</span> 
     </span>
     <span class='ocr_line' id='line_1_38' title="bbox 148 2408 1742 2472; baseline -0.004 -13"><span class='ocrx_word' id='word_1_369' title='bbox 148 2417 255 2472; x_wconf 80' lang='lat' dir='ltr'>gium</span> <span class='ocrx_word' id='word_1_370' title='bbox 276 2417 386 2458; x_wconf 91' lang='lat' dir='ltr'>seive</span> <span class='ocrx_word' id='word_1_371' title='bbox 407 2414 612 2469; x_wconf 74' lang='lat' dir='ltr'>magis-troi</span> <span class='ocrx_word' id='word_1_372' title='bbox 634 2412 741 2454; x_wconf 75' lang='lat' dir='ltr'>Iovei</span> <span class='ocrx_word' id='word_1_373' title='bbox 764 2412 969 2466; x_wconf 86' lang='lat' dir='ltr'>compagei</span> <span class='ocrx_word' id='word_1_374' title='bbox 991 2416 1083 2453; x_wconf 79' lang='lat' dir='ltr'>sunl</span> <span class='ocrx_word' id='word_1_375' title='bbox 1098 2408 1151 2464; x_wconf 65' lang='grc' dir='ltr'>ι3)</span> <span class='ocrx_word' id='word_1_376' title='bbox 1173 2411 1252 2451; x_wconf 92' lang='lat' dir='ltr'>utei</span> <span class='ocrx_word' id='word_1_377' title='bbox 1274 2412 1311 2451; x_wconf 92' lang='lat' dir='ltr'>in</span> <span class='ocrx_word' id='word_1_378' title='bbox 1336 2412 1529 2464; x_wconf 87' lang='lat' dir='ltr'>porticum</span> <span class='ocrx_word' id='word_1_379' title='bbox 1553 2423 1742 2466; x_wconf 86' lang='lat' dir='ltr'>paganam</span> 
     </span>
    </p>
   </div>
   <div class='ocr_carea' id='block_1_4' title="bbox 148 2586 1744 3010">
    <p class='ocr_par' dir='ltr' id='par_1_6' title="bbox 148 2586 1744 3010">
     <span class='ocr_line' id='line_1_39' title="bbox 289 2586 1742 2635; baseline -0.003 -9"><span class='ocrx_word' id='word_1_380' title='bbox 289 2591 324 2635; x_wconf 83' lang='lat'>1)</span> <span class='ocrx_word' id='word_1_381' title='bbox 351 2591 439 2626; x_wconf 89' lang='lat' dir='ltr'>Lucii</span> <span class='ocrx_word' id='word_1_382' title='bbox 466 2591 529 2625; x_wconf 82' lang='lat' dir='ltr'>filia</span> <span class='ocrx_word' id='word_1_383' title='bbox 555 2591 704 2625; x_wconf 85' lang='lat' dir='ltr'>Palatina</span> <span class='ocrx_word' id='word_1_384' title='bbox 730 2589 829 2624; x_wconf 86' lang='lat' dir='ltr'>tribu.</span> <span class='ocrx_word' id='word_1_385' title='bbox 857 2608 895 2613; x_wconf 80' lang='lat'>——</span> <span class='ocrx_word' id='word_1_386' title='bbox 924 2588 962 2630; x_wconf 78' lang='lat'>2)</span> <span class='ocrx_word' id='word_1_387' title='bbox 981 2589 1205 2634; x_wconf 83' lang='lat' dir='ltr'>quatuorviris</span> <span class='ocrx_word' id='word_1_388' title='bbox 1224 2588 1534 2633; x_wconf 79' lang='lat' dir='ltr'>quinquennalibus.</span> <span class='ocrx_word' id='word_1_389' title='bbox 1561 2605 1602 2611; x_wconf 89' lang='lat'>·—-</span> <span class='ocrx_word' id='word_1_390' title='bbox 1628 2586 1668 2631; x_wconf 83' lang='lat'>3)</span> <span class='ocrx_word' id='word_1_391' title='bbox 1686 2599 1742 2622; x_wconf 85' lang='lat' dir='ltr'>se-</span> 
     </span>
     <span class='ocr_line' id='line_1_40' title="bbox 148 2633 1742 2680; baseline -0.003 -7"><span class='ocrx_word' id='word_1_392' title='bbox 148 2641 299 2673; x_wconf 83' lang='lat' dir='ltr'>stertium</span> <span class='ocrx_word' id='word_1_393' title='bbox 327 2639 444 2672; x_wconf 85' lang='lat' dir='ltr'>decem</span> <span class='ocrx_word' id='word_1_394' title='bbox 471 2638 572 2672; x_wconf 85' lang='lat' dir='ltr'>millia</span> <span class='ocrx_word' id='word_1_395' title='bbox 598 2639 780 2671; x_wconf 73' lang='lat' dir='ltr'>nummum.</span> <span class='ocrx_word' id='word_1_396' title='bbox 807 2656 846 2659; x_wconf 82' lang='lat'>——</span> <span class='ocrx_word' id='word_1_397' title='bbox 874 2635 912 2678; x_wconf 90' lang='grc'>4)</span> <span class='ocrx_word' id='word_1_398' title='bbox 940 2648 1016 2680; x_wconf 84' lang='lat' dir='ltr'>pro:</span> <span class='ocrx_word' id='word_1_399' title='bbox 1043 2637 1096 2678; x_wconf 70' lang='lat' dir='ltr'>qut</span> <span class='ocrx_word' id='word_1_400' title='bbox 1121 2637 1197 2669; x_wconf 83' lang='lat' dir='ltr'>iam.</span> <span class='ocrx_word' id='word_1_401' title='bbox 1223 2653 1266 2658; x_wconf 90' lang='lat'>—-</span> <span class='ocrx_word' id='word_1_402' title='bbox 1292 2634 1330 2677; x_wconf 85' lang='lat'>5)</span> <span class='ocrx_word' id='word_1_403' title='bbox 1356 2641 1516 2668; x_wconf 88' lang='lat' dir='ltr'>nostrum.</span> <span class='ocrx_word' id='word_1_404' title='bbox 1543 2651 1585 2657; x_wconf 88' lang='lat'>--</span> <span class='ocrx_word' id='word_1_405' title='bbox 1612 2633 1650 2677; x_wconf 90' lang='grc'>6)</span> <span class='ocrx_word' id='word_1_406' title='bbox 1676 2645 1742 2668; x_wconf 87' lang='lat' dir='ltr'>no-</span> 
     </span>
     <span class='ocr_line' id='line_1_41' title="bbox 149 2681 1743 2729; baseline -0.003 -9"><span class='ocrx_word' id='word_1_407' title='bbox 149 2694 260 2720; x_wconf 85' lang='lat' dir='ltr'>stram.</span> <span class='ocrx_word' id='word_1_408' title='bbox 296 2705 336 2709; x_wconf 93' lang='lat'>—</span> <span class='ocrx_word' id='word_1_409' title='bbox 373 2684 411 2728; x_wconf 87' lang='lat'>7)</span> <span class='ocrx_word' id='word_1_410' title='bbox 437 2687 484 2718; x_wconf 89' lang='lat' dir='ltr'>sie</span> <span class='ocrx_word' id='word_1_411' title='bbox 509 2696 570 2729; x_wconf 88' lang='lat' dir='ltr'>pro</span> <span class='ocrx_word' id='word_1_412' title='bbox 596 2685 752 2718; x_wconf 68' lang='lat' dir='ltr'>Febr-nar.</span> <span class='ocrx_word' id='word_1_413' title='bbox 788 2702 830 2707; x_wconf 81' lang='lat'>-—</span> <span class='ocrx_word' id='word_1_414' title='bbox 863 2682 901 2725; x_wconf 83' lang='grc'>8)</span> <span class='ocrx_word' id='word_1_415' title='bbox 928 2684 1058 2717; x_wconf 66' lang='lat' dir='ltr'>sevir-is.</span> <span class='ocrx_word' id='word_1_416' title='bbox 1095 2700 1132 2705; x_wconf 95' lang='lat'>—</span> <span class='ocrx_word' id='word_1_417' title='bbox 1168 2681 1207 2724; x_wconf 81' lang='lat'>9)</span> <span class='ocrx_word' id='word_1_418' title='bbox 1235 2684 1424 2715; x_wconf 84' lang='lat' dir='ltr'>sestertium</span> <span class='ocrx_word' id='word_1_419' title='bbox 1459 2683 1606 2727; x_wconf 88' lang='lat' dir='ltr'>quinque</span> <span class='ocrx_word' id='word_1_420' title='bbox 1640 2681 1743 2715; x_wconf 83' lang='lat' dir='ltr'>millia</span> 
     </span>
     <span class='ocr_line' id='line_1_42' title="bbox 148 2729 1741 2776; baseline -0.003 -10"><span class='ocrx_word' id='word_1_421' title='bbox 148 2734 329 2766; x_wconf 76' lang='lat' dir='ltr'>nummum.</span> <span class='ocrx_word' id='word_1_422' title='bbox 358 2749 397 2754; x_wconf 88' lang='lat'>-—</span> <span class='ocrx_word' id='word_1_423' title='bbox 427 2732 486 2774; x_wconf 86' lang='lat'>10)</span> <span class='ocrx_word' id='word_1_424' title='bbox 513 2731 592 2776; x_wconf 88' lang='lat' dir='ltr'>quid</span> <span class='ocrx_word' id='word_1_425' title='bbox 618 2732 660 2764; x_wconf 87' lang='lat' dir='ltr'>de</span> <span class='ocrx_word' id='word_1_426' title='bbox 685 2742 724 2764; x_wconf 82' lang='lat' dir='ltr'>ea</span> <span class='ocrx_word' id='word_1_427' title='bbox 750 2742 786 2764; x_wconf 89' lang='lat' dir='ltr'>re</span> <span class='ocrx_word' id='word_1_428' title='bbox 811 2730 882 2764; x_wconf 80' lang='lat' dir='ltr'>lieri</span> <span class='ocrx_word' id='word_1_429' title='bbox 909 2730 1076 2772; x_wconf 84' lang='lat' dir='ltr'>placeret,</span> <span class='ocrx_word' id='word_1_430' title='bbox 1106 2729 1148 2762; x_wconf 87' lang='lat' dir='ltr'>de</span> <span class='ocrx_word' id='word_1_431' title='bbox 1175 2740 1215 2762; x_wconf 88' lang='lat' dir='ltr'>ea</span> <span class='ocrx_word' id='word_1_432' title='bbox 1240 2739 1276 2761; x_wconf 87' lang='lat' dir='ltr'>re</span> <span class='ocrx_word' id='word_1_433' title='bbox 1303 2730 1347 2762; x_wconf 85' lang='lat' dir='ltr'>ita</span> <span class='ocrx_word' id='word_1_434' title='bbox 1373 2730 1432 2761; x_wconf 85' lang='lat' dir='ltr'>toti</span> <span class='ocrx_word' id='word_1_435' title='bbox 1457 2735 1672 2762; x_wconf 83' lang='lat' dir='ltr'>censuerunt.</span> <span class='ocrx_word' id='word_1_436' title='bbox 1700 2746 1741 2751; x_wconf 90' lang='lat'>-—</span> 
     </span>
     <span class='ocr_line' id='line_1_43' title="bbox 152 2774 1743 2823; baseline -0.002 -12"><span class='ocrx_word' id='word_1_437' title='bbox 152 2780 210 2821; x_wconf 85' lang='lat'>11)</span> <span class='ocrx_word' id='word_1_438' title='bbox 236 2790 336 2823; x_wconf 84' lang='lat' dir='ltr'>supra</span> <span class='ocrx_word' id='word_1_439' title='bbox 361 2780 531 2823; x_wconf 83' lang='lat' dir='ltr'>scriptam.</span> <span class='ocrx_word' id='word_1_440' title='bbox 566 2795 606 2800; x_wconf 84' lang='lat'>——</span> <span class='ocrx_word' id='word_1_441' title='bbox 643 2776 702 2820; x_wconf 83' lang='grc'>12)</span> <span class='ocrx_word' id='word_1_442' title='bbox 737 2777 926 2810; x_wconf 80' lang='lat' dir='ltr'>Mazochius</span> <span class='ocrx_word' id='word_1_443' title='bbox 959 2778 1209 2820; x_wconf 85' lang='lat' dir='ltr'>interpretatur:</span> <span class='ocrx_word' id='word_1_444' title='bbox 1243 2780 1321 2808; x_wconf 85' lang='lat' dir='ltr'>ante</span> <span class='ocrx_word' id='word_1_445' title='bbox 1355 2775 1442 2809; x_wconf 89' lang='lat' dir='ltr'>diem</span> <span class='ocrx_word' id='word_1_446' title='bbox 1478 2775 1518 2807; x_wconf 77' lang='lat' dir='ltr'>X.</span> <span class='ocrx_word' id='word_1_447' title='bbox 1545 2774 1743 2809; x_wconf 83' lang='lat' dir='ltr'>Terminalia</span> 
     </span>
     <span class='ocr_line' id='line_1_44' title="bbox 152 2819 1743 2867; baseline -0.003 -8"><span class='ocrx_word' id='word_1_448' title='bbox 152 2824 188 2863; x_wconf 75' lang='lat' dir='ltr'>(i.</span> <span class='ocrx_word' id='word_1_449' title='bbox 216 2838 245 2859; x_wconf 88' lang='lat' dir='ltr'>e.</span> <span class='ocrx_word' id='word_1_450' title='bbox 272 2827 327 2859; x_wconf 91' lang='lat' dir='ltr'>die</span> <span class='ocrx_word' id='word_1_451' title='bbox 352 2826 436 2859; x_wconf 90' lang='lat' dir='ltr'><strong>XIV.</strong></span> <span class='ocrx_word' id='word_1_452' title='bbox 464 2824 665 2867; x_wconf 86' lang='lat' dir='ltr'>Februarii).</span> <span class='ocrx_word' id='word_1_453' title='bbox 707 2824 876 2857; x_wconf 84' lang='lat' dir='ltr'>Exhibent</span> <span class='ocrx_word' id='word_1_454' title='bbox 907 2823 1055 2856; x_wconf 87' lang='lat' dir='ltr'>editores</span> <span class='ocrx_word' id='word_1_455' title='bbox 1087 2833 1203 2856; x_wconf 83' lang='lat' dir='ltr'>omnes</span> <span class='ocrx_word' id='word_1_456' title='bbox 1237 2828 1371 2866; x_wconf 84' lang='lat' dir='ltr'>praeter</span> <span class='ocrx_word' id='word_1_457' title='bbox 1396 2822 1611 2864; x_wconf 72' lang='lat' dir='ltr'>Gettlingium</span> <span class='ocrx_word' id='word_1_458' title='bbox 1637 2823 1677 2856; x_wconf 83' lang='lat' dir='ltr'>A.</span> <span class='ocrx_word' id='word_1_459' title='bbox 1703 2819 1743 2855; x_wconf 84' lang='grc' dir='ltr'>Ο.</span> 
     </span>
     <span class='ocr_line' id='line_1_45' title="bbox 152 2867 1743 2914; baseline -0.001 -11"><span class='ocrx_word' id='word_1_460' title='bbox 152 2883 213 2914; x_wconf 88' lang='lat' dir='ltr'>pro</span> <span class='ocrx_word' id='word_1_461' title='bbox 239 2873 278 2906; x_wconf 77' lang='lat' dir='ltr'>A.</span> <span class='ocrx_word' id='word_1_462' title='bbox 305 2873 343 2906; x_wconf 91' lang='lat' dir='ltr'>D.</span> <span class='ocrx_word' id='word_1_463' title='bbox 372 2891 411 2896; x_wconf 86' lang='lat'>—-</span> <span class='ocrx_word' id='word_1_464' title='bbox 441 2870 501 2914; x_wconf 84' lang='lat'>13)</span> <span class='ocrx_word' id='word_1_465' title='bbox 528 2882 617 2914; x_wconf 83' lang='lat' dir='ltr'>pone</span> <span class='ocrx_word' id='word_1_466' title='bbox 642 2871 806 2914; x_wconf 77' lang='lat' dir='ltr'>compayei</span> <span class='ocrx_word' id='word_1_467' title='bbox 838 2870 987 2903; x_wconf 81' lang='lat' dir='ltr'>Mazochi</span> <span class='ocrx_word' id='word_1_468' title='bbox 1021 2875 1055 2903; x_wconf 88' lang='lat' dir='ltr'>et</span> <span class='ocrx_word' id='word_1_469' title='bbox 1079 2869 1198 2912; x_wconf 88' lang='lat' dir='ltr'>reliqui</span> <span class='ocrx_word' id='word_1_470' title='bbox 1222 2869 1370 2902; x_wconf 88' lang='lat' dir='ltr'>editores</span> <span class='ocrx_word' id='word_1_471' title='bbox 1400 2868 1529 2901; x_wconf 83' lang='lat' dir='ltr'>addunt</span> <span class='ocrx_word' id='word_1_472' title='bbox 1553 2868 1685 2902; x_wconf 86' lang='lat' dir='ltr'>literam</span> <span class='ocrx_word' id='word_1_473' title='bbox 1710 2867 1743 2901; x_wconf 94' lang='lat' dir='ltr'>S.</span> 
     </span>
     <span class='ocr_line' id='line_1_46' title="bbox 153 2915 1744 2963; baseline -0.003 -12"><span class='ocrx_word' id='word_1_474' title='bbox 153 2928 239 2961; x_wconf 87' lang='lat' dir='ltr'>quae</span> <span class='ocrx_word' id='word_1_475' title='bbox 264 2919 449 2963; x_wconf 84' lang='lat' dir='ltr'>supplenda</span> <span class='ocrx_word' id='word_1_476' title='bbox 473 2924 525 2952; x_wconf 86' lang='lat' dir='ltr'>est</span> <span class='ocrx_word' id='word_1_477' title='bbox 556 2923 649 2959; x_wconf 81' lang='lat' dir='ltr'>sunt,</span> <span class='ocrx_word' id='word_1_478' title='bbox 683 2916 964 2962; x_wconf 85' lang='lat' dir='ltr'>quemadmodum</span> <span class='ocrx_word' id='word_1_479' title='bbox 995 2917 1027 2949; x_wconf 87' lang='lat' dir='ltr'>in</span> <span class='ocrx_word' id='word_1_480' title='bbox 1053 2916 1122 2949; x_wconf 86' lang='lat' dir='ltr'>aliis</span> <span class='ocrx_word' id='word_1_481' title='bbox 1146 2916 1329 2949; x_wconf 88' lang='lat' dir='ltr'>invenitur:</span> <span class='ocrx_word' id='word_1_482' title='bbox 1361 2915 1449 2948; x_wconf 74' lang='lat' dir='ltr'>locus</span> <span class='ocrx_word' id='word_1_483' title='bbox 1479 2915 1547 2947; x_wconf 78' lang='lat' dir='ltr'>sive</span> <span class='ocrx_word' id='word_1_484' title='bbox 1577 2927 1654 2959; x_wconf 76' lang='lat' dir='ltr'>ayer</span> <span class='ocrx_word' id='word_1_485' title='bbox 1678 2921 1744 2955; x_wconf 73' lang='grc' dir='ltr'><strong><em>εει,-</em></strong></span> 
     </span>
     <span class='ocr_line' id='line_1_47' title="bbox 152 2961 1742 3010; baseline -0.001 -13"><span class='ocrx_word' id='word_1_486' title='bbox 152 2972 386 3000; x_wconf 78' lang='lat' dir='ltr'>monumentum</span> <span class='ocrx_word' id='word_1_487' title='bbox 409 2966 477 3001; x_wconf 78' lang='lat' dir='ltr'>sive</span> <span class='ocrx_word' id='word_1_488' title='bbox 499 2964 685 3010; x_wconf 69' lang='lat' dir='ltr'>sepult-mm</span> <span class='ocrx_word' id='word_1_489' title='bbox 710 2970 766 3007; x_wconf 77' lang='lat' dir='ltr'>cst,</span> <span class='ocrx_word' id='word_1_490' title='bbox 790 2963 916 2999; x_wconf 90' lang='lat' dir='ltr'>similia.</span> <span class='ocrx_word' id='word_1_491' title='bbox 966 2962 1167 3007; x_wconf 82' lang='lat' dir='ltr'>Gottlingius</span> <span class='ocrx_word' id='word_1_492' title='bbox 1192 2962 1322 2998; x_wconf 86' lang='lat' dir='ltr'>literam</span> <span class='ocrx_word' id='word_1_493' title='bbox 1347 2961 1368 2997; x_wconf 91' lang='lat' dir='ltr'>S</span> <span class='ocrx_word' id='word_1_494' title='bbox 1392 2971 1460 2996; x_wconf 89' lang='lat' dir='ltr'>non</span> <span class='ocrx_word' id='word_1_495' title='bbox 1484 2961 1625 3007; x_wconf 85' lang='lat' dir='ltr'>amplius</span> <span class='ocrx_word' id='word_1_496' title='bbox 1649 2961 1742 3006; x_wconf 83' lang='lat' dir='ltr'>legit.</span> 
     </span>
    </p>
   </div>
   <div class='ocr_carea' id='block_1_5' title="bbox 1802 0 1877 3313">
    <p class='ocr_par' dir='ltr' id='par_1_7' title="bbox 1802 0 1877 3313">
     <span class='ocr_line' id='line_1_48' title="bbox 1802 0 1877 3313; baseline 0 0"><span class='ocrx_word' id='word_1_497' title='bbox 1802 0 1877 3313; x_wconf 95' lang='lat' dir='ltr'> </span> 
     </span>
    </p>
   </div>
  </div>
 </body>
</html>
