1918 3293
93 158 179 204 478

143 276 371 316 conseruntur,
393 273 580 318 fragmenta

143 321 382 357 1711—1713.

95 372 308 415 Rescriptum
325 368 435 410 Quieti
449 368 492 402 de
509 367 581 402 cle-

143 419 188 452 ris
235 417 326 451 Iovis
374 416 582 450 Aezanensis

144 463 246 499 1714.
275 462 377 497 1715.

98 531 139 538 --
175 529 217 536 ——
265 510 490 545 Rationalium
539 508 582 543 ad

141 560 322 595 Adrastum
355 557 514 591 libertum
540 556 582 590 de

143 606 294 641 aedilicio
313 605 486 638 custodiae
500 615 583 637 cau-

142 666 177 689 sa
204 653 246 687 ad
265 652 453 686 columnam
469 652 582 685 Anto-

143 702 313 735 ninianam
367 698 582 733 exstruendo.

147 746 245 782 1724.
273 745 373 780 1723.

99 815 140 821 —-
167 812 212 818 —
248 794 365 828 Severi
399 793 583 827 Alexandri

143 843 196 877 De
232 841 450 886 stipulatione
483 841 583 874 dotis.

148 889 249 925 1728.

99 957 141 963 -
167 954 211 959 -
236 936 435 980 Vespasiani
463 934 505 969 ad
532 936 584 968 ci-

144 986 280 1019 vitatem
295 984 469 1018 Saboram.
482 982 584 1016 1703.

99 1051 141 1057 -
171 1050 213 1055 -
227 1029 475 1076 Vespasianiad
490 1040 583 1063 rem-

143 1079 313 1124 publicam
336 1079 583 1112 Vanacinorum

98 1175 262 1208 Retiarius
292 1170 372 1208 388.
399 1172 479 1206 884.
503 1170 583 1204 885.

97 1221 226 1255 Rhetor
247 1220 346 1255 1570.
373 1219 423 1254 rh.
441 1229 585 1264 graecus

97 1315 216 1349 Ridica
244 1312 343 1350 1798.

97 1363 202 1406 Rigor
227 1363 396 1395 maceriae
425 1360 524 1395 1803.

97 1409 275 1452 Robigalia
301 1420 336 1453 p.
362 1409 421 1442 56.

97 1456 224 1490 Robius
250 1453 408 1499 (vitulus)
435 1456 490 1488 66.

97 1502 222 1545 Rosae,
232 1504 264 1536 in
276 1500 584 1547 parentalibus488.

99 1565 142 1572 —
169 1567 213 1573 —
240 1550 281 1583 ad
307 1550 498 1593 sepulcrum
522 1549 585 1582 de-

146 1597 235 1631 latae
260 1603 294 1630 et
319 1597 453 1641 epulae.
482 1595 584 1629 1783.

98 1643 221 1678 Rosale
247 1643 383 1687 epulum
412 1641 492 1677 465.

99 1690 236 1724 Rosalia
260 1691 338 1724 386.

98 1738 220 1772 Rosam
246 1748 375 1782 ponere
388 1735 467 1771 926.
485 1735 586 1771 1052.

147 1784 251 1818 1772.
279 1783 381 1818 1789.

100 1895 142 1901 ——-
180 1897 219 1901 —
239 1831 406 1912 pggl‘ii'igiite
432 1830 586 1912 {Kliiiiere

146 1923 226 1960 383.
251 1936 287 1969 p.
313 1926 369 1959 47.

97 1973 235 2007 Rosatio
263 1971 364 2007 1779.
393 1973 492 2007 1804.

99 2020 244 2054 Rubrica
278 2019 393 2063 legum
418 2022 451 2053 in
477 2020 586 2062 origi-

145 2069 246 2101 nariis
294 2067 418 2100 tabulis
466 2078 587 2111 supra-

145 2116 282 2158 scripta.
310 2114 411 2147 1680.

99 2161 203 2195 Rudis
222 2163 329 2205 prima
344 2161 421 2194 890.
439 2161 586 2195 secunda

101 2253 275 2289 Sacellum
299 2254 492 2289 Luccerium
507 2253 586 2288 349.

100 2302 203 2336 Sacra
229 2303 324 2336 Isidis
349 2303 427 2336 842.

102 2367 143 2374 —-
183 2368 224 2372 —
264 2350 429 2394 principia
471 2348 587 2392 populi

147 2399 275 2430 romani
294 2407 381 2440 quae
395 2396 482 2439 apud
498 2396 588 2428 Lau-

145 2450 259 2478 rentes
294 2442 451 2476 coluntur
488 2442 587 2476 1647.

103 2508 145 2514 --
172 2508 217 2513 —-
240 2490 477 2524 Romaniensia
509 2489 586 2522 835.

103 2556 144 2560 —
178 2556 223 2561 —-
261 2536 471 2570 Volkanalia.
511 2534 587 2570 191.

150 2584 251 2618 1612.
279 2583 378 2618 1615.

101 2632 292 2668 Sacrarium
318 2631 371 2663 dei
388 2629 495 2664 Liberi
511 2629 576 2664 172

103 2697 145 2702 —-
171 2695 212 2701 —
241 2677 379 2710 Mithrae
404 2677 483 2710 219.

102 2725 196 2759 Sacri
219 2725 412 2770 patrimonii
430 2724 587 2757 comitiva

151 2773 252 2805 1625.

105 2817 268 2852 Sacrificii
293 2817 431 2852 indictio
453 2816 531 2852 383.
557 2828 588 2861 p.

151 2866 206 2898 46.

105 2910 265 2955 Sagarius
289 2911 368 2946 735.

106 2974 149 2983 -
179 2974 218 2983 -
244 2958 455 2995 romanensis
479 2957 558 2993 775.

651 271 809 315 Sagmata
834 283 866 316 p.
893 270 973 305 328,

651 319 777 354 Saliare
802 329 948 352 carmen.
974 317 1074 352 1740.
1100 329 1134 363 p.

651 413 817 448 Salientes
844 413 897 446 59.

655 478 695 484 —-
722 477 765 482 -
798 459 932 505 publici.
969 459 1069 493 1702.
1095 460 1135 493 II.

653 508 773 542 Salutis
798 507 968 551 poculum.
994 507 1096 541 1878.

654 555 788 589 Sanctio
814 555 897 598 legis
917 554 1017 588 1684.
1039 554 1137 588 1685.

654 649 820 692 Sanguen.
847 659 879 691 p.
905 649 963 683 47.

655 696 789 740 Sarapia
815 695 893 730 393.

654 743 869 777 Sarcinatrix.
895 743 973 776 551.

655 790 855 833 Sarcofagus
883 790 981 823 1046.

656 838 780 871 Sardae
805 836 882 870 382.
909 848 940 880 p.
967 837 1022 870 44.

656 883 845 918 Saturnalia
870 895 902 928 p.
929 885 984 917 57.
1003 883 1080 918 393.
1107 895 1139 929 p.

656 979 808 1012 Scaenici
835 977 1030 1012 Asiaticiani
1060 977 1139 1012 868.

657 1026 790 1061 Scalare
810 1025 1005 1069 adplicitum
1023 1025 1140 1070 sepul-

704 1083 771 1106 cro.
801 1072 902 1107 1786.

656 1119 823 1154 Scandula
849 1131 881 1163 p.
908 1120 984 1154 316.

656 1165 1140 1201 Scholae1319-1322.1750.

704 1214 803 1248 1758.

657 1261 778 1296 Schola
813 1262 949 1306 collegii
976 1262 1141 1296 Aescula-

702 1310 747 1353 pii
765 1308 843 1343 385.
861 1321 892 1352 p.
911 1309 966 1342 49.
986 1316 1140 1343 exeunte.

656 1373 700 1378 ——
728 1374 768 1379 ·—
791 1362 989 1390 consecrata
1003 1357 1141 1390 Silvano

704 1403 805 1438 1781.

658 1469 698 1473 -
727 1469 768 1473 —
795 1450 978 1484 scribarum
1007 1451 1106 1484 1227.

658 1516 699 1521 —
724 1516 764 1520 -—
780 1498 1031 1531 vexillariorum
1047 1498 1143 1531 1789.

657 1545 850 1588 Scipionum
864 1545 951 1578 tituli
965 1545 1142 1589 sepulcra-

703 1592 752 1626 les
781 1592 971 1636 1931seqq.

658 1639 775 1672 Scriba
802 1639 954 1672 librarius
980 1636 1058 1672 689.

657 1686 849 1730 Scripturae
865 1687 997 1730 pecoris
1015 1697 1047 1729 p.
1064 1684 1132 1720 232

659 1733 883 1766 secretarium
895 1738 1030 1766 senatus
1045 1732 1142 1766 1230.

658 1780 800 1814 Secutor
826 1779 988 1813 Caesaris.
1015 1779 1096 1813 886.

657 1827 761 1861 Sedes
789 1824 848 1869 (de
870 1825 1045 1871 sepulcro)
1063 1827 1143 1861 464.

704 1872 782 1908 495.

660 1939 700 1944 ——
730 1939 770 1944 —-
797 1931 924 1955 aeneae
951 1918 1050 1955 1227.

657 1969 783 2002 Sedilia
809 1969 887 2002 355.

658 2016 789 2060 Seiugis
815 2013 968 2058 (currus)
994 2015 1074 2049 878.

659 2064 803 2098 Senator
847 2060 897 2104 (in
939 2060 1142 2107 municipiis]

706 2122 738 2154 p.
764 2110 844 2144 271.

660 2156 955 2191 Senatnsconsulta
965 2156 1142 2200 p288sqq.

659 2223 703 2226 —
728 2216 843 2238 ——sex
856 2205 897 2238 ad
911 2214 1142 2246 curamaqua-

706 2263 777 2286 rum
811 2253 1016 2295 pertinentes
1044 2248 1143 2284 1702.

660 2317 703 2320 —
730 2318 770 2322 —-
797 2299 848 2332 De
883 2298 1041 2332 aedificiis
1078 2308 1143 2330 ne—

705 2347 897 2389 gotiationis
939 2356 1039 2378 causa
1076 2355 1142 2377 non

707 2390 877 2426 diruendis
906 2389 1005 2426 1692.

661 2439 990 2473 Senatusconsnltmn
1010 2439 1058 2472 De
1075 2437 1143 2472 As-

706 2487 859 2530 clepiade
927 2486 1143 2518 Clazomenio

705 2535 875 2577 sociisque
907 2533 1005 2565 1690.

661 2597 704 2601 --
722 2578 1145 2613 —l3acchanalibus1688.

663 2645 702 2650 -—
729 2645 772 2650 ——
808 2627 848 2660 de
881 2626 1033 2670 collegiis
1065 2623 1145 2660 382.

708 2673 833 2717 (Rapui
859 2685 899 2706 cx
926 2673 958 2706 S.
985 2672 1040 2714 G.)

663 2738 704 2744 —
730 2738 773 2742 —-
799 2722 832 2754 in
867 2721 1031 2753 honorem
1058 2717 1144 2753 Get·-

707 2769 828 2802 mani‹·i
857 2765 956 2800 1694.

661 2831 704 2836 —
732 2833 772 2838 —
809 2815 852 2847 de
886 2813 986 2847 hastis
1022 2813 1146 2846 Martiis

709 2861 809 2896 1699.

662 2925 704 2933 -
730 2925 775 2931 -
799 2908 851 2941 De
877 2907 963 2942 ludis
987 2906 1144 2945 saecula-

707 2955 798 2991 ribus
824 2955 924 2991 1695.

491 151 548 188 IX.
596 149 735 187 INDEX
758 149 906 187 RERUM
929 148 985 185 ET
1010 146 1297 187 LATINITATIS.

1206 270 1692 306 Senatusconsultumdemen-

1253 330 1290 353 se
1323 318 1475 364 Augusto
1504 319 1607 354 1701.

1206 383 1250 388 -
1276 382 1321 387 —-
1347 366 1389 399 de
1420 365 1630 410 philosophis
1661 372 1694 402 et

1254 412 1447 446 rhetoribus
1476 413 1578 447 1698.

1207 459 1349 494 Senatus
1364 460 1500 494 decreta
1520 461 1593 494 sive
1609 471 1694 495 auc-

1253 509 1403 541 toritates
1452 513 1595 552 quatuor
1642 508 1696 542 De

1256 555 1438 598 provinciis
1463 554 1697 589 consularibus

1257 607 1290 634 et
1322 601 1364 635 de
1397 600 1552 636 Caesaris
1582 602 1698 636 militi-

1257 648 1320 682 bus
1348 649 1449 683 1700.

1212 694 1542 730 Senatusconsultum
1567 696 1618 730 De
1637 696 1697 730 Ti-

1258 742 1409 776 burtibus
1438 743 1539 778 1689.

1212 791 1381 825 Sententia
1408 790 1458 824 De
1475 790 1595 824 finibus
1612 792 1699 824 inter

1258 837 1452 918 Angicyram
1479 844 1513 871 et
1546 837 1699 882 Delphos

1211 950 1255 954 —
1282 949 1322 953 -—
1350 931 1400 965 De
1425 931 1482 965 lite
1513 933 1600 966 inter
1632 932 1698 967 lie-

1259 978 1358 1012 redes
1383 978 1522 1013 Patulcii
1556 986 1590 1013 et
1622 979 1697 1014 Ae-

1258 1025 1337 1059 lium
1362 1026 1516 1060 Rufinum
1544 1025 1643 1061 1734.

1215 1091 1255 1097 —-
1287 1091 1326 1096 —
1354 1073 1573 1107 Minuciorum
1592 1074 1634 1107 de
1656 1073 1699 1107 fi-

1259 1121 1349 1153 nium
1363 1122 1602 1155 controversiis
1615 1123 1701 1155 inter

1261 1166 1428 1248 (legumes
1473 1174 1507 1201 et
1543 1168 1700 1202 Veturios

1262 1215 1301 1249 17
1330 1216 1364 1250 0.

1214 1260 1405 1295 Sententiae
1419 1262 1640 1308 fragmentum
1658 1262 1701 1296 de

1261 1311 1491 1343 controversia
1518 1312 1607 1343 inter
1639 1310 1701 1343 Ri-

1259 1356 1444 1390 vilarenses
1478 1362 1510 1390 et
1533 1356 1702 1392 Valeriam

1260 1403 1479 1438 Faventinam
1507 1401 1609 1439 1732.

1214 1450 1435 1494 Seplasiarius
1462 1451 1542 1484 774.

1215 1498 1349 1541 Septum
1376 1498 1504 1531 clusum
1532 1497 1612 1532 103.

1216 1544 1395 1588 Sepultura
1429 1547 1513 1578 rosis
1547 1551 1582 1579 et
1613 1546 1701 1579 escis

1261 1591 1408 1624 colenda
1435 1592 1537 1626 1052.

1216 1637 1424 1682 Sequentes,
1469 1640 1644 1684 sequentia
1682 1640 1703 1673 i.

1263 1697 1294 1729 q.
1331 1686 1542 1728 secundarii,
1576 1697 1702 1720 secun-

1262 1733 1354 1765 (laria
1378 1744 1412 1776 p.
1438 1730 1517 1767 319.

1215 1778 1385 1813 Sericaria
1414 1777 1517 1814 1172.

1216 1826 1399 1860 Servorum
1425 1827 1509 1860 tituli
1526 1827 1703 1872 sepulcra-

1261 1873 1311 1907 les
1340 1873 1579 1908 1098—1176.

1217 1919 1314 1954 Servi
1341 1922 1373 1953 in
1401 1921 1547 1967 collegio
1574 1921 1705 1956 Dianae

1263 1974 1295 2000 et
1343 1967 1482 2001 Antinoi
1532 1968 1704 2013 quomodo

1263 2014 1366 2048 habiti
1392 2013 1474 2049 282.
1499 2026 1533 2059 p.
1560 2014 1617 2050 44.

1217 2061 1342 2095 Servus
1367 2063 1514 2096 arcarius
1547 2060 1614 2097 937
1640 2062 1704 2097 bis.

1263 2121 1294 2153 p.
1323 2109 1401 2142 111.

1219 2174 1258 2178 -—
1288 2174 1329 2178 —
1355 2156 1535 2199 peculiaris
1562 2154 1666 2191 1160.

1217 2220 1259 2224 —
1287 2220 1329 2224 ——
1357 2203 1564 2247 reipublicae
1598 2213 1705 2237 verna

1263 2250 1329 2283 937
1354 2249 1414 2283 bis.
1441 2261 1472 2294 p.
1502 2250 1578 2284 111.

1218 2296 1313 2329 Servi
1338 2298 1482 2330 vicarius
1509 2295 1614 2333 1147.

1218 2343 1388 2376 Sex-iratus
1416 2343 1517 2378 1791.

1217 2390 1341 2423 chum
1370 2391 1472 2424 1706.
1498 2402 1530 2434 p.
1559 2388 1641 2425 318.

1219 2455 1259 2459 —-
1286 2454 1329 2458 ——
1355 2437 1482 2470 lactans
1509 2436 1612 2472 1718.

1217 2483 1327 2516 Sivale
1354 2495 1387 2527 p.
1412 2482 1490 2518 315.

1217 2530 1406 2573 Sigillorum
1467 2531 1703 2575 inscriptiones

1267 2575 1365 2610 1920.
1393 2577 1494 2612 1921.

1218 2623 1330 2668 sigilla
1357 2624 1486 2657 medica
1515 2625 1618 2662 1898.

1215 2688 1259 2693 -—
1287 2687 1328 2692 --
1354 2669 1434 2704 382.
1462 2682 1492 2714 p.
1519 2670 1574 2706 44.

1218 2717 1400 2762 sigillarius
1426 2718 1509 2752 ¹710.

1217 2764 1365 2809 Sigillum
1393 2775 1615 2798 marmoreum
1647 2762 1703 2798 76.

1217 2811 1316 2856 Signa
1327 2810 1478 2844 militaria
1490 2807 1590 2846 1829.
1599 2808 1704 2846 1830.

1264 2855 1323 2899 (cf.
1348 2856 1534 2900 Addenda)

1217 2905 1355 2986 Sigsstbm
1368 2914 1503 2941 aereum
1520 2904 1701 2949 pantheum
