1877 3313
646 107 676 149 §.
704 105 757 141 12.
806 105 1010 142 Animalium
1033 108 1218 152 epitaphia.
1649 109 1732 152 133

265 214 388 254 1174.
449 212 630 254 Valeriae
662 212 861 254 Hemeridi
892 213 937 254 V.
969 212 1018 254 A.
1049 213 1132 255 XV.
1168 213 1389 269 Chryseros
1415 212 1581 256 Asiatici
1603 217 1734 257 vesti-

122 273 248 327 plicus
278 272 373 313 fecit
403 272 678 313 contubernali
709 285 807 314 suae
837 272 1079 313 carissimae.
1115 297 1165 303 --
1199 277 1227 313 E
1259 276 1381 314 sched.
1412 276 1594 314 Barberin.
1630 278 1734 316 Fabr.

125 333 222 380 317,
253 333 350 371 410.
411 334 506 371 Orel.
539 333 664 370 2838.

267 409 389 446 1175.
449 408 519 448 Dis
550 407 744 448 Manibus.
777 406 889 448 Vitali
919 405 1012 448 fecit
1043 407 1250 462 Tyrannus
1271 408 1405 450 Pollae
1426 412 1588 450 nostrae
1610 414 1735 452 actor.

123 487 178 494 -—
209 468 287 506 Atti
319 466 403 506 dell'
435 466 557 506 accad.
590 480 678 506 rom.
710 470 806 505 Tom.
837 468 882 505 II.
913 481 947 516 p.
982 469 1077 506 675.

266 544 388 582 1176.
449 542 636 583 Volusiae
675 542 828 582 Primae
872 543 1035 597 coniugi
1076 542 1307 585 karissimae
1347 543 1640 598 Epaphroditus
1687 544 1734 594 Q.

121 601 167 642 N.
208 601 306 654 disp.
327 598 362 654 ¹)
405 605 445 641 et
483 601 668 641 Volusiae
699 600 924 655 Olympiadi
956 602 1118 655 coniugi
1149 603 1421 644 sanctissimae
1452 607 1492 643 et
1523 602 1736 657 Epaphro-

123 659 224 700 ditus
255 659 356 700 filius
385 659 667 713 Epaphrodito.
699 681 754 687 —
788 657 955 713 [Infra):
991 660 1034 708 Q.
1058 661 1104 700 N.
1131 661 1202 701 dis.
1222 659 1258 716 ¹)
1292 685 1348 692 —
1381 658 1444 716 (In
1465 659 1587 716 basi]:
1620 662 1735 704 locus

57 757 61 759 .
122 717 158 758 d.
191 731 225 758 a.
260 718 403 766 Quinto
434 715 591 772 N...2]
625 739 680 746 --
713 715 771 772 [A
803 721 918 757 latere
950 717 1140 774 sinistro}
1173 720 1298 760 Prima
1330 721 1409 761 vix.
1441 733 1529 762 ann.
1559 720 1648 762 XX.
1680 721 1736 762 Μ.

120 775 186 818 ΙΧ.
218 776 265 817 D.
298 776 433 818 XXIV.
469 777 575 817 Obiit
605 775 675 817 XII
704 776 749 817 K.
781 776 880 818 Nov,
913 777 1037 818 Fulvo
1062 783 1101 818 et
1122 777 1302 820 Atratino
1328 778 1416 819 Cos.
1433 776 1474 833 3)
1506 802 1562 809 -—
1596 776 1654 834 (A
1675 783 1734 819 lan

122 843 201 874 tere
234 834 415 890 dextro]:
449 835 650 889 Olympias
682 835 727 874 V.
762 848 850 876 ann.
883 835 1006 876 XXV.
1039 837 1088 877 M.
1122 836 1167 877 N.
1191 837 1237 878 D.
1262 838 1306 878 V.
1340 860 1396 866 ——
1429 836 1492 892 (In
1514 841 1583 878 ima
1607 836 1734 894 baso:

121 891 266 948 Vix.4)
301 907 390 934 ann.
422 894 519 934 XLl.
555 895 619 934 ob.
652 894 744 947 Imp.
777 894 912 935 Nerva
942 894 1000 936 III.
1023 894 1112 936 Cos.
1131 892 1170 950 ⁵)
1204 918 1259 925 --
1290 900 1436 937 Romae.
1468 899 1592 938 Marini
1613 900 1734 938 Iscriz.

122 956 202 993 Alb.
233 968 266 1004 p.
303 955 396 993 133.
444 955 539 992 Oret.
574 955 701 992 2782.

608 1101 645 1138 §-
675 1096 730 1133 12.
792 1094 1023 1133 Animalium
1055 1098 1256 1146 epitaphia.

267 1214 388 1251 1177.
450 1208 587 1267 [Quae
605 1212 802 1253 habentur
820 1213 1008 1267 genuina,
1026 1213 1209 1253 versibus
1228 1217 1423 1263 constant,
1443 1226 1611 1266 quorum
1627 1226 1736 1256 non-

122 1271 228 1312 nulla
267 1271 368 1311 infra
411 1270 515 1312 inter
551 1271 830 1324 inscriptiones
869 1272 1046 1324 poeticas
1080 1272 1320 1324 recepimus.
1384 1272 1513 1313 Edidit
1544 1273 1736 1325 quaedam

121 1342 240 1384 prosa
265 1331 446 1371 oratione
474 1330 699 1442 consc]1¹ipta
729 1329 800 1370 sed
832 1330 1012 1370 sublesta
1042 1329 1134 1370 fide.
1177 1333 1319 1369 Fabret.
1351 1345 1385 1381 p.
1419 1333 1513 1370 331.
1546 1334 1600 1371 Cf.
1631 1335 1736 1372 Mor—

123 1392 204 1428 cen.
235 1392 312 1428 sui.
344 1392 387 1428 11.
419 1403 453 1439 p.
490 1389 581 1426 117.

265 1466 387 1503 1178.
448 1464 493 1504 D.
535 1464 585 1505 M.
630 1462 771 1504 Getula
812 1464 969 1505 Harena
1010 1469 1171 1519 prosata
1204 1464 1372 1507 Gaetulo
1406 1466 1551 1519 equino
1585 1466 1738 1508 consita

124 1523 323 1565 cursando
354 1523 488 1564 flabris
527 1535 712 1575 compara
745 1528 874 1564 aetate
906 1525 1044 1565 abacta
1076 1525 1221 1579 virgini
1253 1525 1459 1577 Spendusa
1489 1524 1641 1567 Lethen
1671 1527 1738 1567 in-

125 1583 235 1624 colis.
268 1603 323 1611 --
355 1586 500 1622 Romae.
547 1584 668 1621 Marin.
702 1585 775 1622 Att.
808 1585 833 1622 I.
865 1597 898 1634 p.
933 1586 998 1622 67.
1045 1586 1142 1623 Orel.
1173 1586 1298 1624 4322.

219 1718 257 1757 §-
288 1713 344 1751 13.
405 1714 671 1763 Fraqmenluin
702 1715 936 1752 laudationis
963 1714 1137 1762 funebris
1167 1716 1281 1752 macri
1312 1727 1337 1752 a
1364 1716 1447 1762 filio
1477 1715 1640 1754 habitae.

269 1819 391 1857 1179.
451 1816 628 1859 Murdiae
659 1818 702 1859 L.
734 1817 763 1858 f.
796 1818 932 1860 matris
966 1850 1070 1860 .....

148 1908 183 1918 ..
215 1876 287 1918 sed
327 1877 499 1930 propriis
540 1877 691 1918 viribus
735 1877 919 1919 adlevent
960 1883 1141 1930 caetera,
1180 1890 1258 1931 quo
1289 1878 1462 1920 firinmra
1493 1880 1741 1932 probabilio-

122 1948 247 1990 raque
278 1936 369 1976 sint.
432 1935 581 1976 Omnes
612 1935 714 1977 filios
747 1949 876 1989 aeque
910 1936 1003 1977 feeit
1033 1936 1218 1989 heredes,
1250 1939 1460 1990 partitione
1491 1938 1594 1979 filiae
1628 1939 1740 1990 data3

123 2007 235 2036 amor
275 1998 477 2035 maternus
520 1995 685 2036 caritate
716 1996 906 2048 liberum,
948 1995 1183 2048 aequalitate
1214 1997 1381 2049 partium
1414 2002 1581 2038 constat.
1644 1999 1741 2040 Viro

124 2058 275 2095 certam
304 2054 513 2106 pecuniam
546 2054 706 2107 legavit,
736 2059 777 2095 ut
808 2056 870 2095 ius
904 2054 1007 2096 dotis
1041 2055 1195 2095 honore
1226 2055 1344 2095 iudici
1376 2061 1606 2109 augeretur.
1647 2057 1741 2098 Mihi

123 2117 311 2154 revocata
349 2113 540 2152 memoria
580 2113 725 2166 patris,
766 2125 893 2166 eaque
935 2115 975 2153 in
1018 2114 1225 2154 consilium
1268 2119 1306 2153 et
1338 2113 1414 2154 fide
1454 2127 1527 2155 sua
1559 2114 1741 2163 adhibita,

123 2171 416 2213 aestumatione
436 2170 552 2223 facta,
585 2177 717 2212 certas
739 2184 806 2212 res
829 2177 1067 2213 testamento
1091 2172 1349 2226 praelegavit‚
1381 2186 1512 2225 neque
1537 2186 1583 2213 ea
1607 2179 1740 2215 mente

124 2243 205 2284 quo
236 2243 299 2270 me
329 2229 518 2270 fratribus
560 2231 657 2270 meis
690 2243 809 2283 quom
838 2231 968 2272 forum
984 2229 1024 2286 ὃ)
1068 2233 1195 2284 aliqua
1235 2232 1474 2273 contumelia
1506 2233 1744 2285 praeferret,

123 2288 196 2331 sed
227 2300 381 2329 memor
412 2289 653 2329 liberalitatis
684 2291 805 2342 patris
838 2290 928 2340 mei,
961 2289 1165 2331 reddenda
1198 2291 1288 2330 mihi
1319 2292 1466 2343 statuit,
1500 2303 1601 2343 quae
1632 2291 1742 2332 iudi—

123 2348 184 2388 cio
217 2348 291 2387 viri
331 2347 394 2388 sui
426 2360 479 2387 ex
510 2348 745 2401 patrimonio
776 2361 866 2390 meo
899 2349 1094 2402 cepisset,
1125 2353 1168 2389 ut
1200 2362 1246 2389 ea
1280 2347 1433 2404 ussu7)
1476 2362 1551 2390 suo
1595 2356 1740 2392 custo-

124 2405 202 2447 dita
233 2406 466 2460 proprietati
498 2419 611 2447 meae
642 2410 964 2448 restituerentur.
1027 2407 1210 2449 Constitit
1241 2420 1340 2462 ergo
1373 2409 1411 2449 in
1444 2408 1517 2448 boc
1549 2409 1624 2449 sibi
1654 2410 1742 2462 ipsa

123 2471 165 2506 ut
197 2478 219 2505 a
249 2465 479 2518 parentibus
512 2465 641 2519 dignis
675 2467 767 2506 viris
802 2466 890 2507 data
921 2467 1168 2507 matrimonia
1200 2467 1407 2519 obsequio,
1438 2467 1635 2520 probitate
1665 2481 1740 2510 re-

123 2525 290 2574 tineret,
332 2529 453 2577 nupta
495 2526 670 2565 meriteis
701 2526 854 2579 gratior
885 2525 1012 2577 fieret,
1044 2525 1121 2565 fide
1154 2527 1285 2566 carior
1317 2526 1554 2577 haberetur,
1593 2526 1740 2569 iudicio

124 2584 303 2624 ornatior
343 2583 659 2636 relinqueretur,
700 2589 792 2637 post
832 2584 1043 2625 decessum
1087 2596 1288 2625 consensu
1322 2584 1466 2624 civium
1497 2584 1740 2628 laudaretur.

125 2642 254 2690 Quom
287 2641 490 2694 discriptio
523 2643 693 2696 partium
725 2643 866 2684 babeat
899 2647 1055 2698 gratum
1085 2643 1287 2695 fidumque
1318 2643 1508 2694 animum,
1550 2644 1589 2684 in
1631 2646 1740 2687 viros

124 2700 422 2753 aequalitatem,
455 2701 494 2740 in
525 2701 675 2743 liberos
706 2702 911 2753 iustitiam,
942 2703 981 2742 in
1015 2703 1204 2750 veritate3
1238 2701 1379 2753 quibus
1414 2701 1462 2742 de
1495 2704 1653 2745 causeis
1686 2718 1741 2758 q.‚

265 2815 302 2859 1)
338 2817 454 2858 Quinti
486 2820 593 2852 nostri
627 2819 851 2864 dispensator.
889 2837 929 2842 —
964 2817 1003 2860 2)
1039 2818 1133 2850 locus
1161 2818 1258 2852 datus
1284 2831 1301 2852 a
1329 2819 1453 2860 Quinto
1478 2827 1604 2855 nostro.
1633 2840 1674 2844 —
1699 2820 1739 2865 3)

124 2863 204 2897 Post
230 2862 307 2898 Chr.
333 2865 388 2899 89.
417 2883 458 2887 ——
485 2866 524 2908 4)
550 2866 620 2900 scil.
646 2867 910 2912 Epaphroditus.
949 2883 988 2887 —
1025 2863 1062 2907 5)
1089 2866 1169 2899 Post
1205 2865 1281 2900 Chr.
1310 2867 1364 2901 97.
1399 2866 1490 2902 Orel.
1522 2885 1566 2891 -—-
1603 2867 1641 2912 6)
1671 2869 1738 2914 leg.

126 2921 256 2945 eorum.
284 2929 323 2935 —
352 2910 391 2954 7)
418 2914 521 2948 iussu.
