1877 3313
464 135 494 178 §.
520 135 575 171 12.
625 134 837 171 Testamenta
865 138 901 169 et
924 138 1204 170 testamentorum
1229 141 1355 180 partes.
1627 134 1715 178 403

247 241 464 284 Hocautem
493 247 790 284 monumentum
823 255 909 283 cum
942 241 1120 283 aedificio
1152 255 1283 297 neque
1312 243 1548 294 mutabitur,
1584 254 1716 296 neque

109 300 288 353 vaeniet,
319 314 451 355 neque
483 301 714 352 donabitur,
747 314 879 355 neque
911 301 1068 356 pignori
1100 301 1349 356 obligabitur,
1379 314 1455 342 neo
1484 301 1564 343 nllo
1596 301 1715 343 modo

109 360 414 412 abalienabitur‚
445 373 496 401 ne
529 360 578 401 de
610 361 769 401 nomine
801 365 918 400 exeat
950 360 1120 401 familiae
1150 372 1259 401 suae.
1292 384 1348 390 —
1378 363 1521 400 Romae.
1553 363 1650 400 Grut.
1680 375 1715 412 p.

112 422 205 460 762.
239 434 287 460 ex
318 422 460 471 Apiano
492 427 529 460 et
557 421 734 459 Fabricio.
795 423 1071 470 Spangenberg.
1103 433 1136 469 p.
1170 421 1264 459 391.
1297 423 1390 459 Orel.
1421 422 1546 459 4386.

253 509 379 547 1791.
440 507 483 548 L.
517 506 710 548 Caecilius
742 507 782 547 L.
815 507 855 548 F.
890 508 980 560 Pap.
1000 504 1036 561 1)
1078 507 1242 560 Optatus
1274 505 1309 560 7
1338 507 1415 562 leg.
1447 506 1525 548 Vll.
1559 506 1602 548 G.
1634 507 1715 548 Fel.

111 571 151 608 ct
182 562 218 622 7
249 567 326 621 leg.
370 566 454 608 XV.
495 565 665 620 Apollin.
707 567 849 607 missus
891 566 1060 607 honesta
1099 566 1286 606 missione
1327 567 1375 607 ab
1415 565 1507 620 Imp.
1540 565 1583 606 M.
1615 566 1715 607 Aur.

106 627 308 668 Antonino
340 630 380 666 et
410 625 508 666 Aur.
542 625 648 666 Vero
665 621 707 678 2)
748 625 850 678 Aug.
883 624 1065 665 Atlectus
1099 625 1146 664 ab
1179 622 1344 678 Tarrfl]
1375 625 1478 665 inter
1508 626 1716 675 immunes,

70 722 73 723 ⁷
107 690 314 727 consecut.
357 684 533 725 honores
575 681 782 738 aedilic.4]
826 684 855 724 n
884 684 964 735 vir.
1006 682 1052 723 lli
1090 683 1250 724 Flamen
1290 684 1440 725 Romae
1456 681 1496 738 ⁵)
1538 683 1716 725 divorum

105 743 324 798 Augustor.
344 744 409 796 qui
439 742 484 783 R.
516 743 558 784 Ρ.
586 740 754 797 Ba1·c.⁶)
787 740 943 796 ltalc.⁷)
976 741 1026 783 do
1053 742 1143 795 lego
1176 741 1339 794 darique
1370 743 1484 784 volo:
1516 742 1553 782 X
1583 738 1715 796 VILS)

106 816 162 843 ex
193 815 360 855 quorum
391 802 523 843 usuris
555 798 777 855 semissi.⁹)
800 801 864 841 edi
895 801 985 842 volo
1013 801 1234 854 quodannis
1259 806 1432 853 spectac.
1458 800 1632 855 pugilum
1653 801 1717 842 die

108 861 172 902 1111
200 861 336 903 Iduum
366 860 464 902 Iunii
495 872 626 914 usque
659 865 697 900 at
728 860 764 900 X
796 860 890 901 CCL
933 865 972 899 et
1004 859 1142 900 eadem
1175 859 1236 900 die
1269 872 1320 899 cx
1351 860 1387 899 X
1419 859 1479 900 CC
1511 859 1643 900 oleum
1675 861 1715 900 in

105 920 245 962 therm.
278 920 424 974 public.
455 919 603 973 populo
636 919 847 973 praeberi3
888 919 1002 971 hocq.
1045 919 1212 972 prestari
1253 919 1299 959 ea
1341 918 1574 960 condicione
1612 918 1718 967 volo,

104 983 148 1021 ut
175 980 308 1021 liberti
338 979 416 1020 mei
446 979 540 1019 item
570 978 746 1019 liberter.
780 990 903 1019 mcor.
936 978 1242 1030 libertarumquc
1272 977 1424 1028 liberti,
1457 989 1560 1030 quos
1591 976 1719 1019 honor

105 1038 308 1080 Seviratus
350 1037 562 1092 contigerit
605 1037 651 1078 ab
694 1038 876 1078 omnibus
917 1037 1145 1077 muneribus
1179 1036 1382 1078 Sex-iratus
1414 1037 1596 1078 excusati
1628 1037 1716 1077 sint.

106 1097 223 1146 Quod
255 1099 289 1140 si
321 1097 408 1150 quis
449 1109 588 1138 eorum
631 1101 670 1136 at
712 1108 877 1137 munera
919 1100 1083 1136 vocatus
1100 1091 1159 1149 ¹⁰]
1202 1094 1340 1146 fuerit,
1384 1100 1465 1136 tum
1509 1107 1556 1135 ea
1587 1094 1623 1135 X
1653 1094 1719 1135 vlt

105 1161 145 1198 at
174 1169 298 1211 remp.
332 1156 492 1196 Tarrac.
531 1154 741 1195 transferri
779 1155 896 1196 iubeo
938 1155 1010 1195 sub
1052 1153 1191 1195 eadem
1234 1154 1361 1194 forma
1401 1153 1719 1207 spectaculorum

106 1220 204 1268 quot
232 1216 269 1257 S.
302 1214 339 1256 S.
361 1212 418 1268 ¹¹)
451 1213 697 1255 edendorum
730 1214 970 1254 Tarracone.
1003 1212 1046 1252 L.
1079 1212 1126 1252 D.
1159 1212 1205 1252 D.
1233 1212 1279 1252 D.
1311 1234 1365 1242 *
1397 1215 1619 1261 Barcinone3
1649 1225 1718 1263 pro

105 1277 197 1314 aede
230 1277 393 1314 divorum
424 1275 510 1312 Iusti
541 1279 577 1311 et
607 1275 764 1312 Pastoris
795 1275 829 1311 in
861 1275 994 1322 angulo
1028 1273 1198 1311 exteriori
1229 1273 1355 1310 domus
1388 1274 1579 1311 cuiusdam.
1622 1273 1717 1310 Gru-

105 1341 172 1373 ter.
211 1349 245 1385 p.
287 1335 383 1372 378.
427 1347 473 1371 ex
515 1333 554 1370 iis
599 1345 691 1381 quae
737 1334 950 1379 Piersonus,
991 1332 1154 1368 Metellus
1196 1336 1232 1369 et
1274 1333 1444 1369 Schottus
1486 1336 1718 1381 exceperunt.

106 1395 382 1444 Spangenberg.
416 1407 449 1442 p.
485 1394 536 1429 67
572 1393 625 1429 cui
658 1397 823 1441 suspecta
857 1391 1042 1439 inscriptio
1075 1390 1229 1427 videtur.

251 1482 360 1519 1792
367 1507 1716 1519 ...............................

110 1538 244 1581 Caelia
275 1538 315 1579 C.
348 1538 388 1579 F.
422 1537 599 1578 Macrine
631 1541 853 1578 testamcnt.
887 1549 937 1577 ex
969 1535 1041 1578 HS.
1074 1535 1148 1576 CC.
1169 1567 1178 1576 .
1197 1568 1233 1576 ..
1264 1535 1352 1576 fieri
1382 1535 1509 1585 iussit,
1540 1536 1580 1577 in
1604 1536 1719 1576 cuius

103 1602 286 1640 ornatum
327 1601 367 1638 et
408 1596 568 1637 tute-lam
610 1596 769 1639 Hs...
802 1595 982 1648 reliquid.
1053 1595 1202 1636 Eadem
1244 1595 1282 1635 in
1324 1595 1554 1636 memoriam
1593 1594 1719 1636 Macri

101 1657 156 1698 fili
187 1657 249 1698 sui
280 1655 625 1697 'l'arricinensibus
655 1655 782 1696 HS...
814 1653 986 1707 reliquid
1014 1659 1058 1695 ut
1079 1666 1131 1694 ex
1152 1653 1282 1695 reditu
1303 1654 1388 1694 eius
1412 1654 1608 1708 pecuniae
1640 1652 1717 1693 da-

101 1721 244 1757 rentur
276 1719 433 1756 centum
464 1715 599 1768 pueris
631 1715 903 1755 alimentorum
941 1714 1101 1754 nomine
1140 1713 1242 1767 sing.
1274 1713 1438 1754 mensib.
1470 1714 1573 1767 sing.
1605 1712 1719 1753 XIIII.

101 1776 238 1829 pueris
270 1787 357 1828 usq.
389 1773 439 1814 ad
469 1785 595 1815 annos
628 1773 728 1815 XVI.
761 1773 904 1828 puellis
935 1784 1024 1825 usq.
1068 1771 1116 1813 ad
1147 1784 1274 1814 annos
1311 1771 1398 1812 Xlll
1437 1772 1491 1812 ita
1531 1776 1575 1812 ut
1604 1784 1719 1813 sem—

102 1846 177 1888 per
197 1833 227 1874 C
247 1833 362 1887 pueri
392 1838 432 1873 et
463 1832 621 1886 puellae
653 1864 663 1873 .
683 1865 691 1874 .
711 1845 758 1873 .r
778 1829 835 1886 Γ3)
867 1832 1151 1873 successiones
1182 1831 1387 1884 accipiant.
1419 1854 1469 1858 ——
1493 1833 1718 1870 Terracinae.

102 1896 278 1943 Borghesi
319 1895 354 1931 in
393 1894 521 1931 Bullet.
564 1894 660 1931 arch.
699 1894 820 1932 1839.
860 1907 894 1943 p.
931 1893 1024 1930 153.
1068 1893 1199 1930 Osann.
1241 1893 1274 1930 in
1305 1893 1438 1941 Bergk.
1480 1892 1652 1930 Zeitscbr.
1693 1893 1717 1929 f.

102 1955 146 1993 A.
177 1954 240 1993 W.
275 1953 398 1991 1848.
430 1965 482 1991 nr.
518 1952 640 1990 1832.

247 2041 371 2079 1793.
436 2039 562 2093 Caput
593 2052 644 2080 ex
675 2043 912 2081 testamento
945 2039 1154 2080 Cetraniae
1185 2036 1411 2079 Severinae.

244 2111 431 2165 Collegiis
450 2110 833 2164 dendrophororum,
856 2110 1008 2151 fabrum
1029 2109 1349 2150 centonariorum
1370 2107 1512 2150 munic.
1530 2103 1715 2162 Sassi.¹³)

103 2169 164 2214 HS
197 2182 297 2212 sena
327 2171 431 2211 milia
461 2169 509 2211 N.
542 2169 626 2211 dari
657 2170 763 2220 volo,
796 2169 968 2222 fideique
998 2173 1158 2209 vestrae
1191 2167 1386 2222 collegiali
1418 2167 1632 2219 committe,
1662 2167 1718 2207 uti

106 2243 159 2271 ex
188 2228 322 2271 reditu
351 2229 413 2271 HS
446 2233 627 2283 quatern.
659 2230 709 2271 M.
743 2229 788 2270 N.
822 2229 1002 2269 omnibus
1035 2228 1145 2268 annis
1177 2225 1276 2280 prid.
1318 2225 1408 2267 Idus
1429 2225 1510 2267 lun.
1544 2224 1608 2265 die
1639 2237 1716 2266 na-

101 2289 190 2330 talis
221 2288 300 2329 mei
331 2288 464 2330 oleum
495 2289 661 2343 singulis
692 2288 807 2329 vobis
839 2286 1037 2327 dividatur
1068 2290 1108 2326 et
1139 2298 1191 2326 ex
1221 2284 1353 2326 reditu
1383 2283 1443 2326 HS
1473 2285 1605 2325 binum
1627 2284 1716 2325 mil—

101 2348 194 2389 lium
223 2347 271 2388 N.
302 2360 440 2388 manes
472 2359 585 2389 meos
618 2347 769 2389 colatis.
830 2346 914 2387 Hoc
946 2350 989 2386 ut
1020 2346 1072 2386 ita
1103 2344 1255 2385 faciatis
1287 2343 1379 2385 fidei
1408 2348 1569 2385 vestrae
1601 2355 1716 2385 com-

102 2407 226 2448 mitto.
258 2429 314 2436 -—-
345 2410 532 2447 Inventum
563 2409 729 2447 Sassinae
761 2408 794 2446 in
826 2406 992 2444 Flaminia
1025 2407 1069 2443 ad
1101 2406 1279 2455 Appenini
1310 2405 1451 2443 radices
1474 2405 1509 2443 in
1531 2416 1591 2442 ara
1616 2416 1712 2442 mar-

246 2580 282 2624 1)
308 2581 566 2626 Spangenberg.
591 2579 680 2614 male
706 2577 741 2612 Ρ.
767 2577 802 2611 P.
828 2588 928 2622 quum
956 2574 1118 2610 Gruterus
1145 2575 1203 2609 det
1227 2575 1317 2609 PAP.
1342 2574 1504 2619 Idemque
1521 2584 1588 2606 non
1606 2573 1714 2617 magis

103 2635 200 2664 recte
234 2640 297 2674 pro
332 2632 430 2674 signo
465 2627 680 2662 Centurionis
705 2625 855 2659 exhibet:
882 2630 920 2657 el.
946 2640 990 2645 -
1016 2622 1054 2666 2)
1081 2623 1243 2657 Gruterus
1270 2628 1388 2666 aperto
1405 2622 1506 2654 vitio:
1537 2619 1626 2654 Varo
1650 2630 1713 2664 pro

108 2676 205 2710 Vero.
244 2676 321 2710 Mox
345 2687 407 2720 pro
432 2675 569 2709 allectus
594 2672 892 2718 Spangenbergius
911 2677 1057 2704 temere:
1083 2670 1241 2704 adlectus.
1268 2687 1309 2691 —
1338 2667 1375 2710 3)
1397 2667 1713 2701 Tarraconensibus.

104 2740 148 2746 —
172 2723 214 2766 4)
240 2729 443 2757 consecutus
469 2723 615 2756 honores
640 2719 823 2754 aedilicios.
850 2737 894 2741 ——
920 2716 958 2760 5)
977 2724 1054 2763 post
1070 2718 1191 2751 Romae
1208 2716 1375 2750 excidisse
1398 2715 1531 2748 videtur
1548 2716 1712 2748 coniunc-

103 2771 150 2803 tio
175 2777 213 2804 ει.
249 2788 291 2794 -
326 2767 364 2812 6)
390 2770 439 2803 rei
464 2769 620 2814 publicae
645 2766 899 2800 Barcinonensi.
933 2782 975 2787 —
1010 2763 1048 2807 7)
1074 2770 1193 2809 aperte
1222 2765 1354 2798 vitiose.
1389 2761 1645 2806 Spangenberg.
1671 2772 1714 2794 ex

105 2818 317 2851 coniectura:
350 2816 446 2850 talia.
480 2834 525 2838 —
557 2815 597 2856 8)
631 2814 846 2847 denariorum
880 2818 1010 2856 septem
1044 2812 1156 2845 millia.
1191 2827 1231 2833 —-
1265 2811 1303 2852 9)
1338 2809 1544 2842 semissibus.
1580 2825 1622 2830 -
1651 2805 1712 2850 10)

105 2862 205 2906 Apud
237 2863 370 2899 Gruter.
403 2864 536 2896 vocibus.
573 2879 615 2884 —
651 2858 712 2903 ’11)
738 2859 923 2904 legendum
948 2865 982 2892 et
1007 2858 1296 2899 interpretandum
1327 2856 1482 2889 videtur:
1511 2867 1588 2900 quos
1611 2866 1713 2900 supra

106 2911 235 2954 scripsi.
271 2929 311 2935 —
347 2910 409 2954 12)
443 2909 618 2953 Borghesi.
651 2907 785 2952 supplet
821 2907 917 2944 Tarr.
944 2902 1297 2949 (Tarracinensibusk
1332 2902 1453 2939 Osann.
1486 2914 1547 2948 per
1582 2914 1713 2938 succes-

105 2956 221 2992 stenes.
248 2976 287 2983 ——
315 2955 375 3001 13)
400 2957 572 3003 municipii
595 2955 781 2993 Sassinatis.

1402 3008 1501 3053 26ἐξ
