1877 3313
146 185 231 227 212
592 182 696 216 Inscr.
720 183 893 227 profanae.
942 182 1022 228 Cap.
1047 183 1088 217 II.
1138 182 1297 218 Tabulae.

143 296 268 339 turve,
300 288 415 329 neive
446 288 532 341 quis
565 288 671 342 quid,
701 294 955 343 posteaquam
989 287 1235 345 [vecti]5,ralia
1267 290 1496 343 consistent,
1528 303 1628 344 quae
1647 295 1739 344 post

143 350 178 390 h.
214 348 239 388 l.
271 360 357 401 rog.
390 347 554 400 primum
598 349 866 401 constiterint,
907 350 957 390 ob
991 361 1062 389 eos
1094 346 1236 403 ag[ros
1268 349 1485 402 pequniae,
1516 350 1736 404 vectigalis,

141 408 411 459 scripturaeve
443 407 598 446 nomine
630 419 701 459 pro
734 420 781 449 eo
813 420 983 461 pecore,
1025 407 1129 460 quod
1171 408 1210 448 in
1254 408 1310 448 eis
1343 404 1497 462 agr]eis
1539 413 1735 461 pascetur,

139 466 286 520 populo
317 470 385 507 aut
414 465 622 518 publicano
642 463 678 520 ¹]
712 464 805 507 dare
837 466 991 507 debeat.

827 536 878 576 Ca
910 540 950 576 ut
980 535 1043 576 IX.

282 594 386 643 Quei
427 606 524 648 ager
564 593 677 636 locus
714 549 904 647 publicusp
931 592 1086 649 popu[li
1116 595 1295 636 romanei
1324 595 1363 636 in
1404 599 1509 636 terra
1549 595 1655 636 Italia
1695 595 1736 636 P.

139 652 269 695 Mucio
301 653 345 694 L.
379 652 587 706 Calpurnio
619 665 701 694 cos.
733 652 824 704 fuit,
857 665 974 706 quem
1006 666 1143 708 agrum
1177 655 1213 694 in
1256 666 1305 695 eo
1337 665 1435 706 agro
1476 653 1658 695 locumve
1689 653 1739 695 de

141 724 190 753 eo
223 724 321 765 agro
353 711 396 752 L.
430 711 623 752 Caecilius
656 711 724 752 Cn.
755 711 948 752 Domitius
981 709 1193 766 censores]
1226 725 1259 752 a.
1292 711 1327 752 d.
1360 709 1468 766 X12)
1496 712 1530 753 k.
1564 713 1738 754 octobris

141 771 231 812 oina
265 783 383 823 quom
415 782 534 824 agro,
566 771 657 823 quei
688 775 795 810 trans
832 770 1004 811 Curione
1019 767 1057 824 ³)
1090 777 1171 821 est,
1213 771 1466 821 locaverunt,
1498 772 1588 823 quei
1619 772 1656 812 in
1689 783 1738 812 eo

139 841 238 882 agro
271 826 378 882 10[c0
403 827 541 884 ceivis]
571 841 754 869 romanus
786 830 990 870 sociumve
1021 830 1237 870 nominisve
1268 830 1385 879 latini,
1417 830 1555 882 quibus
1577 843 1628 870 ex
1650 829 1740 871 for-

139 888 242 928 mula
274 893 497 941 togatorum
531 884 690 942 [milites
721 888 759 927 in
790 893 895 927 terra
926 887 1029 928 ltalia
1060 889 1255 940 imperare
1286 888 1428 938 solent,
1460 900 1597 941 agrum
1629 886 1740 943 loc]-

140 959 205 987 um
238 947 437 999 publicum
471 946 602 999 populi
632 947 806 986 romanei
828 945 875 985 de
897 958 968 986 sua
991 947 1224 999 possesione
1245 952 1360 986 velus
1392 958 1583 999 possesor
1613 958 1740 999 prove

139 1010 279 1045 vetere
311 1001 547 1059 posseso[re
580 1004 696 1055 dedit,
728 1017 804 1057 quo
837 1006 873 1044 in
907 1017 1005 1057 agro
1027 1004 1115 1045 loco
1140 1004 1324 1057 oppidum
1347 1005 1553 1045 coloniave
1576 1005 1739 1059 exlege

138 1063 320 1116 plebeive
352 1065 452 1104 scito
485 1063 788 1103 constitueretur
820 1062 1085 1102 deduceretur
1123 1063 1422 1114 conlocaretur,
1462 1074 1540 1115 quo
1572 1064 1610 1103 in
1641 1074 1739 1117 agro

138 1121 229 1162 loco
260 1121 307 1162 Ill
324 1123 383 1162 vir
411 1122 591 1163 coloniae
623 1120 877 1161 deducendae
910 1126 1065 1161 creatus
1097 1118 1158 1174 i]d
1191 1121 1374 1173 oppidum
1406 1120 1654 1162 coloniamve
1687 1135 1741 1162 ex

139 1179 231 1234 lege
264 1181 444 1233 plebeive
475 1193 529 1221 sc.
560 1180 763 1220 constituit
802 1179 1033 1228 deduxitve‚
1075 1178 1401 1232 conlocavitque:
1443 1192 1560 1232 quem
1601 1192 1740 1235 agrum

141 1235 312 1350 [locume
345 1252 395 1279 ve
425 1251 497 1293 pro
529 1250 577 1279 eo
608 1250 706 1291 agro
736 1238 915 1278 locumve
947 1238 996 1277 de
1028 1250 1077 1277 eo
1117 1250 1237 1290 agro,
1270 1240 1362 1290 quei
1393 1238 1573 1291 publicus
1602 1239 1739 1292 populi

140 1309 277 1337 roman
302 1298 339 1337 ei
370 1298 407 1337 in
440 1303 584 1337 terram
624 1296 767 1336 ltaliam
808 1297 850 1336 P.
882 1297 1012 1337 Mucio
1053 1297 1096 1335 L.
1140 1296 1348 1349 Calpurnio
1380 1309 1448 1337 cos
1490 1296 1586 1348 fuit,
1627 1301 1740 1338 extra

141 1367 230 1396 eum
262 1352 424 1410 a]grum
456 1355 609 1406 locum,
641 1356 731 1407 quei
763 1367 861 1408 ager
890 1355 1002 1396 locus
1034 1368 1085 1395 ex
1116 1355 1205 1408 lege
1239 1355 1420 1408 plebeive
1452 1367 1524 1406 sc„
1556 1356 1664 1408 quod
1697 1355 1738 1396 C.

139 1413 357 1467 Semproni.
389 1414 447 1454 Ti.
478 1414 504 1454 f.
538 1419 584 1455 tr.
615 1414 664 1466 pl.
697 1426 783 1467 rog.
816 1410 1046 1467 excep[tum
1073 1415 1292 1454 cavitumve
1315 1418 1375 1454 est
1395 1415 1460 1454 nei
1481 1413 1739 1466 divideretur,

140 1555 279 1592 blicano
312 1555 416 1592 detur
447 1555 673 1600 exigaturve‚
705 1567 796 1591 neve
829 1555 903 1603 quis
937 1556 1017 1603 quid
1050 1560 1283 1603 posteaquam
1316 1556 1506 1603 vectigalia
1531 1556 1737 1602 consistent,

141 1626 232 1661 quae
263 1619 344 1662 post
376 1615 466 1650 hanc
498 1615 615 1659 legem
638 1617 799 1660 rogatam
823 1615 968 1662 primum
993 1616 1228 1660 constiterint,
1261 1616 1307 1651 ob
1333 1627 1394 1652 eos
1419 1626 1526 1661 agros
1549 1615 1736 1663 pecuniae,

143 1673 344 1720 vectigalis,
373 1674 615 1721 seripturaeve
647 1673 788 1709 nomine
819 1684 884 1720 pro
918 1685 961 1710 eo
993 1685 1138 1721 pecore,
1171 1674 1268 1721 quod
1299 1674 1333 1711 in
1365 1674 1414 1711 eis
1439 1674 1534 1721 agris
1555 1678 1738 1722 pascetur,

143 1733 279 1781 populo
313 1736 371 1769 aut
402 1733 590 1780 publicano
624 1732 709 1768 dare
741 1731 882 1767 debeat.

809 1802 921 1850 Caput
960 1802 1067 1840 vnn.

284 1872 350 1917 Qui
384 1883 471 1918 ager
502 1873 599 1909 locus
631 1872 790 1920 publicus
822 1872 943 1920 populi
975 1872 1110 1909 romani
1144 1873 1176 1909 in
1209 1877 1304 1909 terra
1336 1872 1435 1909 Italia
1467 1873 1502 1910 P.
1534 1871 1669 1918 Mucio,
1701 1872 1736 1909 L.

145 1932 334 1980 Calpurnio
377 1931 579 1968 consulibus
613 1931 698 1977 fuit,
740 1942 843 1977 quem
875 1942 999 1978 agrum
1030 1932 1062 1967 in
1096 1943 1141 1968 eo
1175 1943 1264 1977 agro
1299 1931 1462 1968 locumve
1494 1931 1538 1968 de
1569 1941 1615 1968 eo
1648 1941 1738 1978 agro

144 1991 179 2027 L.
212 1990 383 2027 Caecilius
416 1990 477 2026 Cn.
511 1990 682 2027 Domitius
713 2000 883 2026 censores
915 1994 994 2025 ante
1037 1990 1130 2026 diem
1172 1990 1230 2026 Xl.
1263 1989 1440 2026 Kalendas
1472 1989 1638 2027 Octobris
1671 2001 1738 2026 una

145 2061 221 2086 cum
255 2060 356 2096 agro.
389 2049 445 2096 qui
478 2053 573 2084 trans
607 2049 786 2085 curionem
819 2053 885 2094 est,
919 2048 1146 2094 locaverunt,
1180 2048 1238 2095 qui
1270 2048 1303 2084 in
1335 2060 1380 2085 eo
1413 2059 1502 2095 agro
1534 2049 1616 2084 loco
1648 2047 1735 2084 civis

144 2119 307 2144 romanus
340 2108 566 2144 sociorumve
598 2107 746 2143 nominis
777 2106 896 2151 latini,
937 2107 1059 2153 quibus
1102 2118 1147 2143 ex
1180 2107 1329 2143 formula
1373 2111 1580 2153 togatorum
1612 2106 1738 2142 milites

144 2166 178 2202 in
211 2171 305 2202 terra
336 2166 433 2202 Italia
465 2166 639 2213 imperare
671 2166 810 2210 solent,
843 2176 965 2212 agrum
999 2166 1114 2202 locum
1147 2166 1320 2213 publicum
1352 2165 1472 2213 populi
1515 2164 1649 2201 romani
1693 2165 1737 2201 de

146 2237 207 2261 sua
241 2225 468 2272 possessione
512 2229 612 2260 vetus
654 2235 842 2272 possessor
883 2235 997 2271 prove
1039 2228 1162 2259 vetere
1193 2234 1405 2271 possessore
1439 2223 1558 2268 dedit,
1600 2223 1737 2270 quoin

146 2295 235 2329 agro
269 2285 349 2320 loco
383 2283 548 2330 oppidnrn
582 2283 768 2319 coloniave
801 2293 845 2318 ex
878 2282 959 2328 lege
993 2283 1132 2329 plebive
1164 2282 1252 2317 scito
1287 2281 1584 2326 constitueretur,
1619 2282 1738 2317 dedu-

147 2347 310 2387 ceretur,
353 2343 623 2386 conlocaretur,
667 2352 737 2387 quo
771 2341 803 2376 in
847 2351 936 2386 agro
979 2340 1060 2376 loco
1103 2340 1261 2375 triumvir
1302 2340 1465 2376 coloniae
1506 2340 1737 2376 deducendae

147 2406 289 2437 creatus
323 2401 356 2436 id
389 2400 555 2448 oppidum
589 2400 809 2435 coloniamve
841 2410 887 2435 ex
918 2399 1001 2445 lege
1028 2399 1171 2446 plebive
1194 2398 1285 2434 scito
1309 2399 1501 2443 constituit,
1533 2398 1737 2444 deducitve‚

147 2460 446 2506 conlocavitque:
489 2470 590 2505 quem
624 2469 747 2503 agrum
790 2458 952 2494 locumve
990 2467 1056 2505 pro
1090 2468 1133 2493 eo
1166 2468 1255 2501 agro
1293 2457 1456 2493 locumve
1495 2456 1540 2492 de
1572 2467 1615 2492 eo
1647 2467 1737 2504 agro

149 2518 245 2562 loco,
278 2517 335 2565 qui
367 2516 526 2564 publicus
558 2517 680 2564 populi
711 2516 845 2553 romani
877 2515 910 2551 in
942 2520 1071 2551 terram
1103 2515 1237 2551 ltaliam
1268 2515 1304 2551 P.
1331 2514 1460 2561 Mucio,
1491 2514 1524 2551 L.
1549 2514 1737 2562 Calpurnio

148 2576 348 2612 consulibus
381 2575 465 2621 fuit,
497 2578 597 2610 extra
630 2586 708 2611 eum
740 2585 863 2620 agrum
896 2574 1034 2610 locum.
1066 2573 1123 2621 qui
1155 2585 1243 2620 ager
1274 2574 1372 2610 locus
1405 2585 1451 2610 ex
1481 2573 1564 2620 lege
1595 2572 1736 2621 plebive

148 2635 260 2680 scito,
301 2634 397 2682 quod
430 2633 467 2670 C.
498 2634 726 2681 Sempronius
767 2632 895 2670 Tiberii
926 2632 1013 2669 filius
1046 2631 1189 2669 tribinus
1229 2631 1345 2680 plebis
1375 2631 1520 2679 rogavit
1549 2635 1738 2680 exceptum

290 2793 326 2836 1)
351 2794 512 2827 mendose
534 2791 716 2837 publicaclo.
752 2809 792 2814 —
823 2790 861 2835 2]
887 2793 919 2826 in
945 2791 1075 2826 tabula:
1101 2790 1159 2824 XE
1184 2801 1244 2835 pro
1270 2791 1325 2824 XI.
1362 2809 1402 2814 —
1436 2787 1475 2833 3)
1500 2795 1592 2824 trans
1618 2789 1736 2823 curto-

150 2850 224 2872 nem
249 2840 330 2873 Rud.
358 2840 421 2873 Sed
449 2846 541 2873 trans
564 2840 697 2871 curione
722 2840 903 2872 clarissima
931 2838 1064 2871 tabulae
1090 2839 1253 2881 scriptura
1280 2838 1463 2880 Gottlingio
1489 2842 1584 2870 teste.
1617 2837 1647 2870 Is
1667 2838 1737 2880 ipse

153 2884 288 2927 (Gesch.
316 2888 345 2919 d.
372 2892 452 2920 rom.
480 2886 795 2929 Staatsversassung.
829 2897 858 2930 p.
886 2887 970 2927 447)
998 2886 1158 2918 coniecit:
1195 2890 1282 2916 trans
1318 2884 1522 2917 Rubiconem
1556 2883 1737 2917 mendosae

153 2934 333 2975 scripturae
359 2934 514 2974 subesse3
550 2931 704 2965 Huschke
740 2931 835 2973 (Krit.
861 2931 1069 2965 Jahrbucher
1105 2932 1156 2964 sur
1182 2929 1400 2963 Rechtswtss.
1435 2929 1494 2962 Bd.
1521 2929 1560 2962 X.
1595 2940 1627 2973 p.
1653 2927 1735 2971 592)

153 2979 407 3022 intelligendum
433 2991 506 3013 esse
532 2977 637 3028 κὴριον
662 2975 744 3026 ὅρος,
771 2981 861 3012 cuius
884 2978 1004 3012 Strabo
1040 2976 1095 3020 (X.
1119 2988 1151 3022 p.
1176 2978 1254 3011 451.
1280 2977 1375 3020 565.)
1407 2977 1612 3010 mentionem
1643 2976 1735 3011 lacit.
