1877 3313
434 167 466 209 §.
491 167 524 202 2.
571 167 787 202 Feminarum
812 168 1032 212 ingenuarum
1059 173 1093 202 et
1117 167 1320 203 libertarum.
1612 168 1669 211 77

75 284 245 326 quorum
277 272 468 326 imagines
497 272 647 314 laterib.
679 272 850 325 scalptae
882 276 974 313 sunt
1015 277 1055 313 et
1084 278 1174 325 post
1204 273 1374 315 hobitum
1392 270 1429 328 ¹)
1460 284 1543 314 eor.
1577 286 1669 316 ossa

73 328 210 385 rec.2)
243 331 281 371 in
313 343 363 372 eo
394 331 589 384 sepulchr.
622 332 798 385 permisit
828 330 878 371 M.
911 329 1033 371 Aurei
1063 331 1170 372 Milit.
1204 332 1249 373 O.
1279 332 1329 373 M.
1354 332 1399 373 H.
1425 332 1475 373 M.
1498 332 1569 373 Ex,
1593 332 1665 386 Eq.

71 390 150 443 leg.
199 389 256 430 III.
298 389 378 430 Ital.
422 389 466 430 V.
508 390 550 430 F.
595 387 693 444 C.3)
737 410 793 418 -·—-
839 391 988 437 Regiui3
1027 404 1118 429 nunc
1160 393 1193 429 in
1236 392 1427 441 antiquario
1467 393 1669 431 Monacens.

74 451 200 498 Apian.
231 463 267 499 p.
298 451 394 487 444.
427 461 495 486 von
527 447 664 487 Hefner
695 450 871 486 Romiscb.
903 449 1053 495 Bayern.
1086 463 1118 487 n.
1151 450 1245 487 214.
1278 452 1390 489 Eiusd.
1421 452 1518 490 Rom.
1540 453 1666 489 Denk-

73 509 195 555 mffler,
228 509 284 545 in:
317 508 538 555 Oberbayer.
571 509 714 545 Archiv.
750 509 806 545 VI.
838 521 871 556 p.
905 507 1000 545 228.
1033 521 1136 556 quern
1167 509 1352 556 sequimur.

216 585 309 621 588.
370 581 474 622 Iunia
499 580 662 622 Crocale
685 580 931 623 officinatriX.
953 582 1039 622 Vix.
1064 595 1125 623 an.
1148 582 1273 623 XXX.
1299 606 1354 612 ———
1376 586 1517 625 Pisauri.
1540 587 1667 624 Donat.

72 644 114 681 11.
145 656 180 692 p.
213 642 307 680 320.
354 642 448 680 Orel.
479 641 604 678 4257.

52 767 55 769 Β
214 718 307 755 589.
367 715 436 756 Dis
466 715 646 756 Manibus
677 715 849 756 Liciniae
881 714 1011 757 Crassi
1041 716 1164 769 Frugi
1194 717 1389 758 Pontificis
1417 717 1457 759 F.
1484 718 1666 772 Magnae,

72 774 115 814 L.
146 774 298 815 Pisonis
329 773 524 815 Pontificis
558 786 671 815 uxor.
714 797 768 802 —
810 777 952 814 Romae.
986 777 1123 815 Gruter.
1164 791 1198 827 p.
1233 778 1322 815 306.
1369 779 1474 816 lllorc.
1512 779 1577 828 Op.
1610 792 1666 829 ep.

72 836 115 872 ΙΙ.
155 835 220 872 99.

213 911 307 948 590.
367 908 550 962 Liguriae
581 909 626 957 Q.
660 909 712 949 fil.
744 909 956 950 Frontinae
989 911 1032 958 Q.
1055 910 1244 951 Hortensi
1265 910 1412 951 Katulli.
1445 911 1544 952 HuIc
1567 910 1666 953 ordo

71 967 343 1008 Narbonensis
383 967 538 1020 publice
581 967 701 1008 funus
744 973 782 1008 et
824 980 960 1009 omnes
1002 969 1214 1024 vectigales
1248 968 1433 1011 decrevit.
1474 992 1529 999 —
1571 973 1668 1010 Grut.

70 1040 107 1077 p.
138 1028 237 1065 430.
283 1028 428 1065 More-el.
461 1028 525 1076 Op.
559 1040 614 1076 ep.
645 1029 687 1065 11.
723 1028 815 1065 104.

214 1104 308 1141 591.
368 1101 537 1142 Liciniae
567 1102 774 1142 Procissae
805 1103 916 1142 matri
948 1103 1056 1156 piae,
1087 1104 1229 1144 nutrici
1260 1103 1504 1146 dulcissimae
1544 1105 1668 1148 Cres-

72 1172 168 1202 cens
201 1160 306 1201 fecit.
340 1182 395 1188 —-
427 1163 586 1199 Passion.
619 1163 668 1199 Ci.
702 1163 778 1208 vn,
812 1175 844 1200 n.
882 1163 943 1200 17.
990 1165 1098 1201 More.
1132 1165 1182 1201 St.
1215 1165 1360 1202 CLVIII.

215 1239 308 1276 592.
368 1236 507 1277 Manlia
540 1236 727 1284 Quartilla
760 1249 845 1277 cum
879 1237 1053 1277 Tertulla
1094 1236 1236 1279 delicio
1279 1251 1350 1280 suo
1391 1239 1450 1280 hic
1490 1240 1563 1281 sita
1595 1246 1667 1282 est.

72 1318 128 1325 —
159 1298 251 1335 Maff.
281 1298 367 1334 Mus.
400 1298 442 1334 V.
472 1309 506 1345 p.
528 1297 622 1333 263.
664 1298 773 1334 More.
806 1297 986 1333 CLXXVI.

215 1373 308 1410 593.
367 1371 475 1411 Have
504 1369 646 1411 Manlia
677 1369 867 1410 Anthusa.
910 1369 1020 1410 Bene
1061 1371 1111 1411 sit
1153 1372 1243 1421 tibi,
1288 1373 1347 1425 qui
1389 1373 1487 1427 legis
1529 1375 1667 1427 etqui

72 1431 280 1483 praeteris,
313 1429 403 1469 mihi
435 1429 502 1480 qui
532 1428 608 1469 hoc
649 1427 740 1469 loco
774 1434 1067 1470 monumentum
1108 1429 1184 1470 feci
1216 1435 1254 1471 et
1288 1431 1395 1472 meis.
1424 1454 1479 1461 —-
1511 1436 1667 1474 Velitris,

74 1491 250 1528 Cardinali
280 1490 399 1527 Iscriz.
432 1489 537 1526 Velit.
571 1502 604 1537 p.
640 1488 731 1525 150.

215 1566 310 1603 594.
370 1563 438 1604 Dis
469 1563 649 1604 Manibus
680 1563 858 1604 Maeviae
890 1563 1043 1617 Soplies
1070 1564 1112 1605 E.
1136 1564 1315 1607 Maenius
1334 1566 1486 1608 Cimber
1509 1567 1668 1623 coniugi

75 1622 346 1665 sanctissimae
378 1627 417 1662 et
448 1623 731 1663 conservati-ici
755 1621 952 1663 desiderio
976 1623 1136 1675 spiritus
1160 1624 1257 1665 meis
1281 1637 1376 1677 quae
1399 1627 1490 1666 vixit
1514 1639 1668 1667 mecum

75 1695 137 1722 an.
168 1681 286 1722 XllX.
327 1693 486 1721 menses
517 1679 576 1720 III.
620 1679 703 1721 dies
743 1680 839 1721 XlII.
884 1680 989 1734 quod
1022 1682 1101 1721 vixi
1143 1695 1230 1723 cum
1273 1696 1318 1724 ea
1355 1685 1437 1725 sine
1479 1685 1669 1738 querella.

73 1741 169 1781 Nam
201 1753 304 1781 nunc
336 1751 486 1792 queror
518 1743 609 1791 aput
639 1738 775 1780 Manes
807 1739 891 1780 eius
925 1744 962 1780 et
993 1740 1126 1793 flagito
1158 1740 1307 1782 Ditem:
1335 1747 1400 1783 aut
1427 1749 1462 1785 et
1483 1756 1546 1784 me
1568 1744 1668 1784 red-

75 1798 155 1840 dite
187 1799 345 1852 coniugi
377 1810 487 1838 meae
521 1810 620 1849 quae
653 1811 805 1839 mecum
841 1799 936 1838 vixit
968 1803 1031 1838 tan
1063 1799 1263 1840 concorde
1295 1801 1337 1840 al
1370 1801 1524 1843 fatalem
1551 1801 1666 1843 diem.

73 1858 205 1899 Mevia
235 1856 365 1909 Sophe
397 1857 560 1909 impetra
593 1857 732 1908 siquae
764 1861 855 1897 sunt
884 1856 1035 1907 Manes,
1068 1858 1107 1896 ni
1138 1863 1215 1898 tam
1237 1859 1443 1902 scelestum
1467 1861 1671 1902 dissidium

74 1916 306 1969 experiscar
319 1912 360 1968 4]
393 1914 548 1955 diutius.
596 1915 752 1968 Hospes
784 1916 834 1955 ita
866 1920 956 1968 post
987 1916 1135 1956 obitum
1167 1918 1216 1957 sit
1247 1918 1325 1958 tibe
1352 1923 1455 1960 terra
1488 1919 1599 1971 levis,
1631 1925 1672 1960 ut

75 1979 116 2015 tu
157 1975 218 2014 hic
260 1973 351 2014 nihil
403 1973 588 2023 laeseris,
632 1979 699 2014 aut
740 1974 862 2025 siquis
903 1973 1063 2014 laeserit
1094 1987 1168 2015 nec
1210 1977 1359 2028 supeiis
1391 1978 1671 2030 comprobetur

75 2045 151 2073 nec
180 2032 297 2072 inferi
328 2032 519 2084 recipiant
560 2036 599 2071 et
630 2033 679 2072 sit
711 2032 748 2072 ei
780 2036 883 2072 terra
923 2033 1070 2086 gravis.
1114 2056 1169 2062 -—-
1213 2037 1439 2075 Amendolac.
1480 2038 1669 2075 Cardinali.

75 2094 227 2142 Diplom.
268 2093 350 2142 imp.
392 2105 426 2141 p.
460 2092 525 2129 34.
573 2092 667 2129 Orel.
707 2093 808 2129 Anal.
850 2093 964 2141 epigr.
1006 2106 1039 2142 p.
1074 2093 1139 2130 51.
1182 2094 1239 2142 qui
1281 2095 1364 2133 hanc
1404 2096 1669 2146 inscriptionem

75 2163 222 2201 prorsus
255 2152 427 2188 sinceram
459 2152 577 2188 habet.

217 2228 310 2264 595.
370 2224 515 2265 Marcia
547 2224 587 2264 T.
619 2225 659 2264 F.
692 2223 838 2264 Severa
870 2225 1024 2265 auraria
1046 2229 1086 2265 et
1114 2227 1378 2280 margaritaria
1402 2227 1450 2268 de
1472 2228 1535 2269 via
1557 2240 1670 2270 sacra

74 2283 221 2338 legavit
238 2283 425 2324 codicillis
444 2283 665 2324 testamenti
691 2283 841 2323 libertis
859 2283 1152 2337 libertabusque
1169 2285 1252 2325 suis
1268 2287 1668 2340 posterisqueeorum.

77 2366 132 2371 —
162 2345 308 2382 Romae.
340 2344 426 2382 Mur.
459 2357 493 2392 p.
526 2344 620 2380 964.
668 2343 762 2380 Orel.
795 2343 918 2380 4148.

217 2420 310 2457 596.
370 2418 415 2457 D.
447 2417 498 2458 M.
529 2417 676 2458 Mariae
703 2418 936 2458 Maximillae
960 2419 1118 2472 coniugi
1138 2418 1363 2462 karissimae
1394 2421 1500 2462 Tert.
1522 2422 1668 2463 Decius

77 2475 325 2519 Secundinus
366 2476 526 2516 maritus
569 2477 618 2517 ob
649 2476 791 2530 integr.
828 2476 944 2517 fidem
977 2478 1084 2527 eius,
1126 2477 1236 2519 cuius
1279 2491 1352 2533 ope
1395 2486 1433 2520 et
1473 2480 1668 2533 obsequio

77 2537 188 2576 annis
217 2533 348 2575 XVIII.
382 2546 480 2575 usus
512 2546 610 2575 sum.
643 2556 698 2562 —
729 2537 831 2574 Fabr.
862 2550 897 2586 p.
929 2537 994 2574 24.
1041 2537 1149 2575 Horc.
1181 2538 1247 2588 Op.
1279 2552 1334 2589 ep.
1361 2541 1403 2578 II.
1439 2540 1529 2578 101.

218 2613 310 2649 597.
370 2609 559 2663 Memphis
579 2610 789 2664 Pompeiae
809 2611 1001 2652 librariae.
1026 2611 1068 2651 V.
1089 2610 1137 2651 A.
1164 2611 1249 2654 XX.
1281 2637 1337 2644 -—
1367 2618 1508 2655 Romae.
1529 2617 1671 2655 Fabret.

77 2684 111 2720 p.
142 2670 238 2708 214.
284 2671 380 2708 Orel.
412 2670 536 2708 4212.

218 2853 257 2898 1)
281 2865 359 2900 pro:
385 2855 522 2889 obitum.
554 2870 599 2877 —
632 2854 671 2898 2)
696 2855 845 2890 recondi.
873 2872 914 2877 —-
949 2853 987 2897 3)
1014 2855 1055 2889 Μ.
1079 2855 1236 2891 Aurelius
1260 2857 1407 2891 Militaris
1432 2859 1525 2903 optio
1550 2859 1671 2893 missus

81 2900 226 2954 honesta
250 2904 411 2936 missione
437 2903 595 2954 exequite
618 2902 765 2947 legionis
789 2902 836 2938 111
859 2901 994 2936 Italicae
1019 2903 1118 2938 vivus
1140 2903 1213 2938 fieri
1237 2906 1376 2939 curavit.
1410 2921 1452 2928 --
1483 2902 1522 2949 4)
1546 2917 1571 2940 n
1608 2916 1671 2940 ex-

77 2958 228 2993 penscar
251 2959 330 2994 pro:
355 2959 399 2984 ne
424 2959 588 2994 experiar.
