1877 3313
193 170 276 214 27³2
641 167 745 201 lnscr.
773 167 942 210 profanae.
991 166 1135 212 cap.11.
1185 166 1343 203 Tabulae.

192 276 351 317 tentiam
383 273 514 314 dicito.
577 272 677 320 Quei
719 285 856 314 eorum
899 286 950 314 ex
981 274 1038 313 eis
1080 274 1171 325 quei
1202 286 1234 315 s.
1266 286 1298 314 s.
1330 286 1384 325 s.,
1416 273 1606 315 adversus
1638 287 1684 316 ea
1715 274 1783 315 fe-

193 336 313 384 cerit,
354 332 387 373 is
419 332 478 374 HS
510 329 622 372 1004]
653 343 689 383 p.
722 331 758 372 d.
791 331 827 372 d.
861 344 919 382 e.,
962 332 1129 383 eiusque
1170 332 1383 384 pecuniae,
1425 333 1516 385 quei
1548 333 1678 384 volet,
1708 346 1784 387 pe-

192 393 273 433 titio
306 395 402 433 esto.

873 471 997 524 Caput
1029 469 1104 511 VH.

331 555 606 607 Quiquomque
646 554 683 594 in
716 554 923 606 municipio
966 553 1144 594 coloniae
1186 552 1433 606 praefectura
1475 558 1565 607 post
1594 553 1632 594 k.
1667 555 1782 607 quiet.

189 615 301 668 prim.
334 614 489 654 comitia
520 612 550 652 ΙΙ
564 613 633 652 vir.
665 611 727 653 1111
740 613 811 652 vir.
842 611 965 651 aleive
1008 613 1100 664 quoi
1133 624 1234 665 mag.
1266 611 1445 665 rogando
1477 612 1785 664 subrogandove

189 672 359 723 habebit,
390 673 422 712 is
455 683 505 711 ne
538 683 665 723 quern,
696 670 785 722 quei
817 671 942 710 minor
972 671 1081 710 aneis
1101 667 1136 724 ⁴)
1170 674 1283 710 natus
1315 675 1375 710 est
1408 670 1494 720 erit,
1527 669 1635 711 llvir5
1657 669 1783 712 Illvir.

191 731 283 783 quei
296 728 337 785 2)
371 730 446 770 ibei
478 729 591 769 alium
623 741 722 783 mag.
756 728 918 781 bapeat,
948 728 1192 777 renuntiato,
1232 741 1333 768 neve
1365 729 1606 769 renuntiarei
1636 729 1784 780 iubeto,

188 790 263 830 nisi
294 789 384 841 quei
415 786 608 840 stipendia
641 798 744 840 equo
775 786 813 826 in
844 785 998 827 lecione
1029 786 1087 837 Ill,
1119 791 1183 826 ant
1214 785 1392 839 stipindia
1424 786 1623 840 pedestria
1654 787 1692 827 in
1719 787 1784 828 le-

190 849 303 890 cione
335 847 383 887 VI
413 846 572 896 fecerit,
615 857 716 898 quae
747 845 936 897 stipendia
969 846 1006 885 in
1039 845 1203 885 casu-eis
1234 846 1324 885 inve
1363 846 1564 898 provincia
1596 846 1783 886 maiorem

189 916 339 961 partein
372 905 432 945 sui
465 905 685 957 quoiusque
727 905 816 943 unni
848 902 1009 954 fecerit,
1050 909 1116 944 uut
1149 904 1237 944 bina
1269 905 1494 954 semestria,
1535 915 1611 956 qua
1643 904 1679 943 ei
1711 916 1783 957 pro

189 964 377 1018 singuleis
409 963 572 1003 annueis
603 961 824 1015 procedere
856 966 1058 1014 oporteat,
1099 974 1185 1001 curn
1228 974 1276 1001 co
1319 962 1425 1013 quod
1458 963 1495 1001 ei
1526 960 1700 1012 lecibus‚
1731 962 1782 1015 pl.

189 1037 239 1064 re
270 1035 348 1073 sc.,
390 1020 612 1075 procedere
643 1019 861 1073 oportebit,
904 1024 968 1060 aut
999 1021 1035 1059 ci
1067 1020 1218 1060 vacatio
1234 1016 1274 1073 3)
1317 1020 1374 1059 rei
1415 1019 1589 1059 militaris
1629 1019 1783 1073 legibus

187 1083 237 1136 pl.
270 1093 318 1121 ve
360 1093 415 1121 sc.
458 1091 564 1120 exve
603 1077 767 1119 foedere
809 1079 905 1125 crit,
949 1079 1137 1129 ‹procirca
1178 1090 1265 1118 cun]
1308 1078 1468 1118 invitum
1509 1088 1664 1117 merere
1705 1089 1783 1118 non

190 1143 383 1195 oporteat..
415 1138 526 1179 Neve
560 1149 661 1186 eum,
695 1136 784 1189 quci
807 1136 1077 1188 praeconium,
1109 1134 1423 1177 ‹lissicnationcm
1461 1135 1686 1176 libitinanve
1717 1135 1783 1177 fa-

190 1201 279 1250 ciet,
311 1198 401 1239 dum
433 1208 569 1237 corum
602 1194 694 1247 quid
727 1194 856 1243 faciet,
890 1193 1000 1234 llvir.
1033 1193 1076 1234 Ill
1091 1195 1160 1233 vir.
1195 1195 1336 1246 queivc
1369 1195 1447 1235 ibci
1478 1206 1574 1234 mac.
1607 1195 1675 1245 sit,
1709 1207 1783 1235 re-

187 1257 386 1306 nuntiato,
428 1267 530 1295 neve
562 1254 600 1293 in
633 1257 810 1293 sonatum
852 1264 952 1292 neve
986 1253 1021 1292 in
1058 1251 1313 1293 decurionum
1358 1254 1672 1306 conscriptorum
1705 1265 1783 1294 nu-

188 1327 299 1358 mero
330 1314 451 1368 legito
483 1312 676 1353 subiecito
709 1315 888 1363 coptato.
921 1324 1021 1350 neve
1054 1311 1285 1351 sententiani
1317 1315 1476 1359 recolo,
1516 1322 1618 1351 neve
1648 1311 1783 1353 dicere

187 1375 295 1415 ferre
325 1373 458 1413 iubeto
491 1383 546 1411 sc.
580 1369 614 1409 (Ι.
648 1382 697 1409 ιιι.
747 1369 845 1416 Quci
878 1368 1070 1409 adversus
1103 1381 1148 1409 ca
1180 1368 1341 1419 fecerit,
1375 1370 1406 1410 is
1440 1369 1497 1410 HS
1529 1369 1643 1410 lslsls)
1675 1383 1711 1424 p.
1746 1370 1782 1411 d.

190 1433 226 1473 d.
260 1436 360 1481 esto,
393 1431 558 1481 eiusque
591 1428 792 1481 pecuniae,
827 1428 916 1478 quei
949 1426 1066 1477 volet,
1100 1428 1233 1479 petitio
1265 1433 1364 1469 esto.

190 1598 254 1644 iis,
287 1597 343 1645 qui
376 1607 480 1644 supra
512 1595 630 1642 scripti
663 1599 759 1639 suut,
792 1594 960 1630 adversus
993 1606 1033 1630 ea
1067 1595 1212 1639 fecerit,
1245 1595 1272 1631 is
1305 1595 1489 1631 sestertios
1522 1592 1613 1634 DOO
1644 1595 1780 1644 populo

190 1658 276 1694 dare
307 1656 448 1693 damnas
482 1658 573 1698 esto,
606 1653 750 1700 eiusque
783 1653 952 1700 pecuniae
987 1647 1114 1703 [eius]
1148 1653 1203 1699 qui
1237 1653 1348 1697 volet,
1380 1653 1508 1700 petitio
1540 1657 1628 1690 esto.

873 1736 984 1783 Caput
1024 1735 1098 1771 Vll.

331 1807 536 1854 Quicunque
569 1807 600 1842 in
635 1805 842 1853 municipio,
876 1805 1039 1849 colonia,
1072 1805 1295 1852 praefectura
1327 1809 1406 1852 post
1437 1804 1613 1841 Kalendas
1646 1804 1781 1849 Quinc-

193 1866 270 1904 tiles
303 1867 431 1913 primas
465 1865 603 1901 comitia
638 1863 841 1909 duumviris,
874 1864 1124 1910 fflmtuorvirm,
1155 1864 1256 1899 aliive
1285 1864 1338 1899 cui
1362 1863 1580 1909 magistratui
1602 1864 1781 1909 rogando,

190 1924 488 1971 subrogandove,
521 1923 675 1967 habebit,
706 1923 733 1958 is
766 1934 809 1958 ne
843 1933 958 1969 quem,
989 1923 1046 1969 qui
1078 1922 1190 1957 minor
1222 1921 1318 1957 aunis
1351 1917 1549 1973 (triginta)
1583 1925 1682 1957 natus
1714 1926 1780 1967 est,

190 1983 278 2029 erit,
311 1982 554 2026 duumvirum,
595 1980 882 2028 quatuorvirum,
916 1981 1018 2026 quive
1051 1980 1096 2016 ibi
1130 1980 1230 2015 alium
1264 1980 1503 2026 magistratum
1535 1980 1685 2025 lrabeat,
1717 1991 1781 2016 re-

188 2041 372 2086 nuntiato,
405 2051 494 2076 neve
526 2039 715 2075 renuntiari
749 2040 882 2080 iubeto,
915 2039 977 2074 nisi
1010 2039 1066 2085 qui
1101 2038 1274 2085 stipendia
1307 2049 1413 2085 equo,
1445 2038 1478 2074 in
1519 2038 1662 2085 legione
1702 2038 1780 2083 tria,

195 2105 254 2137 aut
286 2099 460 2147 stipendia
493 2099 689 2146 pedestria,
723 2098 753 2133 in
788 2097 955 2143 legione,
986 2109 1048 2132 sex
1083 2096 1220 2140 fecerit,
1251 2108 1341 2142 quae
1373 2096 1545 2144 stipendia
1579 2096 1611 2132 in
1645 2096 1781 2142 castris,

191 2159 274 2195 inve
304 2157 488 2206 provincia
521 2156 688 2192 maiorem
720 2160 856 2203 partem
888 2155 938 2190 sui
972 2156 1140 2202 cuiusque
1173 2155 1250 2190 anni
1284 2155 1427 2199 fecerit,
1461 2159 1518 2190 aut
1549 2154 1626 2190 bina
1659 2166 1779 2191 seme-

191 2217 300 2262 stria,
341 2227 431 2263 quae
463 2215 493 2251 ei
524 2226 590 2262 pro
622 2214 768 2261 singulis
800 2213 919 2249 annuis
952 2213 1150 2260 procedere
1183 2217 1371 2260 oporteat,
1411 2224 1487 2248 cum
1520 2223 1587 2257 eo,
1619 2212 1715 2259 quod
1748 2213 1780 2249 ei

188 2275 340 2322 legibus,
370 2272 637 2321 plebisvescitis,
671 2272 870 2320 procedere
902 2272 1096 2318 oportebit,
1130 2276 1186 2306 nul
1219 2270 1249 2306 ci
1282 2270 1420 2307 vacatio
1453 2270 1502 2306 rei
1535 2270 1689 2306 militaris
1720 2271 1778 2307 le-

188 2334 315 2381 gibus,
355 2331 636 2380 plebisvescitis,
678 2342 770 2366 exve
813 2330 964 2366 foedere
1005 2330 1094 2374 erit,
1136 2329 1300 2376 quocirca
1343 2340 1420 2364 eum
1462 2328 1608 2365 invitum
1641 2340 1779 2366 merere

189 2403 262 2429 non
285 2394 466 2439 oporteat,
499 2400 588 2425 neve
612 2400 702 2433 eum,
734 2389 791 2435 qui
814 2388 1055 2436 praeconium,
1087 2387 1390 2433 dissignationem,
1423 2386 1639 2424 libitinamve
1661 2388 1780 2434 faciet,

189 2451 271 2487 dum
303 2460 425 2486 eorum
457 2447 538 2495 quid
571 2447 700 2492 saciet,
739 2447 978 2491 duumvirum,
1017 2445 1305 2494 quatuorvirum‚
1338 2445 1443 2492 quive
1474 2445 1520 2482 ibi
1552 2445 1778 2492 magistratus

190 2508 257 2554 sit,
288 2506 512 2551 renuntiato,
543 2516 632 2541 neve
663 2506 695 2541 in
727 2509 899 2550 senatum,
931 2515 1023 2541 neve
1053 2504 1085 2541 iu
1119 2504 1360 2548 decurionum,
1392 2503 1676 2551 conscriptorum
1707 2516 1777 2541 nu-

193 2578 328 2603 merum
359 2564 496 2611 legito,
535 2574 626 2599 neve
668 2563 809 2608 dicere,
841 2574 932 2599 neve
964 2563 1058 2599 ferre
1090 2562 1234 2607 iubeto,
1266 2562 1378 2598 sciens
1422 2562 1507 2598 dolo
1550 2562 1652 2599 malo.
1712 2562 1780 2606 Qui

191 2625 362 2661 adversus
395 2634 437 2659 ea
470 2621 615 2665 fecerit,
647 2621 673 2656 is
705 2622 887 2658 sestertios
919 2618 1010 2660 Dstn
1043 2620 1176 2668 populo
1209 2620 1293 2657 dare
1326 2620 1468 2656 damnas
1500 2624 1601 2666 esto,
1633 2619 1777 2668 eiusque

189 2682 385 2731 pecuniae,
417 2680 475 2728 qui
505 2680 625 2724 volet,
657 2679 781 2726 petitio
815 2684 903 2716 esto.

330 2852 366 2896 1)
391 2852 516 2898 Snpple
541 2863 560 2886 e
585 2863 657 2896 cap.
683 2853 833 2896 proxime
859 2850 1081 2884 antecedente
1107 2860 1280 2884 numerum
1305 2848 1409 2883 XXX.
1436 2866 1476 2872 --
1503 2848 1541 2892 2)
1561 2849 1655 2883 Hand
1673 2847 1774 2883 dubie

193 2899 390 2943 legendum:
415 2901 525 2944 queive
548 2899 628 2939 ι’ὁεὶ,
661 2899 749 2943 quod
775 2904 809 2932 et
832 2909 948 2931 sensus
981 2897 1151 2940 postulare
1187 2897 1317 2931 videtur
1342 2902 1376 2930 et
1408 2895 1525 2930 iisdem
1550 2895 1663 2931 verbis
1685 2895 1774 2930 infra

192 2945 325 2990 legitur.
353 2964 393 2971 -
420 2945 458 2988 3)
484 2945 594 2981 tabula
619 2946 737 2979 iterum
763 2945 942 2980 mendose:
967 2944 1102 2978 vocatio.
