1877 3313
611 730 1063 783 INSCRIPTIONES
1099 732 1412 783 POETICAE.

919 1000 1102 1036 SACRAE.

479 1195 515 1234 5.
545 1191 574 1228 1.
636 1191 747 1228 Tituli
776 1192 816 1228 in
847 1190 1028 1239 aedibus,
1060 1193 1161 1239 aris,
1192 1191 1328 1241 siquis,
1358 1191 1539 1229 donariis.

355 1297 476 1338 1922.
534 1295 580 1336 L.
611 1295 771 1337 Mummi
800 1295 841 1336 L.
872 1296 914 1336 F.
947 1294 1035 1337 Cos.

349 1354 498 1405 Ductu,
530 1355 706 1407 auspicio
738 1355 983 1408 imperioque
1016 1354 1101 1395 eius
1134 1352 1281 1395 Achaia
1311 1358 1436 1408 capla,

352 1412 513 1453 Corinto
546 1412 675 1453 deleto
695 1410 730 1467 ¹)
763 1413 924 1455 Romam
957 1412 1097 1452 redieit
1128 1413 1380 1466 triumphans.

351 1470 410 1511 Ob
442 1470 560 1512 hasce
589 1482 656 1512 res
688 1471 790 1512 bene
816 1475 950 1524 gestas
971 1470 1076 1524 quod
1096 1471 1135 1511 in
1156 1471 1260 1513 bello
1282 1475 1460 1524 voverat,
1491 1470 1591 1512 hanc
1612 1469 1751 1512 aedem
1766 1468 1804 1525 2)

346 1528 553 1583 Etsignum
583 1529 765 1570 Herculis
796 1529 960 1570 victoris
992 1530 1205 1582 imperator

344 1586 520 1628 Dedicat.
553 1610 609 1618 -—-
639 1590 783 1628 Romae.
815 1590 935 1627 Marini
966 1590 1042 1626 Atti
1074 1602 1147 1627 arv.
1179 1602 1212 1639 p.
1247 1591 1311 1628 30.
1345 1591 1440 1628 Orci.
1472 1591 1569 1638 563,
1599 1591 1659 1639 qui
1680 1602 1802 1629 versus

208 1648 393 1686 Saturnios
437 1648 648 1696 arbitratui-3
688 1660 811 1687 versus
854 1648 1026 1698 disposuit
1064 1649 1196 1695 Meyer.
1238 1649 1273 1687 in
1304 1649 1502 1699 Antholog.
1534 1662 1567 1688 n.
1602 1649 1666 1688 13.
1697 1661 1802 1699 quem

206 1712 347 1747 secutus
377 1718 463 1745 sum.

347 1783 469 1821 1923.
529 1781 578 1822 M.
610 1781 650 1822 Ρ.
682 1780 917 1822 Vertuleieis
950 1781 990 1822 C.
1020 1781 1061 1822 F.

345 1838 461 1887 Quod
491 1851 537 1880 re
568 1852 640 1881 sua
671 1839 864 1881 discidens
895 1852 1037 1894 aspere
1067 1840 1236 1882 assseicta

342 1898 491 1938 Parens
522 1898 664 1939 timens
696 1898 783 1939 heic
814 1899 921 1940 vovit
952 1904 1045 1940 voto
1078 1899 1152 1940 hoc
1183 1899 1311 1941 soluto

340 1956 515 1998 Decuma
546 1956 649 1997 facta
679 1956 864 2010 poloucta
894 1957 1079 1998 leibereis
1110 1957 1292 1999 lubentes

344 2015 461 2056 Donu
494 2014 640 2056 danunt
669 2014 855 2057 Hercolei
888 2028 1090 2057 maxsume
1121 2021 1288 2057 mereto.

340 2073 473 2115 Scmol
503 2080 543 2114 te
576 2078 712 2126 orant,
752 2086 798 2114 se
839 2075 920 2116 voti
950 2075 1091 2115 crebro
1124 2075 1379 2116 condemnes.
1422 2095 1477 2103 —
1515 2075 1640 2114 Sorae.
1671 2075 1796 2113 Bullet.

202 2134 358 2171 archeol.
393 2134 513 2171 1845.
546 2147 579 2183 p.
614 2134 678 2172 71.
710 2136 792 2172 coll.
822 2147 856 2184 p.
893 2135 984 2172 161.
1037 2135 1182 2172 Henzen
1223 2136 1256 2172 in
1288 2135 1409 2173 Rhein.
1450 2136 1534 2172 Mus.
1574 2135 1632 2171 fiir
1670 2134 1794 2171 Philol.

206 2193 327 2231 1846.
347 2205 382 2242 p.
405 2193 500 2230 605.
527 2192 647 2230 1848.
670 2206 704 2242 p.
727 2193 821 2230 614.
853 2193 906 2230 cr.
938 2194 1057 2241 Bergk
1087 2194 1259 2232 Zeitschr.
1290 2195 1313 2234 f.
1345 2195 1388 2232 Α.
1412 2194 1474 2233 W.
1499 2191 1620 2234 1848.
1642 2205 1676 2243 p.
1699 2192 1794 2230 275.

343 2268 464 2306 1924.
526 2267 658 2321 Sango
688 2267 798 2308 Fidio
830 2267 1062 2320 Scmopatri.

341 2326 401 2366 Dc
433 2325 596 2366 decuma
627 2326 754 2366 victor
786 2326 877 2366 tibei
907 2326 1048 2367 Lucius
1079 2326 1244 2367 Mumius
1278 2324 1423 2367 donum

335 2383 512 2425 Moribus
543 2385 736 2436 antiqueis
767 2384 844 2425 hoc
874 2396 947 2437 pro
978 2397 1100 2426 usura
1113 2381 1154 2438 3)
1187 2383 1281 2425 (lare
1311 2396 1416 2435 sese,

338 2441 473 2483 Visum
504 2443 633 2483 animo
665 2454 753 2484 suo.
813 2442 983 2484 Perfecit
1013 2447 1079 2483 tua
1110 2455 1207 2496 pace
1221 2440 1261 2496 ⁴)
1292 2454 1440 2497 rogans
1473 2447 1526 2494 te,

340 2499 531 2555 Cogendo
563 2500 817 2542 dissolvendo
834 2498 874 2555 5]
905 2505 949 2542 ut
977 2500 1104 2543 felicia
1134 2499 1295 2542 faxscis.

340 2639 376 2682 1)
404 2640 586 2685 legendum
612 2642 727 2675 ἀρίστα,
766 2642 891 2685 Meyer.
918 2660 958 2665 -—
990 2641 1028 2683 2)
1055 2643 1108 2676 bic
1132 2653 1248 2675 versus
1272 2641 1404 2685 longior
1429 2647 1480 2675 cst
1502 2651 1601 2686 quam
1626 2650 1701 2674 csse
1725 2640 1788 2674 de-

199 2686 267 2720 bet.
304 2686 482 2721 Sui'ficeret
506 2690 594 2721 enim
620 2694 692 2721 aut:
727 2688 772 2721 01>
795 2689 893 2722 hasce
916 2701 967 2722 res
991 2689 1068 2722 benc
1090 2695 1193 2733 yeslas
1217 2693 1347 2722 voverat
1369 2687 1455 2721 hanc
1480 2688 1611 2728 caedem;
1635 2693 1709 2721 aut:
1743 2686 1788 2719 Ob
1844 2707 1845 2710 =

200 2733 296 2766 hasce
320 2745 372 2767 res
396 2746 492 2777 qnam
517 2735 553 2767 in
577 2735 661 2767 bello
685 2741 816 2768 voverat
838 2735 923 2768 hanc
947 2736 1066 2768 aedem.
1109 2735 1174 2768 Sed
1200 2735 1278 2769 nihil
1304 2735 1497 2768 mutandum
1524 2734 1685 2775 arbitror,
1711 2745 1787 2767 cum

201 2780 243 2812 dc
269 2780 369 2814 modo
394 2780 515 2814 horum
540 2792 696 2815 versuum
721 2781 802 2815 nihil
834 2781 944 2814 adhuc
972 2784 1055 2815 certi
1080 2787 1226 2815 statuere
1251 2781 1362 2815 liceat.
1395 2798 1439 2802 —
1471 2778 1509 2823 3)
1535 2781 1583 2814 Ita
1608 2780 1786 2813 Burmann.
1841 2787 1844 2800 ⁴

199 2825 348 2870 Reliqui:
372 2838 433 2870 pro
456 2838 556 2860 usura
580 2827 649 2860 hoc.
684 2846 725 2850 —
760 2825 798 2869 4)
823 2839 861 2861 sa
885 2838 946 2871 pro
971 2840 1030 2862 sua
1055 2827 1212 2861 Burman.
1237 2833 1292 2861 tua
1315 2839 1373 2871 ope
1398 2825 1489 2860 Grut.
1521 2844 1562 2849 —
1589 2825 1626 2868 5)
1651 2827 1787 2869 coyendo

198 2872 413 2906 dissolvendei
436 2872 548 2907 Burin.
581 2874 729 2918 coyendci
759 2873 970 2908 dissolvendei
997 2880 1030 2907 tu
1054 2880 1088 2907 ue
1108 2875 1223 2916 felicia
1244 2875 1381 2916 faoeseis.
1407 2873 1498 2907 Grut.
1536 2873 1578 2907 Ut
1601 2883 1662 2906 nos
1687 2873 1785 2906 dedi-

197 2919 450 2971 mus-Meyerus
474 2921 618 2963 scripsit,
643 2920 709 2956 hoc
733 2931 850 2958 sensu:
880 2931 1002 2965 rogans
1027 2926 1064 2955 ut
1088 2921 1228 2956 collecta
1252 2921 1456 2966 venditaque
1481 2920 1608 2965 praeda
1634 2920 1785 2966 conquiri
1838 2947 1840 2952 ,

196 2969 302 3008 possit
327 2976 449 3011 magna
472 2968 627 3011 pecunia.
