1887 3324
49 3142 60 3324 -ψ-ν·νν«υ-
48 2935 58 3122 ,κο-ι--ςιο-κ
48 2910 57 2917 2

1712 128 1766 171 21

138 259 222 303 que
246 245 586 301 [derit]mentum
607 242 821 283 virtutum
845 241 1136 282 existimatur.
1194 241 1323 283 Bono
1345 239 1601 295 nobiseum,
1623 244 1771 283 Patres

136 306 387 354 conscripti,
412 301 652 357 [faustoque
675 299 830 354 omine]
853 297 1098 353 intelligitis
1119 298 1320 353 profecto
1344 297 1556 355 quidquid
1576 299 1623 340 in
1645 298 1771 340 resti-

136 358 351 399 tutionem
385 357 580 413 [honoris
600 371 649 396 ac
671 353 878 411 nom]inis
896 353 1092 395 inlustris
1111 360 1154 395 et
1170 355 1476 396 sanctissimae
1494 361 1600 411 aput
1617 369 1769 396 omnes

136 412 459 456 recordationis
485 411 692 453 Flaviani
716 410 902 452 senioris
927 409 1120 463 adimus,
1155 410 1245 452 divi
1268 411 1340 452 avi
1360 412 1500 453 nostri
1521 411 1770 453 veneratio-

136 485 238 513 nem
261 484 382 522 esse,
406 469 443 510 si
466 483 565 510 eum
589 482 717 524 quem
741 468 893 509 vivere
916 465 1044 508 nobis
1063 468 1320 523 servarique
1334 465 1462 509 vobis
1481 470 1613 524 (quae
1629 465 1771 509 verba

141 528 235 569 eius
253 531 360 582 aput
377 539 456 566 vos
476 524 613 567 fuisse
632 524 830 580 plerique
847 523 1131 579 meministis)
1150 524 1330 580 optavit,
1349 524 1411 565 sic
1428 524 1473 564 in
1484 529 1773 565 monumenta

90 594 93 596 ’
136 584 345 625 virtutum
365 596 544 623 suarum
562 581 797 637 titulosque
814 594 1089 633 revocamus⁷
1107 586 1154 621 ut
1173 579 1384 636 quidquid
1409 580 1454 621 in
1476 581 1609 623 istum
1633 593 1771 621 caeca

136 638 465 681 insimulatione
490 638 773 679 commissum
799 643 878 688 est,
903 636 1057 692 procul
1080 635 1134 678 ab
1159 637 1252 678 eius
1273 636 1485 692 principis
1508 642 1612 678 voto
1631 636 1770 678 fuisse

137 694 354 738 iudicetis.
389 693 524 736 Cuius
542 695 586 736 in
604 708 702 736 eum
722 694 862 735 effusa
879 691 1191 734 benevolentia
1210 699 1252 734 et
1268 707 1404 749 usque
1425 692 1482 734 ad
1499 692 1722 734 annalium
1738 692 1771 748 ¹)

139 766 248 809 quos
272 751 525 793 consecrari
549 749 633 792 sibi
656 766 680 792 a
704 749 953 802 Quae-storo
981 755 1023 790 et
1044 749 1280 791 Praefecto
1305 764 1383 790 suo
1406 748 1544 791 voluit
1560 753 1775 805 provecta

141 808 353 851 excitavit
374 807 558 849 livorem
583 807 885 864 inprob‹⁷·rum.
944 805 1071 847 Nimc
1104 806 1140 847 si
1173 812 1278 862 aput
1309 819 1388 846 vos
1413 803 1589 847 abunde
1610 819 1773 847 causas

78 890 81 891 ν
138 865 347 921 piaetatis
380 863 693 917 adstruximus,
731 864 920 919 aecipite
952 861 1094 915 aliud,
1137 861 1253 918 quod
1296 861 1349 902 de
1380 863 1541 904 vestris
1576 862 1621 903 in
1652 861 1774 903 illum

140 919 345 963 sensibus
379 927 422 961 et
456 921 785 977 provinciarum
825 920 1018 961 omnium
1051 918 1226 960 indicus
1258 918 1524 959 muniamur.
1605 916 1776 970 Quibus

138 992 219 1034 per
249 976 370 1019 illiun
402 976 702 1033 locupletioris
737 976 878 1019 adhuc
902 976 967 1017 rei
988 979 1181 1031 publicae
1203 974 1320 1016 bona
1343 974 1416 1016 vel
1439 973 1681 1016 adservata
1701 972 1775 1015 vel

141 1035 274 1076 etiam
297 1040 428 1075 aucta
449 1040 619 1075 tantum
645 1043 686 1075 et
710 1041 815 1088 aput
836 1048 915 1074 nos
939 1032 1218 1073 reverentiae
1242 1030 1548 1083 contulerunt,
1580 1037 1627 1072 ut
1659 1028 1776 1087 quod

139 1089 269 1131 hodie
292 1090 495 1142 facimus,
516 1091 557 1131 in
583 1090 835 1146 pectorilms¹
858 1097 896 1129 1-1
923 1087 1125 1129 sensibus
1145 1088 1307 1129 vestris
1333 1085 1501 1146 absque
1523 1086 1775 1143 interpella-

139 1148 258 1188 tione
291 1146 378 1188 ulla
412 1146 586 1188 mediae
622 1146 856 1188 oblivionis
881 1146 1018 1187 fuisse
1041 1145 1313 1186 noverimus.
1372 1142 1445 1184 Ex
1480 1158 1564 1199 quo
1598 1142 1775 1200 quidem

140 1204 235 1260 ipso
258 1218 345 1244 non
368 1204 510 1245 minus
528 1205 769 1245 111υ111υ1>ἰῑηι
798 1203 911 1244 illius
936 1216 1066 1256 quam
1090 1199 1240 1254 nobis,
1264 1204 1410 1241 Pam-es
1433 1202 1683 1253 Conso-imi,
1708 1214 1776 1240 su-

138 1274 219 1317 pra
245 1260 391 1301 omnia
415 1260 710 1315 praestitistis,
735 1266 780 1301 ut
802 1275 889 1300 non
915 1258 1118 1298 inmerito
1141 1257 1383 1313 patientiae
1405 1262 1584 1298 vestrae
1608 1256 1776 1313 gratias

142 1331 351 1371 agamus⁷
386 1332 440 1357 ne
468 1315 570 1370 quid
594 1332 698 1369 erga
724 1316 1049 1357 restitutionem
1072 1313 1250 1355 honoris
1275 1314 1368 1354 eius
1393 1312 1607 1354 admoniti
1629 1312 1777 1368 potius

142 1387 270 1428 quam
297 1380 452 1427 sponte
478 1373 638 1415 fecisse
661 1372 904 1414 vim-annua
936 1369 1048 1412 (funi
1072 1369 1235 1425 alioqui
1254 1371 1349 1425 ipse
1372 1369 1504 1410 etiam
1527 1368 1580 1410 dc
1607 1368 1778 1410 institu-

139 1431 258 1471 tione
281 1428 396 1471 illius
416 1427 629 1485 probatus
653 1444 786 1484 saepe
806 1427 934 1470 nobis
954 1424 1298 1482 parentibusque
1315 1426 1479 1467 nostris
1500 1425 1707 1467 Flaviani
1728 1424 1776 1466 fi-

141 1485 225 1528 lius
239 1488 287 1539 2),
310 1485 448 1527 honor
464 1485 746 1540 semiplenus,
761 1486 893 1526 etiam
909 1485 988 1527 sub
1002 1483 1310 1539 praefecturae
1323 1482 1637 1538 praetorianae
1651 1481 1778 1536 apice

144 1557 271 1599 quem
303 1542 590 1598 providentia
614 1550 655 1583 et
679 1542 895 1583 industria
921 1556 999 1582 sua
1023 1537 1202 1580 cottidie
1234 1546 1389 1591 auget,
1423 1536 1596 1579 delatus
1631 1537 1778 1578 existi-

140 1606 306 1651 metur,
338 1599 423 1639 nisi
454 1599 628 1652 integer
660 1598 839 1639 tandem
872 1605 912 1638 ct
936 1597 1100 1652 absque
1123 1597 1224 1651 [ullo
1247 1593 1454 1651 νο]Ιίςίυεί
1476 1594 1672 1635 muneris
1707 1592 1780 1635 de·
1840 1619 1853 1624 ·

139 1653 231 1697 bito
254 1656 387 1696 totius
412 1654 567 1696 domus
591 1655 684 1695 eius
715 1654 995 1705 familiaeque
1028 1654 1096 1694 sit.
1157 1651 1361 1693 Gaudete
1395 1666 1502 1705 ergo
1534 1649 1776 1701 nobis-cum,

143 1716 289 1753 Pam-es
313 1714 570 1763 Causa-ripn.
596 1712 760 1765 optimo
785 1711 956 1766 imperii
979 1709 1118 1751 nostri
1143 1722 1290 1762 opere,
1314 1715 1359 1748 ut
1376 1706 1606 1748 nobiscum
1624 1720 1780 1761 recog-

144 1768 351 1819 noscitis,
386 1775 427 1808 (⁴1
461 1767 680 1808 redditam
715 1766 841 1808 vobis·
877 1774 919 1806 et
955 1766 1126 1822 patriae
1152 1763 1379 1806 Senatoris
1405 1764 1497 1804 eius
1521 1762 1781 1804 memoriam

142 1831 185 1865 et
208 1823 469 1879 dignitatem
492 1822 701 1879 probate,
736 1824 858 1864 cuius
883 1827 1105 1863 consortio
1130 1820 1340 1862 clariores
1364 1819 1507 1860 fuistis
1532 1825 1574 1859 et
1596 1819 1640 1860 in
1662 1823 1780 1874 post-

144 1881 229 1921 eris
255 1880 349 1921 cius
374 1879 529 1921 eadem
556 1888 662 1934 aput
687 1895 767 1920 nos
791 1879 1040 1919 reverentia
1064 1878 1238 1930 vig-etis.

228 1936 402 1993 Appius
435 1935 733 1977 Nicomachus
757 1936 930 1977 Dexter
965 1941 1029 1976 sir
1061 1938 1314 1974 clarissimus
1333 1930 1653 1987 Expraefectus
1684 1928 1782 1971 urbi

144 2008 229 2034 avo
253 1993 417 2049 optimo
453 1991 734 2034 statuendam
759 1991 924 2032 curavi.
940 1995 1061 2033 ——In
1092 1995 1222 2032 latere
1255 1993 1423 2031 dextro:
1459 1987 1781 2044 [Dedicata]....

146 2048 268 2105 Sept.
294 2050 441 2105 [Basso
467 2058 503 2090 et
528 2047 777 2105 Antio]clio‚
805 2053 904 2090 clre's
927 2052 1166 2088 cIoriSsz'me's
1187 2045 1343 2087 Conss.

233 2133 299 2172 Ad
318 2134 479 2172 Delect.
502 2133 689 2185 Inscript.
709 2132 862 2184 profau
885 2130 1038 2183 (¹31).ss
1058 2128 1129 2180 §.5
1150 2144 1187 2182 p.
1201 2129 1292 2167 333.
1334 2127 1481 2166 Edicta
1505 2133 1547 2166 et
1580 2127 1778 2179 rescripta

147 2191 457 2242 magistratuum
479 2204 747 2228 romanorum.

232 2258 284 2296 N.
312 2260 430 2296 1716.
474 2258 657 2296 Titulum
680 2256 939 2295 honorarium
964 2255 1012 2292 T.
1037 2253 1180 2292 Sennii
1201 2252 1418 2291 Sollemnis
1437 2252 1478 2289 in
1498 2250 1588 2289 basi
1611 2263 1781 2289 marmo-

145 2327 215 2353 rea
244 2314 529 2353 Toriniacensi
563 2312 743 2364 (Marbre
773 2312 824 2351 de
844 2312 1052 2363 Torigny,
1080 2309 1240 2348 Delect.
1263 2305 1440 2357 n.1640)
1474 2321 1564 2346 cum
1599 2307 1780 2358 epistolis

149 2369 388 2409 Cl.Paulini
403 2378 442 2409 et
460 2370 612 2409 Aedini
634 2370 782 2408 Iuliani
806 2368 858 2407 ad
882 2367 1056 2406 eundem
1076 2368 1117 2404 in
1139 2365 1283 2404 eadem
1304 2364 1395 2402 basi
1415 2363 1628 2414 adscriptis
1650 2362 1783 2401 denuo

148 2425 279 2465 edidit
311 2440 361 2465 ex
384 2427 515 2466 forma
540 2427 754 2465 chartacea
778 2425 829 2463 ad
852 2423 1030 2477 lapidem
1056 2435 1249 2474 expressa
1270 2420 1444 2459 Boileau
1475 2419 1525 2457 de
1546 2418 1785 2457 Maulaville

147 2484 212 2521 in:
243 2483 470 2522 Memoires
502 2483 552 2522 de
585 2482 623 2521 la
660 2482 812 2521 societe
847 2481 919 2519 des
953 2479 1203 2531 antiquaires
1237 2477 1287 2515 de
1309 2477 1348 2514 la
1377 2476 1547 2514 France.
1577 2473 1670 2513 Vol.
1691 2474 1786 2513 VH.

146 2553 184 2592 p.
212 2540 314 2587 278,
350 2540 527 2578 omnium
561 2540 713 2592 optime
736 2538 964 2576 Mommsen
987 2534 1211 2588 Epigraph.
1234 2533 1420 2572 Analect.
1443 2533 1483 2570 in
1511 2530 1689 2569 Bericht.
1712 2530 1786 2569 der

150 2595 280 2634 sa'chs.
306 2594 531 2634 Gesellsch.
555 2595 590 2634 d.
613 2595 678 2634 W.
703 2595 823 2633 1852.
845 2608 883 2646 p.
906 2591 999 2631 235.
1025 2592 1135 2630 cuius
1168 2589 1333 2643 quidem
1359 2593 1498 2627 textus
1532 2586 1786 2626 emendatior

220 2753 254 2796 1)
280 2755 397 2787 Deest
422 2754 571 2786 verbum
597 2753 748 2795 aliquot,
775 2752 927 2784 sortasse
952 2753 1123 2783 volumen.
1139 2745 1355 2788 Rossi.—‘2)
1379 2748 1442 2788 fili,
1473 2745 1571 2788 qnod
1593 2745 1782 2788 inscriptio

151 2800 279 2841 habet,
295 2801 401 2833 Ross.
416 2800 507 2842 legit
525 2801 626 2838 silius,
643 2801 751 2841 atque
771 2796 915 2839 supplet
931 2799 1013 2838 post
1030 2795 1123 2827 hanc
1139 2804 1284 2826 vocem:
1298 2794 1417 2834 fuerit,
1436 2794 1467 2824 ei
1485 2793 1593 2824 honor
1609 2793 1668 2830 §re
1686 2801 1781 2834 quae

151 2846 263 2879 verba
280 2856 496 2889 quacunque
516 2845 558 2878 de
577 2855 685 2877 causa
703 2843 879 2876 excidisse
899 2842 1057 2874 coniicit.
1096 2839 1326 2872 Cavedonius
1344 2838 1383 2869 in
1399 2837 1496 2869 Bull.
1513 2836 1603 2869 Inst.
1623 2835 1784 2869 areheol.

155 2892 255 2924 1850.
273 2903 308 2934 p.
330 2893 395 2924 159
420 2891 615 2935 legendum
635 2900 713 2922 esse
729 2889 935 2932 proposuit:
959 2889 1039 2929 filii,
1059 2885 1282 2918 assentiente
1300 2883 1503 2916 Henzenio.
1542 2882 1615 2915 Sed
1631 2882 1783 2915 Momm-

150 2947 214 2969 sen
228 2961 236 2969 .
255 2937 300 2969 ad
316 2937 351 2969 h.
370 2937 395 2970 1.
415 2948 453 2970 se
470 2937 675 2980 perspicere
694 2937 813 2977 negat,
834 2944 905 2976 qua
921 2935 1062 2965 ratione
1079 2942 1153 2963 non
1167 2932 1273 2972 filius,
1293 2929 1358 2962 sed
1372 2930 1443 2971 filii
1459 2930 1566 2961 honor
1583 2927 1655 2960 diei
1667 2927 1784 2970 possit
1844 2967 1847 2971 Δ

156 2983 195 3015 de
219 2985 335 3023 patris
351 2985 571 3017 institutione
592 2983 768 3023 probatus,
795 2983 964 3023 recteque
983 2989 1005 3010 a
1020 2977 1152 3010 Rossio
1169 2976 1381 3021 scriptorem
1397 2973 1492 3009 male
1509 2973 1781 3008 consarcinasse

157 3029 356 3062 sententias
372 3028 536 3062 iudicari.
1394 3033 1400 3038 '
