1877 3313
161 156 244 197 346
609 153 711 187 Inscr.
739 154 912 198 profanae.
961 153 1042 199 Cap.
1068 154 1106 188 ΙΙ.
1156 153 1313 189 Tabulae.

163 263 331 308 cxslcmt,
364 271 531 312 quorum
562 259 599 299 in
631 259 755 301 altero
788 259 937 300 Graeca
969 260 1185 313 inscriptio,
1218 273 1320 313 quae
1351 260 1553 314 significat
1580 261 1753 314 Delphi-

164 331 251 358 cum
284 319 487 357 terminum
517 317 623 357 hunc
654 316 813 373 esse¹],
847 318 974 358 adhuc
1006 323 1158 368 manet,
1192 319 1254 358 cui
1285 323 1461 359 vetustas
1491 319 1606 360 fidem
1637 319 1752 369 facit3

162 378 198 416 in
231 375 356 416 altero
387 376 513 428 fuisse
545 375 723 416 camdem
755 377 1049 428 inscriptionem
1082 377 1253 429 vestigia
1283 376 1447 417 docent:
1481 389 1582 430 quae
1608 390 1753 419 monu-

162 439 291 474 menta
322 433 464 474 collata
496 434 593 474 fines
624 447 770 474 sacrae
801 441 934 474 terrae
964 434 1219 475 manifestant
1251 434 1499 486 adtendenti,
1540 437 1592 476 ita
1633 441 1675 477 ut
1705 437 1753 478 ab

161 492 243 532 ‘illis
273 491 412 531 dextra
443 492 783 545 Anticyrensium,
821 492 932 532 laeva
974 505 1111 543 sacra,
1151 493 1328 546 regionis
1361 492 1623 546 Delphorum,
1665 495 1754 545 sint,

162 551 210 591 ab
243 550 288 590 iis
320 551 420 602 ipsis
449 551 713 590 monumentis
745 556 780 590 et
808 551 858 590 ab
890 550 958 590 iilo
990 563 1161 603 aqyere,
1204 552 1272 603 qui
1314 550 1471 593 Chonos
1512 556 1675 592 vocatur
1717 557 1756 592 et

160 607 394 649 indubitatus
428 609 529 648 inter
559 608 735 661 Delphos
768 613 806 648 et
837 608 1124 662 Anticyrenses
1155 609 1266 649 limes
1297 615 1354 649 est
1379 641 1559 650 .......
1591 610 1756 663 perinde

159 666 398 720 Delphorum
430 667 569 720 region
588 699 798 708 ........

164 794 428 829 Sententiae
455 794 602 829 dictae
629 795 922 840 fragmentum
950 796 998 828 de
1025 797 1347 829 controversiis
1373 797 1490 830 inter
1516 788 1757 841 compaga-

423 852 500 874 nos
526 842 843 875 Rivilarenses
870 848 911 875 et
936 842 1160 876 Valeriam
1186 843 1494 877 Faventinam.

304 937 424 974 1732.
486 938 652 975 Gruterus
685 939 795 975 edidit
825 951 857 986 p.
880 938 997 975 CCIX.
1029 939 1330 987 praescriptione:
1363 941 1603 987 „Tarracone,
1635 951 1756 987 quon-

163 996 243 1033 dam
275 996 307 1033 in
339 997 485 1033 aedibus
517 997 684 1034 Ludovici
716 998 840 1043 Pontii,
872 1009 963 1033 nunc
994 997 1026 1034 in
1058 998 1170 1033 hortis
1203 998 1334 1034 Anton.
1366 996 1592 1044 Augustinif⁶
1637 999 1758 1045 Span-

164 1055 385 1102 genbergius
428 1056 520 1092 inter
561 1056 647 1091 luris
680 1056 823 1092 Romani
867 1057 1005 1091 tabulas
1037 1056 1263 1102 negotiorum
1294 1056 1512 1092 sollemnium
1544 1068 1575 1092 n.
1607 1056 1758 1093 LXXXI.

161 1125 244 1162 pag.
278 1113 372 1150 384.
405 1114 562 1162 recepit,
595 1119 631 1150 et
662 1114 782 1150 nescio
814 1125 880 1162 qua
909 1115 952 1150 de
975 1126 1078 1150 causa
1112 1114 1287 1151 Valeriam
1319 1114 1543 1151 Faventinam
1576 1115 1757 1151 mulierem

166 1183 232 1219 pro
265 1172 358 1209 tribu
390 1172 503 1220 aliqua
536 1173 666 1209 habuit.

166 1309 193 1350 C
289 1251 393 1349 ¹imp.
428 1251 540 1293 Caes.
583 1253 622 1293 P.
662 1251 800 1292 Helvio
843 1252 1035 1292 Pei-tinae.
1067 1252 1231 1305 Princip.
1264 1255 1449 1304 senatus,
1479 1252 1579 1293 Patr.
1610 1252 1760 1305 patriae

199 1320 255 1350 os.
305 1336 332 1350 ι.

304 1368 349 1416 Q.
382 1368 496 1409 Sosio
528 1368 711 1419 Falcone,
743 1368 783 1408 C.
815 1367 912 1409 Iulio
945 1369 1086 1408 Fructo
1116 1367 1230 1409 Claro
1258 1368 1346 1410 Cos.
1378 1369 1436 1409 ΠΙ.
1468 1368 1558 1410 Idus
1589 1368 1703 1409 Febr.
1719 1366 1759 1422 2)

302 1427 541 1467 Sententiam
558 1424 611 1478 3),
651 1439 764 1479 quam
808 1427 888 1466 tulit
920 1427 961 1466 L.
1004 1427 1154 1467 Novius
1186 1426 1308 1467 Rufus
1341 1427 1436 1480 Leg.
1471 1427 1574 1481 Aug.
1604 1427 1665 1467 Pr.
1697 1427 1761 1467 Pr.

166 1484 210 1523 V.
244 1482 342 1537 04)
376 1486 480 1524 inter
511 1497 778 1538 compaganos
810 1485 1075 1525 Rivilarenses
1109 1490 1149 1524 et
1179 1485 1259 1524 Val.
1293 1485 1545 1526 Faventinam
1577 1483 1762 1538 descrip-

166 1545 240 1582 tam
274 1547 313 1582 et
342 1544 581 1596 propositam
613 1544 673 1583 Pr.
706 1543 806 1583 Non.
840 1544 1029 1583 Novemb.

304 1600 345 1640 L.
378 1601 525 1641 Novius
557 1600 681 1641 Rufus
714 1601 807 1654 ch.
840 1601 943 1654 Aug.
961 1598 999 1655 ⁵)
1033 1605 1181 1641 cretum
1214 1613 1266 1640 ex
1298 1601 1375 1642 tilia
1406 1602 1606 1642 recitavit:

306 1658 536 1712 Congruens
570 1664 629 1699 est
659 1660 822 1700 intentio
855 1672 962 1710 mea,
994 1672 1070 1711 qua
1104 1672 1261 1699 .....us
1302 1660 1503 1712 proximae
1544 1671 1762 1713 argumen-

169 1717 219 1757 tis
232 1748 333 1757 .....
376 1722 488 1770 parte
533 1717 693 1770 prolatis
734 1718 1049 1770 rei...p....ut
1090 1729 1152 1757 me
1184 1722 1272 1758 actu
1308 1722 1367 1758 est
1399 1717 1422 1757 (l
1435 1749 1537 1758 .....
1571 1718 1762 1771 inspectio

167 1776 218 1816 ita
251 1788 363 1816 c....
395 1776 431 1815 in
464 1777 653 1828 privi....

169 1903 388 1944 Quaedam
421 1905 568 1947 capita
604 1915 621 1936 e
654 1905 796 1948 gestis
830 1904 879 1937 de
917 1903 992 1936 lite
1028 1903 1240 1936 lullonum
1275 1903 1490 1937 adversus
1523 1905 1763 1948 magistros

765 1951 964 1983 fontanos
991 1950 1173 1983 habitis.

312 2046 433 2083 1733.
494 2047 625 2083 Primus
668 2047 776 2083 edidit
818 2048 1001 2083 Fabrettus
1043 2059 1076 2094 p.
1110 2046 1203 2082 278.
1244 2059 1274 2082 n.
1311 2046 1390 2083 170
1424 2059 1443 2083 e
1475 2047 1616 2095 lapide,
1658 2059 1762 2095 quem

170 2117 282 2154 nuper
313 2110 491 2154 repertum
524 2106 644 2141 scribit
677 2106 718 2141 ad
752 2117 923 2152 aggerem
956 2105 1068 2141 Servii
1101 2116 1195 2152 pone
1229 2105 1413 2141 ecclesiam
1445 2106 1479 2141 S.
1512 2106 1656 2142 Antonii
1682 2107 1763 2142 Ab·

171 2165 261 2200 batis
292 2164 325 2200 in
360 2164 549 2211 Exquiliis,
592 2169 697 2210 atque
731 2177 763 2212 p.
797 2164 891 2200 279.
924 2176 954 2200 n.
990 2163 1081 2199 171.
1123 2164 1267 2198 alteram
1310 2164 1466 2200 eiusdem
1498 2163 1764 2212 inscriptionem

171 2223 370 2269 argumenti
403 2222 501 2258 addit
543 2223 630 2258 hacc
673 2224 781 2258 verba
824 2223 1026 2270 praetatus:
1080 2221 1201 2269 „Basis
1234 2221 1266 2257 in
1307 2233 1429 2258 museo
1471 2222 1665 2269 Ciampino.
1726 2223 1763 2259 In

173 2281 325 2328 quodam
358 2281 538 2316 columnae
572 2281 683 2317 frusto
719 2281 876 2317 abscisso
908 2283 939 2316 a·
970 2281 1192 2328 complanato
1216 2279 1285 2315 hoc
1311 2280 1400 2316 aliud
1426 2280 1616 2316 earundem
1648 2281 1761 2317 inter-

172 2340 387 2376 locutionum
421 2340 654 2383 fragmentum
688 2339 816 2375 ibidem
850 2339 1016 2375 effossum
1049 2336 1142 2374 est“.
1189 2338 1363 2385 Utrasque
1395 2338 1642 2386 inscriptiones
1674 2338 1765 2375 infra

171 2409 317 2433 numero
350 2398 365 2433 Ι
397 2402 432 2432 et
464 2397 494 2433 11
526 2397 764 2433 discrevimus.
812 2398 863 2433 Ex
895 2398 1064 2433 Fabretto
1101 2400 1299 2433 sumserunt
1341 2397 1453 2433 lllaffei
1485 2397 1588 2433 Istor.
1622 2397 1764 2444 diplom.

172 2468 206 2504 p.
244 2455 321 2491 122
357 2460 390 2491 et
422 2456 609 2491 Terasson.
654 2456 810 2492 Histoire
843 2456 885 2491 de
918 2456 950 2491 la
981 2455 1099 2502 iurisp.
1143 2465 1230 2490 rom.
1262 2454 1355 2502 App.
1387 2467 1419 2502 p.
1454 2455 1530 2506 575
1572 2466 1618 2490 ex
1650 2454 1765 2502 lapide

172 2514 234 2551 sed
266 2525 388 2561 parum
420 2514 560 2550 curiose
593 2514 691 2550 dedit
723 2514 858 2550 Guasco
891 2513 1002 2549 Musei
1036 2513 1183 2560 Capitol.
1222 2512 1396 2560 Inscriptt.
1428 2513 1452 2549 Ι.
1487 2525 1520 2561 p.
1555 2513 1619 2550 50.
1650 2513 1764 2550 Locos

313 2662 349 2706 1)
376 2663 541 2698 Graefius:
575 2675 660 2708 quae
685 2664 892 2707 designatum
919 2664 1094 2696 terminum
1120 2661 1364 2695 accuratissime
1387 2661 1547 2694 describit.
1578 2677 1621 2682 -—
1646 2657 1685 2702 2)
1712 2671 1765 2694 au.

173 2723 203 2744 u.
234 2722 262 2744 c.
289 2712 365 2744 946.
393 2729 433 2732 —
460 2710 499 2753 3)
526 2710 598 2744 Non
626 2711 728 2755 liquet
755 2712 841 2743 unde
867 2711 1076 2742 aecusativus
1101 2708 1265 2752 pendeat,
1293 2713 1327 2739 ut
1352 2708 1526 2748 mendum,
1556 2708 1626 2740 sive
1652 2707 1766 2750 scalp-

174 2759 253 2791 toris
287 2759 359 2791 sive
394 2757 614 2791 describentis
647 2757 786 2790 subesse
818 2756 982 2789 videatur.
1017 2771 1060 2776 ——
1095 2753 1132 2796 4)
1166 2759 1365 2798 propraetor
1398 2755 1448 2786 vir
1482 2753 1695 2786 clarissimus.
1723 2770 1764 2776 --

174 2804 212 2844 5)
238 2804 287 2837 Ita
312 2805 392 2836 mihi
418 2804 470 2837 hic
495 2804 587 2836 locus
621 2805 698 2835 satis
730 2809 821 2836 certa
848 2804 1040 2835 coniectura
1074 2801 1236 2844 legendus
1269 2800 1413 2833 videtur.
1451 2800 1549 2842 Apud
1584 2798 1764 2833 Gruterum

175 2855 240 2881 est:
267 2850 320 2882 ΙΝ.
346 2851 383 2883 V.
410 2850 433 2882 Ι.
459 2850 490 2882 S.
517 2849 658 2882 RVFVS
685 2849 775 2882 LEG.
802 2847 924 2882 CCCX.
958 2848 1211 2890 Spangenberg.
1247 2846 1396 2880 exhibet:
1426 2845 1566 2879 inluster
1599 2847 1650 2879 vir
1682 2847 1706 2879 1.
1732 2845 1765 2879 S.

173 2894 275 2928 Rufus
299 2896 378 2936 Leg.
405 2895 528 2929 CCCX.
567 2895 631 2929 Sed
658 2897 684 2928 is
710 2895 812 2928 Rufus
838 2901 954 2938 aperte
979 2895 1068 2927 idem
1093 2900 1143 2927 est
1168 2895 1222 2938 qui
1246 2903 1346 2936 supra
1371 2894 1572 2934 nominatur,
1598 2898 1632 2925 et
1656 2893 1689 2925 in
1715 2892 1760 2925 li-

170 2942 248 2975 teris
272 2941 383 2977 INVIS
410 2944 550 2986 vestigia
576 2943 718 2977 nominis
744 2942 780 2977 L.
806 2941 928 2978 Novius
952 2947 1127 2984 apparent.
