1877 3313
654 158 685 199 §.
710 159 744 193 2.
791 158 1008 204 Reliquorum
1033 159 1215 194 numinum.
1677 156 1735 202 19

272 264 366 302 161.
427 262 472 303 D.
499 262 679 304 Valerius
699 263 744 304 D.
768 264 808 304 F.
832 261 967 318 Cor.¹)
992 263 1184 306 Proculus
1205 262 1335 306 Aedil.
1358 264 1548 316 Dictator,
1571 263 1733 313 Quaest.

131 322 403 363 alimentorum
435 320 656 375 hydraeum
689 323 856 377 gemmis
890 327 1126 363 exornatum
1158 328 1197 363 et
1230 328 1408 364 auratum
1439 336 1516 364 una
1543 336 1630 365 cum
1651 324 1735 365 Va-

128 381 227 421 leria
267 380 483 422 Fortunata
526 385 565 419 et
606 380 764 421 Valeria
794 380 963 421 Procula
995 381 1084 422 Isidi
1117 386 1155 422 et
1186 382 1336 436 Serapi.
1367 381 1412 423 D.
1444 382 1493 424 D.
1524 405 1580 412 —
1613 385 1736 424 Giorn.

127 441 292 479 Arcadio,
325 442 425 490 Sept.
463 441 584 478 1832.
617 454 651 489 p.
685 442 779 478 324.

273 517 365 553 162.
426 514 515 555 Isidi
547 515 719 555 Pue....
752 515 864 556 iussu
895 515 968 555 Dei
999 515 1127 556 Ne...
1158 516 1278 557 Fabia
1309 516 1352 556 L.
1379 516 1420 557 F.
1442 516 1614 558 Fabiana
1634 516 1736 558 Avia

128 574 167 614 in
199 573 390 614 honorem
421 572 576 624 Avitae,
609 574 738 626 neptis
769 574 981 627 piissimae,
1015 587 1067 614 ex
1097 588 1180 628 arg.
1212 575 1253 615 Ρ.
1277 575 1462 617 CXHS:
1476 573 1516 629 2)
1548 576 1641 616 item
1662 588 1735 617 or-

127 637 309 673 namenta
340 632 379 671 in
410 631 563 682 basilio,
594 633 688 672 unio
721 637 760 672 et
791 633 1003 686 margarita
1034 633 1100 673 Nr.
1133 632 1192 673 VI.
1220 634 1420 688 zmaragdi
1446 633 1538 686 duo,
1570 634 1737 688 cylindri

127 691 173 731 N.
206 690 282 731 VII.
315 703 470 743 gemma
503 690 792 740 carbunculus,
834 704 990 745 gemma
1022 691 1276 744 hyacinthus,
1314 705 1494 746 gemmae
1525 694 1735 734 cerauniae

74 744 77 745 ⁷
128 749 230 792 duae
261 749 298 789 in
332 749 505 797 auribus,
537 749 737 802 zmaragdi
766 749 858 799 duo,
891 751 1101 803 margarita
1125 750 1217 802 duo,
1249 751 1288 790 in
1311 751 1412 792 collo
1436 751 1736 803 quadribacium

133 808 354 862 margaritis
388 807 434 846 N.
468 806 633 847 XXXVI
664 808 884 861 zmaragdis
918 808 962 848 N.
996 808 1125 848 XVIII.
1159 809 1197 849 in
1229 808 1398 850 clusuris
1431 809 1531 861 duo,
1561 810 1600 851 in
1631 810 1735 851 tibiis

126 866 327 920 zmaragdi
359 865 458 916 duo,
499 865 667 919 cylindri
697 866 741 906 N.
776 866 839 906 XI.
874 867 912 906 in
945 866 1104 907 smialiis
1135 867 1337 922 zmaragdi
1368 868 1413 908 N.
1446 868 1539 909 VIII.
1571 881 1736 923 marga-

126 926 201 966 rita
230 925 276 965 N.
309 924 399 965 VIII.
433 925 470 964 in
505 924 626 978 digito
660 925 818 965 minimo
851 925 954 965 anuli
986 925 1064 966 duo
1096 926 1261 980 gemmis
1293 926 1484 967 adamant.
1518 926 1640 981 digito
1662 939 1736 968 se-

127 984 261 1036 quenti
292 983 429 1024 anulus
461 982 734 1036 polypsephus
767 983 988 1037 zmaragdis
1021 989 1060 1024 ct
1091 984 1322 1037 margarito,
1355 985 1393 1025 in
1427 985 1548 1040 digito
1581 998 1735 1027 summo

125 1043 264 1083 anulus
296 1053 383 1082 cum
415 1041 644 1096 zmaragdo,
675 1043 712 1082 in
743 1042 862 1083 soleis
895 1042 1063 1095 cylindri
1094 1043 1137 1083 N.
1171 1042 1264 1083 VIII.
1297 1067 1351 1073 -
1383 1046 1468 1083 Sine
1501 1047 1596 1084 loco.
1647 1048 1735 1085 Mur.

130 1103 224 1151 139,
259 1102 295 1150 1,
328 1115 374 1139 ex
405 1103 686 1140 Montfauconio.
734 1103 829 1140 Orel.
863 1103 986 1140 2510.

269 1178 361 1216 163.
424 1176 480 1217 Te
512 1176 593 1228 tibi,
626 1189 702 1217 una
743 1189 844 1228 quae
877 1188 921 1217 cs
954 1177 1098 1228 omnia,
1128 1175 1212 1217 Dea
1243 1176 1329 1228 Isis,
1361 1177 1505 1220 Arrius
1546 1177 1735 1221 Balbinus

126 1236 189 1334 ant
205 1235 335 1334 018}
363 1237 523 1345 ξεψίιέεἰ.
554 1238 650 1274 Grut.
683 1237 750 1284 82,
784 1237 821 1274 2.
855 1237 952 1274 Orel.
989 1236 1110 1274 1871.
1156 1238 1249 1275 Roth
1273 1238 1485 1276 Geschichtc
1517 1240 1582 1277 der
1608 1241 1737 1279 Philos.

270 1383 362 1420 164.
422 1381 471 1421 Isi
503 1381 663 1421 Victriei
701 1393 805 1422 sacr.
847 1380 888 1422 C.
929 1381 1089 1423 Pontius
1132 1381 1173 1423 C.
1206 1382 1249 1422 L.
1292 1381 1435 1424 Fidelis
1476 1383 1592 1426 Sevir
1631 1382 1735 1440 Aug.

127 1453 179 1480 ex
208 1439 388 1493 imperio.
421 1463 475 1468 —
507 1442 546 1478 In
577 1442 713 1479 Marsis.
745 1443 870 1479 Murat.
902 1455 935 1491 p.
971 1443 1036 1479 73.

269 1529 362 1567 165.
422 1527 467 1568 N.
482 1525 523 1582 3)
555 1527 742 1581 Popidius
773 1528 818 1569 N.
851 1528 892 1568 F.
927 1528 1108 1569 Celsinus
1140 1528 1280 1570 aedem
1312 1529 1424 1571 Isidis
1458 1535 1590 1572 terrae
1625 1535 1736 1573 motu

125 1586 351 1640 conlapsam
384 1599 406 1628 a
438 1586 691 1628 fundamento
723 1588 764 1628 P.
797 1587 834 1628 S.
850 1585 890 1640 4)
922 1588 1103 1628 restituit.
1153 1587 1268 1630 Hunc
1289 1589 1537 1631 Decuriones
1560 1589 1610 1630 ob
1632 1589 1737 1631 libe-

123 1646 314 1686 ralitatem
347 1658 436 1687 cum
469 1650 578 1686 esset
600 1658 791 1687 annorum
814 1658 921 1687 scxs.
939 1643 978 1700 ⁵)
1012 1646 1138 1687 ordini
1170 1659 1245 1688 suo
1267 1648 1392 1702 gratis
1413 1648 1661 1704 adlegerunt.
1679 1671 1736 1680 -—

123 1707 292 1754 Caloger.
323 1707 361 1744 N.
392 1708 429 1744 R.
462 1708 560 1744 Tom.
589 1707 666 1744 XV.
699 1720 733 1756 p.
769 1707 832 1744 13.
865 1708 973 1745 More.
1005 1707 1085 1744 Stil.
1118 1708 1246 1746 CCLV.

268 1793 361 1832 166.
422 1791 532 1833 Deae
572 1791 664 1833 Isidi
701 1792 891 1846 templum
933 1806 955 1834 a
990 1793 1077 1834 solo
1109 1792 1151 1833 L.
1192 1791 1396 1836 Annusius
1436 1795 1645 1850 Magianus
1685 1795 1736 1839 de

123 1863 197 1892 suo
228 1852 359 1904 posuit
389 1851 449 1891 vir
478 1850 655 1904 Aquens.
703 1849 800 1905 3⁶)
833 1851 882 1892 ad
914 1852 1029 1893 cuius
1063 1852 1194 1904 templi
1222 1858 1452 1894 ornamenta
1473 1853 1629 1908 Alpinia
1660 1853 1736 1897 Al-

124 1909 256 1962 pinula
278 1910 452 1950 coniunx
474 1914 512 1950 et
534 1911 750 1964 Peregrina
773 1910 824 1950 fil.
853 1910 906 1950 -Χ
937 1911 965 1951 C
987 1909 1191 1951 dederunt.
1213 1910 1258 1951 L.
1280 1910 1328 1952 D.
1350 1912 1394 1953 D.
1418 1913 1660 1955 vicanorum.
1678 1936 1736 1944 -

123 1971 163 2007 In
194 1971 410 2018 Wettingen
442 1970 518 2008 sive
549 1972 766 2009 Monasterio
798 1971 902 2008 mari5
934 1972 1061 2009 stellae
1091 1983 1206 2021 prope
1234 1972 1355 2020 Aquas
1388 1973 1606 2012 Helveticas.
1638 1975 1734 2013 Gru-

124 2033 191 2067 ter.
223 2029 291 2076 82,
324 2030 361 2066 9.
411 2029 532 2067 Haller
563 2030 589 2067 I.
620 2043 654 2079 p.
691 2030 755 2070 15.
810 2030 905 2068 Orel.
938 2031 1034 2068 457.

268 2116 360 2154 167.
421 2115 498 2157 Pro
530 2115 658 2156 salute
690 2116 828 2158 domus
869 2115 1079 2170 Augustae
1120 2116 1298 2169 Corpora
1312 2112 1354 2170 τ)
1386 2116 1663 2160 Pausariorum
1695 2123 1735 2160 et

123 2171 454 2228 Argentariorum
499 2173 590 2215 Isidi
636 2179 675 2215 et
723 2175 827 2215 Osiri
868 2176 1111 2216 mansionem
1153 2173 1458 2217 aedificavimus.
1496 2200 1554 2208 --
1589 2180 1734 2219 Romae.

123 2235 225 2272 Fabr.
257 2247 292 2284 p.
325 2235 420 2273 488.
451 2236 561 2273 More.
593 2236 840 2274 CCCXXXIX.
891 2236 986 2274 Orel.
1024 2236 1144 2273 1885.

269 2322 362 2359 168.
422 2320 590 2361 Laribus
631 2320 820 2375 Augustis
852 2326 891 2363 et
923 2321 1045 2363 Genls
1077 2321 1304 2363 Caesarum.
1335 2322 1429 2377 Imp.
1462 2323 1622 2365 Caesari
1656 2323 1736 2367 divi

124 2378 284 2420 Nervae
316 2379 395 2419 filio
427 2376 628 2433 Nervai3)
660 2380 830 2421 Traiano
872 2380 977 2434 Aug.
1022 2380 1153 2421 Germ.
1195 2381 1372 2422 Pontifici
1413 2383 1584 2424 maximo
1625 2383 1733 2425 Trib.

123 2437 207 2478 Pot.
238 2437 299 2478 lV.
334 2438 424 2479 Cos.
455 2437 503 2477 III
549 2437 676 2493 desig.
719 2439 768 2480 lv
800 2440 997 2492 permissu
1039 2439 1079 2479 C.
1115 2439 1225 2479 Cassi
1262 2440 1525 2482 Interamnani
1564 2442 1735 2483 Pisibani

123 2495 251 2537 Prisci
267 2496 468 2537 Praetoris
491 2495 709 2537 aediculam
732 2510 818 2551 reg.
838 2497 924 2538 XIV
948 2497 1024 2537 vici
1046 2497 1216 2538 Censorl
1236 2497 1415 2553 Magistri
1445 2499 1548 2540 Anni
1578 2496 1733 2556 Gulii9)

125 2559 325 2596 vetustate
369 2554 557 2609 dilapsam
597 2556 776 2609 impensa
806 2569 879 2598 sua
920 2556 1177 2597 restituerunt
1188 2569 1200 2607 ;
1240 2556 1344 2598 idem
1377 2558 1437 2599 Pr.
1471 2558 1657 2612 probavit
1684 2558 1730 2602 L.

272 2765 307 2809 1)
333 2766 488 2801 Cornelia
515 2768 612 2801 tribu.
648 2786 688 2791 —-
721 2766 760 2811 2)
787 2770 888 2802 semis
914 2774 947 2802 et
973 2768 1101 2802 duabus
1127 2770 1233 2803 unciis
1258 2781 1284 2804 s.
1311 2769 1481 2803 dextante.
1517 2789 1558 2794 —
1593 2767 1633 2814 3)
1657 2770 1731 2804 Nu-

127 2813 261 2847 merius.
294 2830 338 2835 —
373 2813 410 2856 4)
440 2818 583 2858 pecunia
609 2826 679 2848 sua.
713 2834 753 2838 —
788 2813 825 2857 5)
851 2816 1037 2859 sexaginta.
1064 2833 1104 2838 —
1141 2814 1179 2859 6)
1206 2816 1273 2850 Sex
1296 2818 1350 2850 vir
1382 2816 1549 2862 Aquensis
1573 2816 1642 2859 his3
1668 2828 1732 2862 pro

125 2859 200 2892 VIR
228 2860 294 2902 leg.
321 2860 448 2894 VIVIR.
476 2879 515 2884 —-
545 2859 582 2903 7)
608 2861 659 2894 Ex
685 2872 842 2906 corpore.
867 2862 966 2895 Fabr.
995 2880 1036 2884 —
1063 2861 1101 2905 8)
1127 2863 1181 2896 Sic
1206 2863 1327 2897 Donat.
1356 2863 1452 2897 deest
1477 2875 1531 2909 ap.
1550 2864 1667 2898 Murat.
1687 2882 1730 2889 -

127 2904 166 2948 9)
192 2905 247 2940 Sic
272 2907 392 2941 Donat.
418 2918 483 2952 qua
506 2909 540 2941 in
571 2909 763 2952 corruptela
790 2908 917 2942 Orellio
941 2919 1101 2944 numerus
1126 2920 1293 2945 annorum
1315 2909 1360 2944 ab
1383 2911 1539 2946 institutis
1561 2911 1731 2956 Magistris

127 2954 280 2988 vicorum
305 2953 411 2989 latere
435 2954 579 2990 videtur.
604 2955 818 2990 Muratorius.
844 2953 970 2990 CVI...
