1877 3313
180 225 266 268 402
627 219 734 255 Inscr.
760 220 935 265 profanae.
981 217 1062 264 Cap.
1086 216 1128 253 Π.
1175 216 1339 252 Tabulae.

324 328 449 367 1787.
507 326 548 367 In
580 326 640 367 his
671 325 840 381 praediis
871 325 999 367 insula
1031 324 1257 367 Sertoriana
1283 324 1376 365 bolo
1395 319 1432 377 ¹)
1468 333 1559 364 esse
1579 319 1674 363 Aur.
1696 321 1780 376 Cy-

180 387 352 437 riacetis,
383 385 460 426 filie
492 398 617 436 meae,
649 386 823 426 cinacula
854 385 899 425 N.
930 385 990 425 VI.
1024 384 1206 424 tabernas
1237 383 1283 423 N.
1305 382 1371 423 XI.
1404 387 1443 423 et
1463 393 1686 435 repossone
1706 394 1781 423 su-

179 441 429 498 hiscam-<2²3
462 443 658 484 Felieiter.
701 466 756 472 -—
797 447 836 483 In
868 446 986 493 lapide
1018 446 1151 481 Romae
1184 445 1329 480 detecto
1363 454 1454 480 anno
1490 442 1612 479 1819.
1662 442 1782 479 Edidit

181 512 218 543 et
249 505 419 555 explicuit
451 505 576 552 Birger
601 505 822 550 Thorlacius,
853 505 947 541 Prof.
971 503 1193 550 Havniensis,
1220 502 1254 539 in
1276 506 1544 551 programmate
1567 500 1783 539 academico.

179 565 352 603 Havniae.
389 563 510 600 1820.
542 563 581 600 4.
626 564 890 611 Spangenberg
922 575 955 610 p.
989 562 1082 599 598.

325 645 449 682 1788.
523 642 575 682 M.
615 642 780 683 Rutilius
823 642 888 694 Sp.
930 640 1011 682 Col.
1051 641 1176 695 Niger
1216 644 1370 693 emptor
1409 639 1570 681 adiectis
1608 639 1783 693 partibus

180 702 277 745 iuris
310 702 356 750 Q.
387 701 571 755 Appuleii
610 700 763 742 Euticbi
795 700 836 741 C.
868 700 1038 754 Appulei
1077 699 1218 739 Felicis
1249 699 1300 739 M.
1333 698 1542 740 Castricius
1581 698 1784 752 Mysticus.

180 785 237 792 --
268 764 306 800 In
339 763 394 799 via
428 762 556 810 Appia.
604 761 634 798 A
668 762 805 798 duobus
851 761 1019 798 lateribus
1062 760 1157 808 cippi
1197 760 1306 797 incisa
1338 760 1479 796 testium
1509 759 1660 797 nomina.
1709 759 1784 796 Sil-

182 824 271 870 loge
315 819 534 859 dffscrizioui
575 819 714 857 antiche
754 819 887 856 inedite
928 819 972 856 da
1015 819 1054 855 G.
1087 818 1290 855 Melchiorri
1322 831 1341 856 e
1377 819 1412 855 P.
1444 817 1616 855 Viscouti.
1665 818 1785 855 Roma.

186 880 310 918 1823.
342 880 485 927 Osann,
515 879 572 917 in:
613 879 838 927 Allgemeine
879 878 942 916 Lit.
981 877 1095 926 Zeitg.
1134 878 1323 925 Erganzbl.
1359 876 1479 916 1827.
1509 877 1549 915 N.
1582 876 1648 915 69.
1679 876 1785 914 Orell.

181 1108 218 1146 Α).
249 1103 305 1141 12,
371 1103 608 1140 Testamenta
639 1107 675 1138 et
705 1106 1007 1138 testamentorum
1032 1105 1182 1148 partes,
1222 1101 1355 1138 ordine
1385 1099 1617 1149 alphabetico
1645 1110 1785 1138 secun-

618 1161 705 1197 dum
734 1161 887 1197 nomina
916 1165 1134 1196 testatorum
1165 1160 1360 1208 disposita.

326 1279 455 1316 1789.
517 1275 670 1317 Albinia
702 1276 802 1315 Vatti
833 1275 880 1315 fil.
912 1274 1162 1324 Valerianae,
1195 1274 1380 1327 pudiciss.
1407 1273 1540 1316 femin.
1571 1275 1611 1315 P.
1637 1273 1787 1328 Appius

180 1336 220 1376 P.
256 1334 297 1376 F.
330 1334 543 1389 Eutyches.
605 1334 666 1375 Ad
699 1335 811 1374 cuius
842 1334 1068 1374 memoriam
1100 1333 1307 1374 colendam
1337 1333 1425 1374 huic
1438 1331 1480 1388 3)
1512 1333 1653 1388 colleg.
1684 1333 1788 1374 den-

183 1393 325 1446 dropb.
357 1393 436 1447 leg.
467 1393 528 1433 HS
559 1392 601 1439 E.
634 1392 680 1433 N.
696 1390 737 1447 4)
781 1393 891 1433 cuius
932 1404 1108 1432 summae
1150 1391 1278 1432 reditu
1320 1391 1541 1444 quodannis
1579 1392 1642 1433 die
1671 1391 1789 1432 natal.

186 1451 364 1492 eiusdem
397 1452 456 1492 lli.
489 1452 543 1492 Id.
577 1451 699 1504 April.
732 1450 866 1490 decnr.
899 1450 1063 1502 sportul.
1098 1463 1148 1490 ex
1179 1450 1215 1490 X
1243 1450 1345 1490 CCC.
1372 1452 1474 1491 inter
1499 1455 1697 1504 praesent.
1718 1462 1787 1490 ar-

182 1510 276 1551 bitr.
309 1522 383 1551 suo
416 1509 535 1550 divid.
553 1506 593 1563 ⁵]
636 1509 765 1550 oleum
807 1514 846 1549 et
876 1509 1029 1561 propin.
1045 1505 1085 1561 6)
1119 1521 1169 1549 ex
1200 1509 1235 1548 X
1266 1508 1394 1549 DCCL
1424 1510 1659 1562 praebeant3
1695 1509 1788 1550 item

182 1567 474 1609 lectisternium
501 1573 682 1620 tempore
709 1567 960 1620 parentaiior.
993 1579 1045 1606 cx
1076 1567 1110 1606 X
1144 1567 1206 1607 CC
1240 1568 1436 1608 memoriis
1460 1567 1638 1609 eiusdem
1665 1568 1788 1609 Vale-

181 1627 322 1667 rianae
355 1632 395 1668 et
424 1626 539 1680 Appi.
571 1626 766 1667 Valerian.
799 1625 848 1665 fil.
882 1626 965 1666 eius
997 1638 1070 1678 per
1101 1625 1205 1665 offic.
1234 1623 1538 1680 tesserarior.⁷)
1572 1625 1789 1679 quodannis

185 1689 357 1738 ponatur
388 1690 427 1725 et
458 1689 709 1738 parentetur3
748 1685 840 1725 item
872 1696 1046 1725 coronae
1077 1689 1192 1736 myri.
1225 1689 1362 1724 ternae
1393 1689 1433 1725 et
1461 1689 1642 1738 tempore
1671 1697 1790 1726 rosae

180 1742 252 1784 Iul.
284 1740 477 1795 ternaess)
510 1744 566 1784 eis
593 1747 809 1795 ponantur:
842 1743 1008 1782 miratae
1023 1739 1064 1796 ⁹)
1097 1742 1146 1782 de
1171 1743 1329 1784 selectis
1348 1740 1404 1797 10)
1437 1754 1489 1783 ex
1510 1743 1546 1784 X
1567 1743 1597 1783 L
1619 1743 1790 1797 profun-

188 1801 354 1851 dantur3
387 1803 479 1842 item
511 1801 659 1854 Appius
691 1800 958 1853 Eutychianus
989 1801 1149 1841 maritus
1168 1801 1345 1842 eiusdem
1370 1800 1603 1842 Valerianae
1629 1801 1791 1843 scholae

181 1860 430 1901 vexillarior.
462 1860 627 1915 largitus
659 1865 719 1901 est
749 1859 810 1900 HS
842 1859 1004 1900 XXXX.
1032 1859 1080 1899 N.
1109 1871 1160 1899 ex
1187 1861 1300 1901 cuius
1327 1872 1502 1901 summae
1528 1859 1659 1901 reditu
1685 1872 1791 1913 quo-

182 1918 324 1960 dannis
357 1917 421 1958 die
453 1918 519 1961 SS.
553 1917 689 1959 natalis
722 1918 808 1958 eius
840 1922 929 1958 ante
967 1921 1134 1958 statuam
1176 1918 1315 1959 lectist.
1358 1931 1412 1959 ex
1440 1918 1477 1959 X
1509 1917 1602 1959 CCL
1632 1923 1789 1972 ponant.

183 1982 311 2030 sport.
343 1976 380 2016 X
412 1977 502 2018 CCL
535 1977 637 2017 inter
668 1981 866 2029 praesent.
900 1976 974 2016 sibi
1005 1975 1122 2016 divid.
1155 1976 1284 2017 oleum
1316 1981 1356 2017 et
1381 1977 1534 2031 propin.
1561 1989 1633 2030 per
1658 1989 1790 2018 rosam

180 2036 415 2089 praebeant.
449 2059 503 2064 ——
537 2038 718 2084 Bergomi.
781 2038 918 2074 Gruter.
959 2050 993 2086 p.
1027 2037 1118 2073 753.
1151 2049 1197 2074 ex
1238 2038 1380 2087 Apiano
1413 2042 1450 2075 et
1480 2038 1608 2076 Alciati
1638 2038 1789 2076 schedis.

181 2098 461 2145 Spangenberg.
494 2110 526 2145 p.
562 2096 655 2133 390.

324 2178 452 2215 1790.
511 2176 559 2215 D.
592 2176 642 2217 M.
675 2176 724 2216 M.
756 2174 944 2216 Aurelius
974 2175 1174 2216 Romanus
1205 2181 1243 2217 et
1270 2175 1436 2218 Antistia
1468 2176 1658 2219 Cbresme
1687 2189 1791 2219 uxor

186 2235 276 2276 eius
309 2234 493 2275 fecerunt
522 2235 596 2275 sibi
637 2239 676 2275 et
715 2234 864 2275 libertis
905 2234 1082 2275 libertab.
1123 2235 1375 2288 posterisque
1406 2235 1487 2277 suis
1517 2236 1609 2276 item
1640 2235 1790 2278 libertis

181 2293 442 2346 libertabusq.
475 2294 687 2346 posterisq.
721 2305 859 2334 eorum
891 2297 1183 2334 monumentum
1215 2293 1395 2336 aedificio
1426 2294 1688 2348 superposito.

182 2480 235 2513 his
265 2480 360 2525 siglis
385 2481 468 2514 latet
494 2492 623 2514 summa
655 2481 696 2514 ab
725 2481 822 2515 Aelio
848 2481 989 2516 Chresto
1024 2493 1083 2526 pro
1110 2481 1276 2526 podismo,
1303 2481 1345 2516 de
1371 2494 1437 2528 quo
1469 2492 1643 2517 mensores
1674 2481 1790 2527 publci

181 2529 477 2608 renunlcziaverant„
504 2534 690 2562 structurae
715 2528 853 2562 scalaris
878 2529 1003 2563 soluta:
1037 2530 1188 2563 nimirum
1224 2528 1326 2562 solvit
1355 2532 1528 2565 sestertios
1562 2540 1681 2564 numos
1705 2540 1789 2563 cen-

181 2578 263 2608 tum.
324 2575 420 2608 eines.

322 2643 360 2687 1)
387 2644 473 2678 Pro:
499 2644 582 2678 volo.
611 2663 650 2668 -
679 2644 716 2688 2]
740 2646 950 2690 repositiones
974 2646 1177 2680 subsc-alares
1202 2646 1348 2690 explicat
1369 2645 1521 2680 Thorlac.
1541 2664 1582 2670 —
1609 2644 1648 2689 3)
1666 2645 1789 2690 legen-

183 2691 260 2724 dum
275 2691 428 2724 videtur:
447 2691 500 2724 hic
518 2693 538 2724 i.
554 2703 583 2725 e.
598 2692 633 2725 P.
647 2690 776 2736 Appius
791 2692 970 2735 Eutyches.
984 2710 1029 2715 ——
1043 2690 1081 2735 4)
1096 2693 1243 2735 collegio
1260 2693 1576 2737 dendrophororum
1590 2693 1719 2737 legavit
1730 2704 1789 2728 se-

182 2739 336 2771 stertium
352 2744 487 2771 centum
502 2738 604 2771 millia
620 2749 770 2772 numero.
795 2739 861 2772 Sed
881 2749 1009 2772 summa
1029 2750 1104 2772 cum
1120 2741 1271 2783 proxime
1287 2740 1504 2784 sequentibus
1523 2751 1590 2774 non
1603 2740 1691 2773 bene
1705 2750 1790 2773 con-

185 2785 284 2817 cinit:
310 2785 468 2817 mendum
495 2785 633 2818 subesse
659 2785 802 2819 videtur.
831 2802 871 2807 ἡ
899 2783 936 2826 5)
963 2786 1164 2820 decuriones
1188 2786 1358 2830 sportulas
1384 2797 1426 2819 ex
1461 2787 1606 2821 denariis
1631 2787 1790 2820 trecentis

181 2830 269 2863 inter
293 2837 494 2874 praesentes
519 2830 658 2864 arbitrio
684 2843 745 2865 suo
773 2831 935 2864 dividant.
971 2850 1014 2854 —
1049 2831 1086 2874 6)
1113 2835 1393 2876 propinationem.
1421 2851 1462 2856 ——
1489 2831 1528 2874 7)
1553 2844 1616 2877 per
1641 2833 1789 2866 officium

182 2879 448 2911 tesserariorum.
479 2895 517 2901 -
543 2875 647 2921 8)pr0
674 2890 766 2912 rosae
792 2878 854 2911 Iul.
893 2878 1072 2911 Salmasius
1099 2880 1141 2913 de
1168 2880 1268 2913 modo
1294 2889 1422 2913 usurar.
1449 2890 1478 2913 c.
1505 2880 1536 2913 7.
1562 2880 1660 2923 legit:
1694 2890 1790 2913 rosa-

184 2933 270 2955 rum.
304 2923 603 2967 Spangenbergius
627 2924 814 2967 legendum
841 2931 970 2959 censet:
1000 2930 1140 2970 tempore
1164 2926 1243 2959 Iulia?
1266 2932 1295 2959 et
1317 2937 1411 2960 rosae
1435 2931 1559 2960 lernae.
1607 2926 1674 2960 Pro
1696 2936 1790 2960 rosae

184 2969 301 3013 utique
336 2970 516 3014 legendum
549 2970 682 3004 videtur
716 2982 828 3005 roseae
851 2972 872 3006 i.
897 2983 926 3006 e.
951 2982 1110 3007 coronae.
1137 2991 1176 2997 -
1206 2970 1243 3016 9)
1267 2983 1368 3009 sensu
1392 2979 1504 3016 caret3
1539 2972 1700 3009 fortasse:
1723 2972 1789 3007 mi-

184 3025 244 3048 cac
269 3017 363 3050 turis.
389 3031 431 3042 -2
459 3015 519 3060 10)
544 3017 647 3051 seticis
672 3017 791 3063 Aptari.
