1877 3313
0 2111 9 2171 ,ιι-Δ
3 2080 5 2085 -
5 2014 7 2028 ψ

470 173 500 214 §.
525 173 558 208 2.
606 173 819 209 Feminarum
846 174 1069 217 ingenuarum
1095 179 1129 208 et
1153 174 1360 209 libertatum.
1660 172 1714 214 ’79

112 278 209 319 Viva
240 277 330 318 mihi
360 278 485 332 posui.
516 299 572 308 ·——
604 281 761 319 Canebii.
801 282 914 318 Labus
956 280 990 317 in
1032 281 1211 320 Amoretti
1254 281 1412 331 Viaggio
1454 280 1485 319 ai
1528 285 1584 319 tre
1615 281 1715 329 laghi

111 351 146 388 p.
181 339 275 376 125.

254 413 346 452 610.
407 413 451 453 D.
484 413 534 454 M.
563 414 760 454 Primitiva
783 413 892 454 Have
920 418 957 453 et
981 417 1024 453 tu
1049 415 1222 466 quisquis
1245 427 1288 456 es
1311 415 1408 456 vale.
1440 414 1526 456 Non
1550 413 1716 466 fueram,

112 483 191 511 non
224 484 323 512 sum.
365 471 523 512 Nescio.
566 472 651 513 Non
686 472 734 512 ad
767 485 828 512 me
860 472 1000 525 pertin.
1044 471 1236 513 Alexand.
1283 478 1394 515 actor
1434 473 1594 527 coniugi
1634 472 1716 514 kar.

112 553 169 560 —-
200 533 374 569 Meldulae
408 532 441 568 in
474 533 651 569 Flaminia.
685 533 781 570 Grut.
816 532 913 578 819.
946 533 982 569 4.
1030 532 1124 569 Oret.
1157 534 1281 571 4809.

253 607 348 646 611.
411 604 581 646 Athenio
623 605 671 644 de
711 605 769 646 111.
813 606 948 646 Danae
968 603 1002 659 ¹)
1047 608 1278 648 coronarius
1322 608 1495 655 Quartae
1537 605 1717 648 Aufidiae

113 664 231 705 uxori
262 676 360 704 suae
389 663 655 705 benevolenti.
671 661 711 717 ²)
755 665 839 705 eius
881 669 920 705 et
952 664 1113 706 honoris
1157 678 1298 707 caussa
1329 666 1434 707 feeit.
1466 666 1512 708 H.
1544 665 1581 708 S.
1615 665 1658 707 Ε.
1674 663 1715 721 ³)

0 711 1 721 ¹
67 768 69 770 ¹
113 745 168 751 ——-
200 726 399 762 Ravennae.
430 725 531 761 Fabr.
563 737 597 772 p.
630 724 724 761 366.
773 725 867 762 Oret.
902 725 1025 762 3645.

254 800 348 837 612.
409 797 455 838 D.
497 797 548 838 M.
590 797 677 838 Ave
720 798 889 840 Salvinia
932 799 1105 840 omnium
1147 801 1410 842 amantissima
1451 805 1489 842 et
1527 801 1628 843 vale.
1661 825 1717 831 —-

111 860 213 897 Fabr.
245 872 279 908 p.
314 858 408 896 392.
442 858 536 895 265.
585 860 693 896 More.
725 861 777 896 St.
811 860 991 897 CLXXIV.

256 935 349 971 613.
412 932 456 972 D.
490 932 541 973 M.
575 932 803 974 Scriboniae
835 933 988 974 Hedoni
1021 934 1065 982 Q.
1099 935 1280 988 Tampius
1313 936 1525 978 Hermeros
1557 936 1719 992 coniugi

111 991 342 1032 karissimae
384 990 460 1032 fec.
493 1004 568 1033 eon
601 1004 676 1044 qua
707 992 786 1031 vix.
820 1005 881 1032 an.
910 992 1041 1033 XVIII.
1064 994 1135 1033 sin.
1167 994 1355 1046 querella,
1384 995 1496 1036 cuius
1519 995 1718 1037 desiderio

111 1050 261 1091 iuratus
293 1061 338 1090 se
369 1055 510 1104 postea
541 1062 680 1091 uxore.
714 1062 793 1090 non
826 1050 1018 1091 habiturn.
1053 1075 1106 1080 —
1141 1054 1235 1091 Pisis,
1269 1056 1352 1093 Gori
1384 1056 1456 1093 Etr.
1481 1056 1518 1094 3.
1537 1069 1570 1105 p.
1594 1057 1719 1094 XXIX.

114 1111 209 1148 Oret.
241 1110 368 1147 4623.

257 1186 351 1222 614.
413 1184 479 1224 Dis
512 1184 691 1225 Manibus
723 1185 976 1226 Semiramiae
1008 1185 1234 1226 Licinianae
1266 1186 1316 1227 fit.
1351 1186 1391 1228 C.
1426 1187 1612 1229 Vinedius
1655 1188 1720 1229 fe-

111 1239 286 1292 liciss.4)
320 1255 434 1295 quam
476 1242 565 1284 loco
607 1243 708 1283 filiae
750 1243 868 1296 diligo
907 1245 957 1284 ob
1000 1245 1138 1285 merita
1179 1245 1276 1286 eius.
1309 1246 1431 1286 Vivus
1472 1248 1587 1288 vivae
1628 1246 1719 1288 feci.

113 1324 170 1331 —-
200 1304 344 1341 Romae.
378 1304 474 1340 Grut.
508 1305 603 1350 888,
637 1305 673 1340 6.
713 1305 855 1340 Fabret.
890 1305 986 1350 6-16,
1021 1305 1115 1340 389.

255 1379 348 1416 615.
409 1377 517 1416 Have
548 1377 744 1430 Septimia.
777 1376 832 1417 Sit
863 1377 929 1416 tibi
962 1381 1067 1417 terra
1101 1377 1213 1418 levis.
1248 1378 1433 1431 Quisquis
1457 1380 1548 1421 huie
1570 1380 1719 1421 tumulo

113 1436 244 1489 posuit
275 1436 476 1476 ardentem
509 1435 733 1486 lucernam,
766 1435 868 1476 iliius
901 1436 1056 1476 cineres
1088 1449 1211 1477 aurea
1242 1442 1348 1478 terra
1380 1443 1500 1492 tegat.
1536 1463 1586 1469 ——
1621 1442 1718 1478 Grut.

112 1509 148 1545 p.
184 1496 305 1533 1148.
351 1496 665 1533 RaouI-Rochette
696 1497 898 1544 Antiquites
944 1498 1005 1533 des
1039 1499 1235 1535 catacomb.
1268 1498 1300 1535 in
1332 1499 1489 1537 Memoir.
1522 1500 1567 1538 de
1598 1499 1721 1538 t'acad.

115 1556 178 1592 des
208 1556 316 1592 Inscr.
348 1555 385 1592 T.
416 1555 508 1591 XIII.
540 1567 573 1603 p.
609 1555 703 1592 565.

256 1630 349 1668 616.
411 1628 634 1681 Septumiae
666 1628 708 1668 L.
740 1628 784 1669 L.
817 1628 991 1669 Severae
1023 1628 1065 1668 L.
1097 1629 1233 1670 Pollio.
1266 1628 1480 1672 Abascant.
1520 1632 1596 1673 Pro
1628 1645 1720 1672 me-

111 1687 197 1746 ritis
228 1700 387 1741 parum,
417 1699 490 1740 pro
523 1686 710 1728 facultate
742 1688 850 1729 satis.
893 1710 947 1716 —
993 1691 1170 1728 Veronae.
1205 1692 1344 1729 Gruter.
1379 1693 1486 1739 994,
1520 1693 1556 1730 3.
1603 1693 1720 1731 Maffei

113 1748 246 1785 Dittico
281 1748 412 1793 Quirin.
444 1760 479 1797 p.
513 1748 579 1786 27.

255 1823 349 1860 617.
410 1821 455 1861 D.
488 1821 538 1862 M.
573 1826 612 1862 et
644 1823 858 1863 memoriae
891 1827 1076 1863 aeternae
1110 1822 1240 1864 Sutiae
1271 1823 1467 1877 Arithmis,
1500 1837 1603 1878 quae
1626 1826 1722 1867 vixit

113 1881 223 1921 annis
255 1880 376 1921 XXV.
409 1892 533 1921 niens.
566 1880 630 1921 XI.
663 1881 707 1920 D.
739 1881 783 1921 V.
818 1894 919 1934 quae
952 1881 1042 1922 dum
1077 1883 1192 1922 nimia
1222 1882 1285 1935 pia
1316 1882 1388 1923 fuit
1429 1883 1531 1924 faeta
1564 1890 1626 1926 est
1656 1887 1721 1926 in-

110 1939 187 1993 pia,
220 1944 258 1979 et
288 1937 394 1979 Attio
420 1939 645 1979 Probatiolo
671 1939 862 1980 Ceriaiius
895 1939 1054 1981 Calistio
1080 1941 1233 1981 Coniux
1254 1946 1294 1981 et
1315 1947 1426 1994 pater
1450 1947 1488 1982 et
1511 1943 1582 1983 sibi
1607 1945 1720 1984 vivus

111 1996 340 2051 ponendum
373 1998 525 2038 curavit
557 2003 597 2038 et
627 1998 699 2039 sub
731 1999 836 2039 ascia
868 1997 1075 2040 dedicavit.
1119 2023 1173 2028 —-
1214 2002 1386 2048 Lugduni.
1425 2003 1521 2040 Grut.
1554 2004 1651 2052 831,
1685 2005 1721 2041 6.

111 2059 211 2107 Spon
243 2059 354 2104 Lyon.
387 2071 420 2107 p.
454 2059 523 2095 86.

253 2133 346 2170 618.
407 2131 454 2171 D.
494 2131 546 2172 M.
590 2133 802 2173 Terentiae
843 2133 980 2174 Niceni
1023 2133 1232 2173 Terentiae
1274 2133 1448 2175 Primaes
1493 2134 1666 2177 medicas
1683 2132 1720 2189 ⁵)

110 2189 296 2239 libertae3
338 2189 522 2231 fecerunt
560 2191 732 2232 Mussius
764 2191 996 2233 Antiochius
1039 2197 1079 2232 et
1110 2191 1257 2232 Mussia
1288 2192 1478 2247 Dionysia
1509 2193 1558 2234 fil.
1591 2194 1642 2235 M.
1675 2194 1720 2235 B.

110 2248 163 2290 M.
195 2271 250 2277 —
283 2251 426 2288 Romae.
459 2252 601 2288 Fabret.
633 2265 666 2300 p.
700 2253 794 2289 497.
849 2253 945 2290 Orel.
978 2252 1101 2289 4231.

255 2327 349 2365 519.
412 2325 624 2366 Terentiae
664 2326 958 2368 Valentinianae
991 2327 1151 2380 coniugi
1181 2327 1349 2380 incomp.
1388 2327 1583 2370 Aebutius
1616 2330 1721 2370 Ter-

111 2384 189 2426 tius
221 2384 336 2424 anim.
368 2385 705 2435 merentissimae‚
748 2398 838 2426 cum
881 2398 956 2438 qua
989 2386 1084 2425 vixit
1116 2398 1205 2426 ann.
1237 2385 1359 2428 XXV.
1391 2388 1477 2428 sine
1507 2388 1583 2429 utta
1615 2401 1720 2441 que-

114 2443 210 2483 reia.
243 2465 298 2470 ——
330 2445 469 2482 Gruter.
500 2457 534 2493 p.
567 2445 662 2482 833.
696 2446 732 2482 3.
781 2447 890 2483 More.
922 2448 972 2483 St.
1006 2446 1103 2483 CLX.

253 2532 347 2568 620.
411 2530 633 2571 Terminiae
666 2531 711 2579 Q.
744 2531 785 2571 F.
818 2531 986 2573 Sabinae
1018 2531 1136 2571 Britia
1168 2531 1310 2573 Sabina
1352 2537 1477 2574 mater
1506 2534 1546 2574 P.
1562 2530 1602 2587 ⁶]
1644 2533 1720 2574 Vix

110 2587 158 2629 A.
188 2587 326 2629 XXVI.
362 2587 476 2635 Quod
505 2601 577 2641 par
598 2589 753 2642 parenti
782 2588 918 2630 facere
950 2588 1079 2630 fuerat
1107 2589 1235 2642 filiam,
1267 2604 1376 2632 mors
1398 2594 1601 2632 immatura
1627 2591 1721 2632 feeit

111 2650 166 2687 ut
197 2646 349 2687 faceret
379 2651 504 2686 mater
534 2646 647 2687 filiae.
707 2647 750 2688 In
781 2647 821 2688 F.
853 2648 893 2688 P.
926 2647 1008 2688 XV.
1069 2646 1110 2687 In
1151 2647 1199 2689 A.
1229 2649 1271 2690 P.
1301 2649 1384 2691 XV.
1400 2647 1440 2704 ⁷)
1481 2672 1537 2681 --
1577 2653 1728 2691 Dorvitt.

111 2707 202 2754 Syll.
234 2706 343 2745 Inscr.
374 2719 408 2744 n.
440 2707 507 2745 94.
553 2708 661 2745 More.
694 2709 746 2746 St.
778 2708 944 2746 CLXVII.

255 2869 294 2913 1)
318 2872 421 2904 triere
446 2870 573 2904 Danae.
599 2887 643 2892 —-
669 2869 708 2914 2)
734 2870 1006 2905 benevolentiae.
1034 2887 1075 2893 —
1100 2870 1139 2915 3)
1165 2871 1221 2906 hic
1246 2873 1308 2906 sita
1333 2877 1395 2906 est.
1422 2889 1466 2896 —-
1490 2870 1529 2916 4)
1553 2872 1634 2917 Leg.
1658 2873 1717 2907 in-

108 2915 337 2959 felicissimus,
371 2919 433 2951 nisi
460 2927 651 2960 cognomen
676 2919 729 2952 sit.
766 2935 806 2941 —
843 2916 880 2960 5)
906 2928 987 2961 pro:
1013 2916 1165 2962 Primae,
1198 2920 1359 2954 medicae.
1384 2935 1429 2942 —
1463 2917 1502 2963 6)
1527 2921 1650 2964 posuit.
1676 2936 1717 2943 --

112 2960 150 3005 7)
174 2963 211 2997 In
236 2962 350 2998 fronte
374 2964 482 3009 pedes
509 2964 562 2999 15.
610 2964 647 2999 In
673 2975 758 3009 agro
784 2963 892 3008 podes
918 2963 975 2999 15.
