1877 3313
135 188 215 232 154
281 189 383 224 Inscr.
409 187 583 233 profanae.
633 185 714 233 Cap.
740 186 764 222 I.
813 187 911 223 Tituli
935 198 1075 233 operum
1100 187 1266 232 publicor.
1291 199 1359 222 non
1382 198 1567 223 sacrorum.

129 295 192 337 dci
223 308 346 337 vorsu
376 295 415 335 P.
448 293 547 336 XVI.
581 317 637 326 --
669 297 872 335 Praeneste.
903 298 1107 343 Mommsen,
1142 296 1316 334 Welcker
1337 297 1460 334 Rhein.
1491 298 1577 334 Mus.
1602 296 1724 336 1847.

127 370 160 406 p.
192 358 287 394 464.

270 431 389 468 1328.
451 427 491 468 C.
525 427 692 470 Suettius
723 429 766 469 T.
800 429 840 469 F.
872 428 1024 469 Aemili.
1073 429 1115 468 T.
1148 428 1316 469 Baebius
1348 429 1390 469 L.
1422 428 1463 468 F.
1488 428 1532 477 Q.
1555 428 1724 470 Suettius

127 489 173 537 Q.
205 488 246 529 F.
293 487 466 541 Magistri
498 487 634 527 cellam
667 491 707 527 et
728 487 893 529 culinam
914 486 1093 527 faciunda
1116 491 1314 528 curarunt.
1349 510 1404 516 —-
1435 490 1473 526 In
1495 501 1584 538 agro
1607 489 1724 538 Aqui-

124 550 216 586 lano.
262 550 347 585 Mur.
379 561 415 597 p.
447 548 542 585 485.

269 623 389 660 1329.
457 621 498 661 In
541 621 732 662 honorem
774 622 831 662 Ti.
877 621 1025 662 Claudii
1067 621 1247 662 Caesaris
1289 621 1463 674 Augusti
1504 620 1725 663 Germanici

123 679 214 721 Sex.
247 680 426 720 Paetieus
460 679 506 727 Q.
538 679 577 719 F.
612 680 767 720 Tertius
799 685 838 720 et
870 680 908 720 C.
940 680 1119 720 Paeticus
1159 680 1250 721 Sex.
1294 680 1334 720 F.
1377 680 1528 720 Firmus
1571 680 1725 720 horilo-

122 738 228 790 gium
260 751 347 778 cum
380 738 543 778 sedibus
574 739 739 792 paganis
772 738 1032 779 Laebactibus
1052 735 1088 792 ¹]
1122 737 1329 779 dederunt.
1364 763 1414 769 -—
1446 741 1548 778 Fabr.
1571 753 1603 790 p.
1629 741 1723 778 684.

32 838 37 847 ‚
84 809 89 815 ·
121 799 229 836 Morc.
261 799 339 836 Stil.
372 798 611 837 CCXXXXV.

266 874 386 912 1330.
448 872 493 921 Q.
524 872 683 913 Fulvius
715 873 756 913 L.
791 873 829 913 F.
862 870 1010 923 Rufus,
1054 872 1098 920 Q.
1132 871 1279 926 Argius
1313 872 1358 920 Q.
1392 872 1429 913 F.
1465 872 1582 913 Celer
1611 875 1725 925 pater

124 930 155 971 ΙΙ
187 930 247 970 vir
277 931 446 971 lanarias
477 935 516 971 et
547 943 647 983 quae
679 932 717 971 in
750 932 807 972 eis
840 936 928 972 sunt
960 944 1031 971 sua
1064 943 1153 984 peq.
1187 931 1280 971 fecit
1312 936 1353 971 ut
1381 944 1432 971 ex
1454 943 1503 971 eo
1527 930 1724 985 vectigale

123 990 332 1041 quotannis
374 989 539 1030 mulsum
582 995 623 1030 et
653 994 826 1030 crustum
868 989 984 1030 natali
1027 990 1209 1030 Caesaris
1251 989 1419 1044 Augusti
1460 989 1636 1030 daretur.
1668 1011 1724 1017 --

122 1051 305 1087 Tlielesiae
337 1051 370 1086 in
403 1050 630 1096 Samnitibus,
661 1050 693 1086 in
729 1051 861 1098 templo
894 1051 926 1087 in
960 1051 1034 1087 basi
1057 1051 1250 1087 secundum
1273 1051 1442 1087 Smetium
1465 1051 1526 1087 sol.
1553 1049 1602 1086 13
1628 1061 1724 1087 vers.

121 1109 219 1145 Grut.
251 1121 284 1158 p.
324 1108 428 1151 1733
460 1109 744 1155 Thessalonicae,
778 1121 823 1146 ex
853 1109 994 1145 schedis
1025 1109 1140 1145 Lucae
1172 1109 1346 1146 Holstenii
1368 1109 1562 1146 secundum
1583 1109 1722 1146 Fabret.

121 1179 155 1215 p.
200 1167 297 1204 606.
340 1179 444 1216 quem
485 1165 627 1215 quidem
670 1168 829 1204 Morcell.
869 1168 945 1204 Stil.
988 1167 1213 1205 CCLXXVII.
1252 1168 1412 1216 sequitur
1452 1169 1545 1204 hune
1585 1167 1724 1204 titulum

120 1237 300 1263 enarrans.

262 1301 384 1338 1331.
445 1298 570 1340 Salvis
608 1311 654 1339 ac
685 1299 916 1340 florentibus
957 1299 1035 1339 DD.
1067 1296 1206 1353 NN.2)
1239 1299 1418 1341 Honorio
1451 1304 1491 1340 et
1522 1298 1721 1341 Theodos.

118 1359 318 1412 perpetuis
367 1370 527 1411 semper
569 1356 700 1410 Augg.
746 1358 912 1398 Caecina
954 1357 1096 1398 Decius
1137 1358 1342 1399 Acinatius
1383 1357 1551 1399 Albinus
1593 1358 1638 1398 V.
1679 1356 1721 1398 C.

120 1416 245 1457 Praef.
280 1420 402 1470 praet.
437 1415 632 1458 stabulum
665 1429 714 1456 ne
747 1416 925 1456 animalia
968 1428 1110 1457 cursus
1149 1416 1297 1468 publici
1334 1417 1443 1470 longi
1478 1416 1629 1457 itineris
1659 1416 1723 1456 la-

120 1475 219 1515 bore
252 1474 395 1514 diutius
428 1474 654 1527 deperirent
686 1474 868 1527 providit,
901 1475 1112 1526 constituit,
1145 1474 1365 1515 aedificavit
1395 1474 1524 1527 adque
1556 1473 1723 1516 dedica-

118 1534 175 1573 vit
205 1533 252 1574 IV
284 1532 347 1573 die
379 1530 559 1587 mens.³]
591 1537 753 1573 curante
786 1532 840 1573 Fl.
872 1532 1031 1574 Asterio
1054 1533 1265 1586 Deputato.
1288 1533 1369 1574 IIX.
1402 1557 1457 1562 —
1488 1536 1526 1572 In
1549 1535 1604 1572 via
1630 1536 1721 1572 Cas-

118 1594 180 1631 sia.
226 1593 329 1630 Doni.
361 1606 394 1642 p.
430 1594 493 1630 77.
543 1593 601 1630 Or.
635 1593 758 1630 3329.

261 1669 381 1706 1332.
443 1666 482 1707 C.
515 1666 719 1708 Safronius
752 1665 791 1707 C.
823 1667 864 1707 F.
898 1665 1032 1723 Ste.⁴)
1064 1667 1293 1718 Secundus,
1324 1666 1425 1708 Aed.
1457 1668 1605 1708 Decur.
1635 1665 1719 1706 Be-

118 1726 302 1776 neventi,
334 1738 423 1779 pag.
460 1726 595 1766 Veiani
628 1725 756 1766 Curat.
788 1726 1003 1776 Patronus,
1046 1726 1211 1766 triclinia
1242 1738 1328 1779 pec.
1360 1738 1430 1767 sua
1463 1725 1540 1766 fec.
1573 1729 1612 1766 et
1642 1724 1720 1765 de-

119 1784 316 1825 dicatione
349 1796 435 1838 pag.
470 1785 626 1837 epulum
659 1783 774 1824 dedit.
807 1783 899 1837 Imp.
934 1784 1040 1825 Vero
1071 1784 1128 1824 ΙΙΙ.
1164 1785 1253 1825 Cos.
1270 1781 1309 1838 ⁵)
1351 1807 1407 1812 -—
1449 1787 1564 1835 Prope
1597 1787 1718 1823 Bene-

118 1847 271 1883 ventum.
320 1845 485 1882 Garrucci
517 1846 667 1882 lllonum.
712 1845 830 1890 Ligur.
872 1857 903 1893 p.
938 1845 1001 1881 31.
1049 1845 1208 1882 Bulletin.
1251 1847 1345 1882 arch.
1392 1845 1513 1882 1847.
1555 1858 1589 1894 p.
1625 1844 1719 1882 169.

261 1919 380 1957 1333.
443 1918 524 1959 Gal.
558 1918 763 1958 Tettienus
795 1917 976 1958 Pardalas
1009 1923 1046 1958 et
1080 1919 1258 1959 Tettiena
1295 1918 1442 1959 Galene
1473 1918 1718 1972 tetrastylum

118 1988 188 2018 sua
220 1977 386 2029 pecunia
419 1975 599 2017 fecerunt
630 1977 722 2016 item
755 1976 961 2017 simulacra
994 1976 1168 2018 Castoris
1201 1983 1238 2018 ct
1266 1977 1435 2018 Pollucis
1458 1977 1717 2030 municipibus

115 2035 378 2076 Asisinatibus
396 2035 485 2076 don.
506 2034 642 2075 deder.
664 2040 703 2074 et
720 2034 965 2074 dedicatione
984 2035 1140 2087 epulum
1164 2035 1452 2076 Decurionibus
1471 2037 1573 2090 sing.
1598 2034 1653 2076 -Χ-
1670 2035 1717 2075 V.

116 2094 243 2135 Sevir.
280 2093 333 2133 ·X·
370 2093 426 2133 ΙΙΙ.
459 2094 588 2146 plebei
626 2093 679 2133 ·X·
715 2093 770 2135 IS.
806 2093 1009 2134 dederunt.
1041 2093 1077 2134 S.
1110 2094 1150 2134 C.
1184 2093 1224 2134 L.
1257 2094 1303 2134 D.
1337 2116 1392 2122 —
1423 2096 1544 2134 Assisi.
1592 2095 1717 2134 Bullet.

117 2155 327 2202 archeolog.
364 2154 484 2192 1839.
516 2167 549 2203 p.
586 2154 678 2191 146.

114 2311 151 2350 5.
182 2306 217 2345 3.
283 2307 437 2344 Viarum
469 2307 566 2343 tituli
595 2308 635 2342 in
665 2306 779 2342 Italia
810 2311 844 2342 et
872 2306 913 2341 in
939 2307 1144 2353 provinciis
1177 2318 1201 2342 a
1232 2305 1475 2354 Principibus,
1507 2307 1716 2355 mayistra-

430 2365 547 2411 tibus,
575 2366 735 2413 privatis
762 2365 967 2411 factarum.
1027 2364 1190 2412 Lapides
1220 2364 1402 2402 milliarii.

260 2481 380 2519 1334.
453 2478 620 2520 Senatus
662 2479 913 2533 populusque
960 2491 1145 2519 romanus
1187 2479 1327 2520 clivom
1368 2478 1503 2520 Martis
1549 2479 1717 2532 pecunia

116 2538 268 2591 publica
309 2539 347 2578 in
390 2538 587 2592 planitiam
624 2538 881 2591 redigendum
925 2538 1089 2577 curavit.
1134 2559 1183 2565 —
1228 2541 1371 2577 Romae.
1419 2541 1514 2577 Grut.
1555 2551 1588 2589 p.
1623 2539 1715 2576 152.

118 2599 213 2637 Orel.
246 2599 281 2635 3.
328 2599 485 2636 Morcell.
517 2599 592 2635 Stil.
624 2599 822 2635 CCXXlllI.
867 2599 1015 2634 Becker.
1062 2598 1159 2635 Rom.
1191 2599 1262 2635 Alt.
1294 2599 1320 2636 1.
1355 2598 1448 2635 512.

255 2674 378 2711 1335.
439 2671 479 2712 C.
512 2671 659 2712 Caesar
690 2671 859 2726 August.
892 2670 933 2711 F.
967 2670 1054 2711 Cos.
1086 2671 1169 2712 vias
1193 2684 1330 2713 omnes
1356 2671 1519 2713 Arimini
1538 2668 1715 2726 stern.⁶)

261 2833 294 2877 1)
320 2836 386 2869 vici
413 2836 485 2880 agri
509 2834 707 2868 Belunensis
734 2836 876 2878 incolae,
895 2837 951 2879 qui
969 2835 1088 2870 hodie:
1114 2835 1270 2869 Luvazz-o.
1300 2853 1339 2858 -
1367 2833 1405 2877 2)
1424 2835 1564 2868 dominis
1583 2835 1717 2869 nostris.

120 2897 160 2903 —
187 2878 224 2922 3)
251 2892 324 2914 cum
350 2893 490 2915 numero
523 2882 584 2915 llX
609 2883 640 2914 in
668 2883 731 2915 tine
757 2883 843 2916 tituli
867 2884 1073 2925 coniungas,
1107 2888 1141 2914 ut
1166 2884 1208 2915 sit
1242 2883 1284 2916 lv
1311 2883 1366 2916 die
1392 2883 1515 2915 mensis
1549 2880 1714 2915 Octobris.

118 2926 211 2960 Haec
235 2934 285 2960 est
309 2930 501 2962 coniectura
533 2927 648 2961 Gudii:
682 2939 757 2962 nam
784 2931 957 2973 inscriptio
984 2930 1065 2963 sert:
1099 2928 1219 2963 1vD1x
1245 2929 1354 2963 MEtS.
1390 2945 1430 2951 ——
1465 2926 1504 2969 4)
1539 2927 1716 2962 Stellatina

119 2973 217 3007 tribu.
244 2992 287 2997 —-
313 2973 350 3016 5)
376 2975 455 3009 Post
479 2975 556 3010 Chr.
585 2975 658 3008 167.
686 2992 728 2997 —
759 2974 797 3018 6)
822 2975 1004 3011 sternebat.
