1877 3313
67 177 154 221 324
513 173 622 209 Inscr.
646 173 822 218 profanae.
871 171 1019 218 eap.11.
1067 171 1227 207 Tabulae.

66 285 143 327 Pro
196 281 304 322 birro
357 278 551 334 qualitatis

124 340 273 394 primae

65 400 142 445 Pro
197 399 307 440 birro
356 397 550 451 qualitatis

125 456 327 499 secundae

64 517 142 558 Pro
182 515 376 557 caracalla
415 515 551 556 maiori
617 545 626 555 .

65 576 143 616 Pro
175 574 358 616 caracalli
394 574 536 616 minori

65 634 142 675 Pro
173 634 356 675 bracibus

65 693 144 734 Pro
175 692 375 733 udonibus

66 751 309 795 Sarcinatori
354 751 394 791 in
440 754 553 791 veste

125 808 554 862 soubtilireplicatorae
621 837 631 847 .

65 867 203 911 Eidem
235 873 446 922 aperturae
466 880 555 909 eum

125 927 338 969 subsutura
386 927 554 969 holose-

125 986 236 1027 ricae

67 1044 207 1088 Eidem
228 1048 437 1098 aperturae
464 1056 553 1084 cum

126 1104 339 1145 subsutura
405 1103 554 1145 subse—

127 1163 235 1204 ricae

69 1252 80 1263 .
114 1252 123 1262 .
156 1233 180 1262 ο
200 1225 365 1263 suturae
386 1221 425 1262 in
442 1224 554 1261 veste

127 1280 321 1334 grossiori

69 1350 81 1360 ·
98 1370 108 1380 .
125 1338 328 1380 ntunclum
342 1341 553 1391 equestrae

130 1397 330 1450 quodetile
386 1396 516 1437 album

129 1457 214 1498 sive
245 1456 402 1510 nigrum
434 1455 557 1496 livra-

128 1527 217 1556 rum
247 1515 363 1555 trium

71 1605 82 1617 .
117 1604 128 1615 .
168 1573 395 1614 entunclum
436 1584 460 1625 p
503 1603 512 1612 .
546 1603 555 1611 .

128 1636 169 1672 te
212 1664 221 1673 .
264 1664 273 1672 .
322 1632 335 1672 i
375 1636 556 1671 ornatum

129 1691 177 1732 ab
233 1702 307 1732 usu
366 1689 555 1743 ponderis

130 1751 164 1791 si
197 1781 206 1790 .
240 1782 248 1790 .
280 1750 382 1790 atori

73 1841 83 1851 .
116 1840 127 1850 .
159 1821 206 1850 ca
246 1807 424 1848 muliebri
465 1807 554 1847 vul-

130 1867 219 1921 gari
248 1866 335 1908 rudi

116 2017 126 2026 .
167 1984 354 2027 istrictori
392 1983 429 2024 bi
463 2015 471 2023 .
505 2015 514 2024 .
547 1983 557 2023 i

129 2043 207 2085 live
237 2042 316 2085 tela

72 2134 84 2145 .
115 2134 125 2144 .
157 2114 232 2144 uus
264 2133 274 2143 .
307 2132 317 2142 .
351 2133 360 2141 .

73 2170 559 2215 ..nin..ai..oti

130 2230 232 2273 rude

73 2313 204 2343 aUUSU
234 2332 244 2341 .
277 2332 286 2341 .
321 2331 329 2340 .
363 2331 372 2341 .

73 2371 220 2427 Sagum
233 2370 318 2413 sive
329 2383 372 2412 ra
391 2401 399 2411 .
420 2401 428 2411 .
447 2381 559 2411 anam

131 2430 270 2472 rudem

74 2498 137 2542 Ab
169 2513 248 2542 usu
279 2533 290 2541 .
322 2530 332 2540 .
364 2530 374 2539 .
412 2530 421 2539 .

74 2571 118 2613 In
151 2575 282 2625 tapete
311 2568 401 2611 rudi

76 2640 413 2682 Abusu....

78 2709 346 2752 Geromatrita
361 2709 401 2749 in
418 2707 561 2761 singu·-

136 2769 184 2810 lis
215 2767 415 2822 discipulis
448 2778 564 2807 men-

138 2831 249 2869 truos

79 2895 319 2951 Paedagogo
349 2896 390 2936 in
421 2895 563 2948 singu—

138 2954 184 2996 lis
196 2955 330 3008 pueris
338 2957 565 2996 menstruos
630 2983 640 2993 .

1089 806 1126 847 >d
1088 454 1127 729 ><><><><><
1088 337 1125 378 ><

1089 982 1125 1022 κ’

1094 2423 1133 2675 ><><><><
1094 2225 1131 2335 :aaz
1091 2039 1128 2137 >em
1091 1863 1127 1962 ><><
1093 1745 1125 1785 Ἀ

1096 2819 1133 2862 ><

1181 335 1443 390 quadraqima

1179 454 1304 508 vigint
1321 485 1330 494 .
1352 486 1360 495 .

1180 513 1317 566 viginti

1180 572 1318 625 viginti

1181 629 1320 683 viginti

1181 692 1367 741 quattuor

1180 818 1254 847 SEX

1181 980 1435 1035 qinquaginta

1181 1157 1340 1211 triginta

1181 1278 1364 1328 quattuor

1181 1515 1336 1551 0811111111

1181 1744 1347 1798 Cqunq
1365 1776 1373 1785 .
1392 1776 1400 1785 .
1420 1776 1429 1785 .

1181 1862 1355 1905 sedecun

1183 1922 1320 1963 decem

1182 2038 1319 2079 decem

1181 2109 1254 2139 sex

1183 2238 1257 2268 sex

1189 2296 1262 2338 dos

1184 2423 1359 2466 sedecim

1184 2507 1258 2535 sex

1186 2564 1512 2618 vigintiquattuor

1186 2633 1323 2675 decem

1187 2819 1470 2874 quinquaginta

1187 2949 1467 3004 quinquaginta
