1887 3324
1675 147 1729 189 19

197 261 250 307 Ε,
273 261 317 305 S.
337 262 388 304 R.
409 263 442 317 1)
463 263 573 319 [mp.
597 262 724 305 Caes.
746 260 813 302 Fl.
845 259 1161 302 Constantinus
1191 260 1411 302 Maximus
1440 258 1732 302 Germanicus

115 318 381 361 Sarmaticus
411 319 588 361 Geticus
607 318 762 360 Victor
783 317 1096 371 Triumphator
1115 318 1231 372 Aug.
1255 322 1297 357 et
1325 315 1392 357 Fl.
1415 315 1731 358 Constantinus

82 396 85 400 ·
116 381 159 417 et
179 375 246 416 Fl.
267 374 346 417 Iul.
369 375 655 417 Constantius
679 380 723 415 et
743 373 810 414 Fl.
833 372 1067 414 Constans.
1119 372 1280 414 Omnia
1303 371 1498 427 quidem,
1521 386 1633 427 quae
1655 369 1731 412 hu-

114 432 235 473 mani
266 431 443 487 generis
472 432 726 473 societatem
757 434 954 481 tuentur,
985 428 1265 484 pervigilium
1298 443 1430 470 curae
1463 427 1731 483 cogitatione

116 486 469 543 complectimur3
503 486 582 529 sed
612 486 915 542 provisionum
937 490 1187 526 nostrarum
1210 499 1318 540 opus
1340 484 1582 525 maximum
1596 485 1630 538 2)
1654 488 1733 537 est,

115 549 162 585 ut
192 543 425 585 universae
460 542 594 585 urbes
629 557 735 599 quas
758 542 799 583 in
824 540 1060 582 luminibus
1083 540 1413 596 provinciarum
1434 539 1519 580 hac
1532 540 1567 596 3)
1589 539 1733 595 regio-

115 614 219 641 num
251 599 445 640 omnium
478 600 648 655 species
681 605 723 640 et
754 598 895 640 forma
930 596 1160 653 distinguit
1191 611 1279 637 non
1308 591 1441 637 modo
1473 594 1733 651 dignitatem

115 655 347 712 pristinam
370 661 570 708 teneant,
602 654 682 696 sed
711 656 842 696 etiam
876 653 933 695 ad
963 652 1189 694 meliorem
1212 658 1374 693 statum
1396 650 1732 692 beneficientiae

116 717 295 752 nostrae
327 726 509 753 munere
541 711 853 767 provehantur.
868 712 903 763 4)
964 708 1075 751 Cum
1097 709 1231 764 igitur
1252 709 1314 749 ita
1339 722 1419 749 vos
1443 707 1632 748 Tusciae
1656 705 1732 747 ad-

116 767 323 810 sereretis
356 782 452 809 esse
486 768 763 820 coniunctos,
797 773 841 808 ut
874 766 1072 807 instituto
1106 762 1434 806 consuetudinis
1457 763 1631 819 priscae
1653 777 1734 818 per

115 822 313 880 singulas
337 838 549 865 annorum
572 825 693 865 vices
716 838 740 864 a
763 822 889 864 vobis
913 835 1083 877 quoque
1104 819 1344 876 praedictis
1367 817 1621 860 sacerdotes
1644 832 1736 859 cre-

120 885 266 932 entur,
300 881 374 935 qui
405 886 510 935 aput
541 879 764 920 Vulsinios
797 879 987 920 Tusciae
1020 877 1241 918 civitatem
1274 875 1400 916 ludos
1433 874 1662 916 scaenicos
1692 878 1735 914 et

117 934 413 992 gladiatorum
435 951 592 977 munus
616 935 867 987 exhibeant,
892 934 972 976 sed
993 938 1174 989 propter
1197 931 1336 973 ardua.
1357 931 1568 972 montium
1592 935 1634 971 et
1657 928 1737 970 dif-

117 991 335 1033 ficultates
378 992 580 1033 itinerum
615 992 808 1033 saltuosa
848 990 1071 1045 impendio
1103 988 1370 1044 posceretis,
1403 992 1450 1027 ut
1481 985 1647 1027 indulto
1669 999 1736 1026 re-

118 1047 264 1089 medio
297 1047 517 1089 sacerdoti
547 1055 695 1089 vestro
730 1047 783 1087 ob
819 1047 1034 1088 editiones
1069 1043 1358 1086 celebrandas
1381 1042 1608 1084 Vulsinios
1673 1056 1737 1082 er-

119 1118 225 1160 gere
257 1118 440 1145 necesse
472 1120 560 1145 non
592 1111 730 1152 essen
766 1103 933 1144 scilicet
953 1108 999 1143 ut
1021 1101 1209 1153 civitati,
1243 1099 1313 1140 cui
1345 1113 1461 1140 nunc
1489 1098 1629 1153 Hispe
1665 1111 1737 1137 um

118 1175 280 1202 nomen
313 1167 379 1201 est
410 1174 626 1216 quamque
649 1160 895 1201 Flaminiae
927 1159 1026 1199 viae
1060 1156 1275 1197 confinem
1307 1154 1449 1211 adque
1482 1154 1734 1194 continuam

117 1231 216 1258 esse
239 1216 506 1270 memoratis,
529 1216 582 1257 de
601 1222 748 1257 nostro
768 1215 1029 1269 cognomine
1047 1228 1207 1254 nomen
1227 1211 1446 1264 daremus,
1467 1210 1513 1250 in
1529 1224 1614 1265 qua
1628 1214 1736 1250 tem-

116 1272 238 1328 plum
267 1271 451 1313 Flaviae
485 1273 629 1328 gentis
662 1287 795 1328 opere
827 1270 1062 1326 magnifico
1095 1269 1299 1309 nimirum
1330 1281 1408 1323 pro
1450 1264 1736 1321 amplitudine

115 1328 457 1383 nuncupationis
481 1334 754 1382 exsurgeret,
776 1326 1025 1382 ibidemque
1047 1324 1113 1366 his
1137 1323 1359 1375 sacerdos,
1381 1337 1509 1378 quem
1533 1323 1735 1362 anniver-

116 1385 233 1426 saria
254 1384 351 1424 vice
369 1383 553 1425 Umbria
578 1382 784 1437 (ledisset,
808 1381 1108 1437 spectaculum
1128 1387 1218 1421 tam
1242 1380 1517 1421 scenicorum
1532 1374 1737 1418 ludorum

117 1455 248 1497 quam
271 1439 525 1495 gladiatorii
543 1441 734 1481 muneris
756 1439 996 1491 exhiberet,
1017 1442 1223 1478 manente
1240 1435 1540 1490 perTuscia⁵)
1564 1447 1616 1473 ea
1635 1447 1735 1473 con-

119 1497 371 1549 suetudine,
394 1502 439 1537 ut
462 1495 657 1537 indidem
680 1503 854 1537 creatus
874 1493 1082 1536 sacerdos
1113 1491 1230 1547 apud
1249 1490 1474 1531 Vulsinios
1497 1495 1543 1530 ut
1565 1486 1737 1530 solebat

116 1553 357 1594 editionum
380 1551 701 1593 antedictarum
724 1550 978 1607 spectacula
1000 1549 1322 1604 frequentaret:
1345 1545 1622 1601 praecationi
1652 1542 1736 1585 hac

117 1608 336 1650 desiderio
354 1614 503 1648 vestro
522 1606 664 1649 facilis
685 1607 871 1648 accessit
888 1612 1038 1646 noster
1061 1603 1291 1645 adsensus.
1321 1601 1435 1643 Nam
1458 1601 1626 1642 civitati
1636 1599 1737 1641 His-

115 1664 230 1720 pello
255 1672 483 1705 aeternum
505 1663 768 1704 vocabulum
787 1676 1034 1716 nomenque
1056 1658 1361 1701 venerandum
1385 1657 1438 1698 de
1461 1662 1613 1698 nostra
1629 1671 1738 1697 nun-

117 1722 350 1776 cupatione
375 1720 694 1760 concessimus:
719 1719 886 1760 scilicet
910 1724 953 1758 ut
975 1717 1018 1757 in
1036 1722 1261 1771 posterum
1277 1713 1504 1770 praedicta
1521 1711 1624 1754 urbs
1638 1711 1738 1752 Fla-

116 1777 189 1818 via
206 1776 426 1818 Constans
448 1782 644 1828 vocetur,
665 1776 708 1815 111
732 1775 854 1815 cuius
878 1773 1045 1828 gremio
1070 1771 1224 1812 aedem
1249 1785 1419 1826 quoque
1438 1768 1634 1820 Flaviae,
1655 1766 1738 1807 hoc

118 1839 196 1886 est,
218 1838 396 1873 nostrae
417 1832 574 1886 gentis,
596 1837 642 1872 ut
660 1829 935 1881 desideratis,
954 1827 1188 1882 magnifico
1207 1840 1339 1881 opere
1357 1824 1510 1880 perfici
1524 1822 1740 1874 volumus,

118 1904 171 1930 ea
189 1887 498 1929 observatione
516 1887 759 1942 perscripta
777 1895 791 1911 ¹*
804 1902 825 1937 1,
848 1900 901 1925 110
926 1883 1048 1924 aedis
1071 1889 1220 1922 nostro
1243 1881 1419 1922 nomine
1444 1878 1650 1920 dedicata
1668 1893 1738 1919 011-

115 1945 317 2001 iusquam
341 1944 626 1998 contagiosae
660 1940 983 1996 superstitionis
1016 1936 1246 1979 framfibus
1280 1935 1512 1992 polluatur.
1574 1933 1738 1976 Conse-

119 2007 302 2056 quenter
334 2001 466 2041 etiam
497 1998 735 2040 editionum
760 1998 802 2038 in
833 1994 1062 2052 praedicta
1085 1994 1262 2034 civitate
1286 1990 1632 2033 exhibendarum
1665 2005 1739 2031 vo-

116 2057 184 2099 bis
216 2057 440 2098 licentiam
474 2054 696 2096 dedimus:
731 2052 898 2094 scilicet
930 2057 996 2103 ut,
1030 2049 1157 2091 sicuti
1190 2048 1354 2089 dictum
1388 2054 1473 2098 est,
1507 2062 1586 2102 per
1616 2046 1739 2087 vices

116 2113 328 2169 temporis
346 2111 617 2153 sollemnitas
642 2110 880 2151 editionum
903 2106 1128 2147 Vulsinios
1152 2119 1324 2160 quoque
1344 2118 1430 2144 non
1454 2102 1643 2155 deserat,
1666 2100 1742 2142 ubi

119 2169 278 2210 creatis
307 2184 329 2209 e
349 2168 512 2209 Tuscia
542 2164 846 2208 ιςὲ100111111111115
867 2167 1109 2204 memorata
1133 2159 1365 2201 celebritas
1389 2157 1639 2212 exhibenda
1662 2162 1741 2199 est.

116 2226 186 2267 Ita
209 2225 368 2281 quippe
390 2239 470 2265 nec
490 2222 714 2265 veteribus
737 2221 946 2262 institutis
966 2219 1199 2272 ]11111·111111111
1222 2215 1443 2257 videbitur
1464 2214 1738 2270 derogatum,

120 2287 163 2322 et
183 2296 276 2332 vos,
300 2281 374 2339 qui
396 2279 450 2321 ob
468 2279 721 2335 praedictas
741 2292 897 2318 causas
916 2275 1043 2317 nobis
1062 2272 1282 2327 supplices
1308 2271 1526 2323 extitistis,
1550 2285 1603 2319 ea.
1625 2283 1737 2325 quae

119 2337 326 2393 inpendio
349 2336 595 2392 postulatis,
618 2335 855 2389 impetrata
881 2348 977 2373 esse
1001 2329 1267 2387 gaudebitis.

203 2420 256 2458 N.
290 2419 410 2458 1713.
434 2433 469 2457 a.
513 2419 728 2469 Rescripta.
749 2417 852 2468 Imp·
877 2415 1020 2454 Severi
1054 2421 1092 2451 et
1113 2412 1308 2451 Antonini
1329 2411 1462 2461 Augg.
1495 2409 1640 2461 quibus
1671 2409 1741 2446 im-

128 2478 302 2515 munitas
327 2475 527 2527 quaedam
550 2474 808 2526 Tyranorum
833 2472 1109 2514 confirmatur,
1132 2470 1174 2506 in
1194 2467 1331 2506 tabula
1349 2479 1497 2517 magna
1518 2477 1744 2503 marmorea

122 2545 251 2584 nuper
286 2532 432 2570 effossa
462 2543 587 2582 prope
621 2531 756 2567 vicum
777 2528 1003 2578 Korotcoje
1036 2527 1077 2564 in
1105 2526 1194 2576 ripa
1215 2524 1376 2562 sinistra
1404 2522 1577 2560 fluminis
1600 2521 1741 2571 Tyrae

127 2585 355 2640 (Dniester)
380 2600 401 2624 e
422 2588 588 2638 regione
613 2586 795 2624 coloniae
810 2584 996 2622 Milesiae
1012 2582 1282 2633 'syl-anorum.
1327 2579 1395 2616 Ex
1416 2578 1515 2616 actis
1536 2576 1742 2617 societatis

127 2643 607 2694 historico-antiquariae
642 2640 911 2680 Odessitanae
939 2639 1057 2677 Tom.
1087 2637 1141 2675 Π.
1171 2638 1194 2674 2
1228 2641 1270 2673 et
1289 2636 1325 2674 3.
1347 2648 1440 2686 pag.
1471 2634 1552 2671 416
1579 2632 1744 2684 repetiit

195 2800 229 2844 1)
256 2803 457 2842 Eaeempwm
477 2802 568 2833 sacri
582 2801 740 2839 rescripti
758 2796 915 2839 explicat
933 2790 1206 2834 Murator.—2)
1233 2791 1374 2824 Tabula
1390 2800 1606 2823 marmorea:
1631 2792 1745 2822 macci—

125 2859 214 2887 mus,
236 2847 360 2890 quales
379 2845 559 2888 lapicidae
574 2844 697 2886 lapsus
718 2844 864 2885 apertos
891 2842 932 2873 ut
956 2840 1067 2872 infra:
1093 2840 1341 2878 distinyaitwr;
1368 2837 1546 2877 diynztate,
1572 2837 1744 2869 sehenicos

129 2893 220 2925 alios
239 2892 376 2925 similes
394 2891 534 2934 aliquot
550 2891 587 2921 in
610 2892 712 2921 textu
729 2883 978 2926 correxi—3)
1003 2895 1066 2926 pro
1086 2895 1127 2917 ac
1148 2887 1189 2915 ut
1212 2893 1294 2914 mox
1311 2884 1364 2914 his
1381 2882 1535 2914 sacerdos
1558 2891 1622 2923 pro
1647 2880 1744 2913 is.—

128 2936 164 2979 4)
193 2938 282 2970 Tab.
306 2940 575 2978 p1·0bea¹ntu1·.——
589 2933 623 2975 5)
649 2934 861 2966 Mommsen.
881 2931 1053 2964 coniecit:
1083 2933 1240 2962 manente
1258 2938 1386 2968 semper
1408 2928 1550 2958 Tusciae
1569 2930 1745 2958 consueta-

129 2984 219 3015 disne.
265 2983 436 3016 Fortasse
460 2982 531 3025 leg.
558 2984 717 3014 manente
738 2989 799 3020 per
830 2979 991 3010 Tusciam
1014 2975 1320 3008 consuetudina—
1340 2970 1374 3013 6)
1407 2971 1621 3004 Mommsen.
1650 2969 1743 3003 coni.

126 3031 352 3069 praescripta.
