1877 3313
335 159 365 202 §.
392 160 424 196 6.
473 160 572 196 Tituli
595 160 767 196 honorarii
792 161 825 195 in
849 162 965 196 statuis
991 161 1131 208 aliisque
1156 163 1379 198 monumentis
1404 161 1601 198 honorariis.
1687 161 1765 206 181

320 268 442 308 1549.
499 268 729 309 Restitutori
771 268 940 309 omnium
981 281 1113 310 rerum
1145 274 1185 309 et
1215 271 1334 311 totius
1374 269 1568 311 felicitatis
1610 268 1768 311 domino

177 329 313 367 nostro
344 326 400 366 Fl.
432 325 579 367 Iuliano
611 327 678 368 Pio
709 327 829 367 Felici
869 332 1060 380 perpetuo
1104 340 1262 381 semper
1292 329 1397 383 Aug.
1432 329 1535 370 bono
1575 329 1634 369 rei
1663 329 1771 382 pub-

177 384 275 425 licae
306 390 410 425 nato.
443 409 498 414 ——-
529 388 568 424 In
599 389 746 424 castello
778 388 1025 436 Camponisco.
1057 389 1142 425 Mur.
1174 389 1268 426 263.
1302 390 1396 426 Orel.
1434 389 1554 427 1110.

321 463 441 500 1550.
501 461 588 502 Div.
628 461 682 501 Fi.
724 460 882 502 Ioviano
926 461 1177 503 Triumfatori
1208 475 1366 515 semper
1407 461 1510 518 Aug.
1546 486 1596 492 —-
1628 465 1773 503 Asulae.

177 521 275 560 Grut.
305 534 339 570 p.
372 522 467 559 285.

319 596 438 634 1551.
498 595 654 649 Legum
687 595 842 637 domino
874 608 1136 646 romanarum,
1168 597 1331 637 iustitiae
1363 597 1647 650 aequitatisque
1678 609 1773 638 rec-

175 653 275 703 tori,
318 652 499 694 domitori
541 655 714 707 gentium
748 654 1027 705 barbararum,
1070 656 1341 696 conservatori
1384 656 1572 697 libertatis
1615 656 1685 696 Dn.
1718 657 1772 697 Fl.

101 735 104 738 ·
175 710 447 752 Valentiniano
479 711 692 752 fortissimo
736 713 1076 765 invictissimoque
1108 714 1273 766 Principi
1316 727 1474 767 semper
1504 713 1683 768 Augusto
1717 714 1772 755 Fl.

174 768 368 810 Maximus
401 770 444 811 V.
477 770 517 810 P.
550 770 678 810 Praef.
722 772 800 825 vig.
833 771 878 811 D.
910 772 954 812 N.
987 772 1037 812 M.
1071 771 1115 819 Q.
1138 770 1172 826 ¹)
1208 773 1302 813 eius.
1337 796 1392 802 --
1424 776 1567 813 Romae.
1609 775 1705 813 Grut.
1738 787 1771 824 p.

180 829 300 867 1086.
334 830 585 868 Oret-1114.

318 906 439 944 1552.
499 905 680 947 Victoriis
712 906 967 959 triumfisque.
1011 906 1219 960 Magnifico
1260 907 1306 947 D.
1348 907 1393 947 N.
1433 907 1584 948 Valenti
1626 907 1772 961 inclyto

174 962 340 1017 Principi
372 976 531 1016 semper
562 964 664 1017 Aug.
696 964 832 1005 Rufius
865 966 1100 1006 Volusianus
1132 965 1361 1006 Praefectus
1394 966 1504 1017 urbi,
1536 967 1674 1007 iterum
1707 968 1772 1006 in·-

117 1031 120 1033 ’
175 1021 254 1062 dex
284 1035 484 1063 sacrarum
516 1024 810 1077 cognitionum,
841 1024 1072 1064 clementiae
1104 1025 1186 1065 eius
1219 1023 1381 1065 dicatus.
1415 1047 1470 1053 ——
1500 1028 1643 1065 Romae.
1676 1028 1773 1065 Grut.

173 1096 207 1132 p.
241 1083 334 1120 286.

317 1158 436 1197 1553.
496 1157 597 1199 Divo
630 1157 813 1198 Gratiano
852 1158 1060 1212 tyrannide
1092 1158 1285 1199 vindicata
1328 1158 1574 1201 Theodosius
1617 1164 1656 1201 et
1687 1160 1770 1200 Va-

173 1216 407 1256 lentinianus
431 1216 559 1270 Augg.
594 1230 645 1256 ex
676 1222 769 1257 voto
801 1217 840 1257 P.
856 1214 898 1270 2)
935 1240 985 1246 -
1018 1219 1171 1256 Moirans
1203 1231 1318 1268 prope
1350 1221 1626 1269 Gratianopotin.
1660 1222 1770 1270 Spon.

173 1277 268 1314 misc.
300 1290 333 1326 p.
366 1277 460 1314 276.
493 1277 588 1314 Orel.
626 1277 745 1314 1125.

318 1353 438 1390 1554.
498 1351 655 1392 Inclitae
688 1350 1020 1403 venerandaeque
1053 1351 1283 1391 memoriae
1306 1352 1390 1393 viro
1422 1352 1552 1393 Flavio
1585 1352 1776 1394 Theodo-

174 1410 257 1459 sio,
288 1410 460 1464 genitori
493 1410 636 1449 domini
668 1411 792 1449 nostri
825 1410 1062 1450 invictissimi
1096 1412 1362 1463 perennisque
1404 1412 1590 1464 principis
1637 1411 1775 1452 Theo-

175 1467 271 1508 dosii
303 1469 485 1521 perpetui
517 1468 619 1521 Aug.
655 1470 766 1508 cuius
800 1469 966 1516 virtute,
1000 1468 1204 1519 felicitate,
1238 1470 1385 1509 iusticia
1419 1475 1658 1523 propagatus
1692 1475 1778 1510 ter-

173 1539 302 1567 rarum
336 1527 443 1580 orbis
476 1531 537 1566 est
568 1532 607 1567 et
631 1531 821 1577 retentus,
857 1531 1021 1567 statuam
1055 1532 1281 1580 equestrem
1316 1529 1563 1568 subauratani
1600 1529 1712 1581 Apuli
1737 1533 1776 1569 et

177 1585 327 1626 Calabri
362 1597 432 1638 pro
466 1590 559 1625 voto
593 1590 629 1624 et
662 1584 874 1626 devotione
907 1591 1138 1639 posuerunt,
1172 1591 1331 1626 curante
1356 1599 1400 1626 ac
1424 1586 1654 1640 perficiente
1687 1587 1778 1627 Fla-

176 1644 240 1684 vio
273 1644 459 1685 Sextione
475 1640 514 1698 3)
549 1645 633 1684 viro
665 1644 951 1694 perfectissimo
985 1643 1221 1685 Correctore
1245 1644 1411 1697 Apuliae
1433 1651 1470 1685 et
1490 1645 1778 1686 Calabriae—-

176 1705 326 1741 Canusii.
367 1705 505 1742 Reines.
546 1717 578 1753 p.
611 1704 704 1741 326.
738 1705 834 1742 Orel.
871 1705 992 1743 1126.

319 1781 439 1818 1555.
500 1779 545 1819 D.
578 1779 624 1820 N.
658 1779 905 1820 Theodosius
949 1784 1099 1832 perpet.
1142 1778 1244 1832 Aug.
1277 1780 1327 1820 ob
1360 1779 1460 1820 diem
1503 1779 1775 1822 foelicisimum

176 1837 223 1878 X.
239 1835 280 1892 ⁴¹)
312 1862 367 1867 —-
400 1841 436 1877 ln
471 1841 601 1888 clypeo
643 1846 817 1888 argenteo
863 1853 940 1877 cum
983 1841 1103 1887 effigie
1145 1841 1347 1878 Theodosii.
1389 1841 1550 1880 Bulletin.
1583 1841 1665 1879 deu'
1697 1844 1776 1880 inst.

177 1900 272 1937 arch.
308 1898 428 1936 1848.
462 1912 496 1947 p.
532 1900 596 1935 55.

319 1975 439 2012 1556.
500 1972 546 2013 D.
588 1972 633 2012 N.
668 1972 721 2012 Fl.
764 1970 932 2013 Arcadio
965 1972 1030 2012 Pio
1063 1972 1180 2012 Felici
1221 1972 1366 2013 Victori
1399 1986 1444 2013 ac
1485 1973 1776 2026 Triumpbatori

176 2043 335 2084 semper
367 2031 546 2084 Augusto
581 2030 745 2071 Caecina
778 2031 923 2071 Decius
957 2030 1119 2071 Albinus
1153 2032 1195 2071 V.
1229 2030 1269 2071 C.
1303 2031 1529 2072 Praefectus
1556 2033 1660 2072 urbis
1690 2033 1775 2074 vice

177 2102 291 2130 sacra
332 2089 508 2130 iudicans
552 2088 720 2130 devotus
764 2090 910 2130 numini
951 2090 1223 2141 maiestatique
1268 2090 1364 2130 eius.
1399 2114 1452 2118 —
1486 2094 1627 2130 Romae.
1677 2094 1772 2130 Grut.

177 2162 210 2199 p.
242 2150 336 2187 287.
379 2150 472 2187 Oret.
508 2150 631 2187 1129.

321 2226 442 2263 1557.
502 2223 626 2264 Salvis
670 2224 750 2265 DD.
794 2221 930 2279 NN.⁵)
975 2225 1148 2266 Honorio
1190 2228 1227 2263 et
1270 2223 1492 2265 Theodosio
1534 2225 1602 2266 ΡΡ.
1648 2225 1717 2266 FF.
1734 2223 1773 2281 ὃ)

178 2295 274 2324 sem.
307 2282 438 2337 Augg.
471 2281 637 2323 Caecina
669 2283 814 2323 Decius
848 2283 1047 2324 Acinatius
1081 2283 1240 2322 Albinus
1275 2284 1316 2323 V.
1342 2282 1380 2323 C.
1406 2284 1529 2324 Praef.
1564 2284 1648 2324 urbi
1671 2284 1774 2327 facto

179 2354 200 2382 a
231 2354 274 2382 se
307 2341 444 2381 adiecit
478 2342 643 2381 ornatui.
677 2364 733 2370 —-
766 2340 828 2396 (ln
851 2345 961 2380 tatere
990 2345 1117 2380 dextro
1151 2338 1291 2395 cippi:)
1325 2342 1508 2382 Dedicata
1533 2342 1656 2395 pridie
1689 2342 1774 2383 No-

178 2412 248 2440 nas
281 2399 528 2440 Novembres
560 2400 731 2440 Rust...
764 2400 794 2440 ll
939 2401 1030 2441 linio
1046 2397 1083 2453 ⁷)
1117 2399 1205 2440 Cos.
1242 2423 1292 2427 —-
1326 2404 1466 2440 Romae.
1500 2404 1594 2440 Grut.
1626 2415 1660 2452 p.
1678 2403 1772 2442 286.

179 2461 298 2497 Marini
329 2461 413 2498 Iscr.
447 2461 524 2497 Alb.
557 2473 590 2509 p.
622 2461 690 2499 43.

322 2535 443 2573 1558.
503 2534 606 2574 Nutu
640 2534 676 2574 di
710 2547 768 2575 ur.
802 2534 961 2575 feliciss.
994 2534 1198 2588 temporib.
1229 2534 1434 2587 piissimor.
1468 2534 1568 2576 dom.
1601 2540 1772 2578 nostror.

177 2592 375 2633 Iustiniani
406 2597 443 2633 et
475 2593 709 2635 Theodorae
731 2593 859 2648 Augg.
892 2598 981 2647 post
1013 2593 1188 2633 abscisos
1221 2606 1272 2634 ex
1302 2594 1433 2635 Africa
1469 2593 1661 2636 Vandalos
1693 2609 1771 2637 ex-

318 2720 355 2763 1]
382 2724 434 2755 vir
458 2723 719 2767 perfectissimus
745 2723 936 2766 praefectus
971 2722 1111 2763 vigilum
1139 2721 1282 2755 devotus
1308 2724 1431 2756 numini
1458 2724 1700 2770 maiestatique.
1729 2743 1771 2749 —-

180 2766 217 2811 2)
243 2775 437 2812 posuerunt.
477 2788 516 2793 —-
550 2771 588 2808 3)
614 2771 663 2803 Ex
689 2771 924 2803 emendatione
951 2769 1110 2808 nemesin
1144 2769 1227 2812 lapis
1255 2770 1372 2803 habet:
1400 2770 1532 2804 Sexine.
1569 2789 1607 2795 —
1644 2773 1681 2810 49
1707 2772 1771 2805 de—

181 2815 377 2848 cenantium.
403 2833 446 2838 -
472 2815 510 2858 5)
537 2816 675 2850 dominis
701 2819 832 2850 nostris.
859 2832 868 2837 ·
926 2815 963 2858 6)
991 2817 1053 2859 piis
1080 2815 1239 2849 feticibus.
1266 2833 1309 2838 —-
1335 2816 1372 2858 7)
1400 2817 1531 2849 Rustico
1550 2823 1582 2851 et
1602 2819 1770 2862 Aquilinio

182 2862 382 2895 consulibus.
420 2863 578 2897 Marinius
605 2864 667 2896 hoc
694 2864 913 2897 dedicationis
940 2864 1198 2895 additamentum
1225 2864 1256 2895 in
1283 2863 1394 2907 lapide
1420 2874 1484 2896 non
1512 2865 1652 2909 amplius
1677 2865 1769 2900 vidit.

182 2907 262 2941 Cum
282 2909 313 2941 hi
339 2910 493 2942 consules
512 2911 683 2943 ann0162
709 2922 740 2954 p.
767 2910 842 2944 Chr.
870 2910 1061 2953 assignandi
1087 2910 1160 2949 sint.
1187 2909 1450 2954 indesequitur,
1477 2909 1655 2946 Caecinam
1682 2914 1770 2946 anti-

183 2955 332 2999 quiorem
358 2961 500 2990 statuam
526 2962 559 2991 et
583 2956 715 2991 titulum
741 2958 773 2990 in
798 2968 894 2990 usum
919 2967 1013 2990 suuni
1038 2956 1256 2990 convertisse.
1282 2957 1319 2990 V.
1345 2956 1458 2990 marin.
