1877 3313
463 162 494 204 §.
520 161 552 197 2.
600 161 814 197 Feminarum
839 163 1060 207 ingenuarum
1085 166 1120 195 et
1143 160 1347 196 libertatum.
1644 158 1699 200 75

243 271 337 307 564.
398 268 444 308 D.
476 267 526 309 M.
558 268 703 310 Labiae
734 266 1022 323 Aphrodisiae,
1054 267 1210 321 coniugi
1241 265 1545 320 simplicissimae
1575 264 1617 306 B.
1648 265 1701 307 M.

101 326 212 367 Felix
241 327 305 367 lib.
338 328 514 368 maritus.
548 351 603 358 -
635 331 662 366 E
695 330 835 366 schedis
868 329 1047 365 ssarberin.
1079 329 1218 365 Fabret.
1251 329 1344 374 289,
1376 327 1472 364 221.

243 405 337 442 565.
397 403 612 444 Memoriae
644 403 836 444 Fabianae
868 403 1024 455 coniug.
1049 400 1207 442 dulciss.
1232 407 1270 443 et
1288 401 1485 442 amantiss.
1510 412 1596 440 cum
1625 411 1701 451 qua

101 461 199 502 vixit
229 474 317 502 ann.
351 461 453 502 XXI.
486 461 537 501 M.
572 462 665 502 Vlll.
697 462 783 502 sine
815 461 892 502 ulla
924 461 1025 513 turpi
1057 460 1155 501 fama
1189 466 1228 501 et
1259 460 1485 500 Vitellianae
1517 458 1567 498 fil.
1601 459 1702 511 piis-

101 521 221 561 simae
255 526 293 560 et
326 519 483 561 dulciss.
518 533 618 573 quae
653 521 745 560 vixit
778 533 865 560 ann.
897 519 980 560 XV.
1010 531 1122 559 mens
1145 519 1193 559 X.
1217 519 1262 558 D.
1284 519 1380 559 XVI.
1412 516 1701 566 Providentius,

100 579 222 633 intimi
253 578 402 619 doloris
435 584 474 619 et
506 578 739 619 adfectionis
773 578 877 631 quod
909 579 1073 618 absente
1105 591 1149 618 se
1180 578 1314 618 ambae
1342 576 1479 617 eadem
1507 576 1604 616 hora
1626 575 1703 616 sint

101 637 208 677 horis
250 642 458 690 exemptae
501 642 539 676 et
580 637 829 677 Innocentius
869 639 981 676 matri
1024 637 1248 676 carissimae
1281 642 1316 675 et
1349 635 1611 675 dulcissimae.
1643 656 1700 662 ——

70 698 308 748 ,NovocomL
341 699 425 735 Mur.
463 697 586 742 1341,
621 698 655 734 6.
702 698 845 734 Bianclii
878 699 995 734 Mai-m.
1030 698 1145 734 Crem.
1176 710 1209 746 p.
1244 697 1334 734 287.
1384 696 1480 734 Orel.
1511 695 1635 732 4624.

242 774 335 810 566.
399 771 513 819 Quod
555 770 701 812 feceris
745 776 783 811 et
824 771 892 811 tibi
922 772 1018 812 alius
1050 770 1179 811 faciet.
1213 771 1353 811 Verina
1386 769 1564 811 dominae
1594 769 1703 810 Fau-

100 829 236 886 stinae.
270 854 326 859 —-
358 833 490 869 Romae
523 833 618 869 Grut.
653 834 749 878 957,
783 833 818 869 4.

241 909 334 945 567.
395 907 552 947 Flaviae
576 906 815 959 Capitolinae
848 906 911 947 cui
943 911 981 947 et
1013 904 1226 960 Pacciae¹]
1259 904 1485 947 Macedonis
1506 907 1611 958 Aug.
1634 903 1702 944 lib.

100 965 261 1019 coniugi
292 965 448 1006 Zoticus
480 965 586 1019 Aug.
630 966 693 1005 lib.
737 968 870 1023 sorori
911 966 1012 1006 bene
1053 966 1232 1006 merenti.
1275 987 1326 994 —-—
1368 967 1507 1004 Fabret.
1540 979 1573 1014 p.
1609 964 1703 1002 146.

84 1026 243 1064 Morcel.
276 1027 408 1063 CLXV.

242 1103 336 1139 568.
399 1100 442 1140 D.
485 1100 537 1140 M.
578 1100 732 1140 Flaviae
775 1099 987 1140 Felicitatis
1029 1100 1073 1148 Q.
1108 1097 1208 1142 VJ]
1252 1112 1336 1140 ann.
1374 1098 1460 1139 XX.
1493 1098 1539 1138 D.
1576 1097 1701 1138 XXX.

98 1159 141 1199 L.
175 1159 220 1199 D.
238 1156 278 1213 3)
311 1158 440 1198 Calvia
472 1159 661 1199 Romana.
696 1182 750 1187 —
782 1162 925 1198 Romae.
958 1162 1098 1198 Fabret.
1131 1174 1163 1209 p.
1201 1160 1291 1197 157.

241 1237 335 1273 569,
396 1235 441 1274 D.
475 1235 525 1275 M.
558 1234 745 1275 Aurelius
789 1235 927 1274 Festus
966 1235 1131 1274 Furciae
1163 1235 1315 1274 Flaviae
1356 1233 1560 1274 Filiastrae
1600 1232 1703 1272 bene

99 1294 266 1333 merenti
298 1297 337 1332 et
368 1292 524 1333 domine
557 1298 597 1333 et
628 1294 832 1333 Patronae.
881 1292 1098 1340 Quamdius
1130 1293 1220 1333 vivo
1252 1292 1338 1332 colo
1371 1297 1423 1343 te,
1455 1296 1545 1344 post
1577 1296 1703 1331 morte

98 1352 248 1400 nescio.
310 1352 432 1392 Parce
474 1356 636 1391 matrem
682 1356 786 1391 tuam
821 1356 859 1390 et
890 1355 1040 1403 patrem
1074 1356 1112 1390 et
1144 1363 1324 1391 sororem
1365 1355 1469 1390 tuam
1501 1349 1705 1400 Marinam,

98 1415 141 1450 ut
172 1411 325 1463 possint
357 1410 423 1450 tibi
455 1409 587 1449 facere
619 1415 707 1462 post
741 1423 802 1449 mc
836 1410 1051 1450 sollemnia.
1086 1431 1140 1439 -
1172 1412 1314 1448 Romae.
1348 1411 1473 1448 Annali
1507 1410 1591 1447 dell'
1623 1411 1704 1448 inst.

100 1473 194 1508 arch.
229 1472 307 1508 Vol.
339 1471 398 1507 111.
431 1482 538 1507 nuov.
569 1482 638 1507 ser.
672 1483 704 1519 p.
738 1471 834 1506 209.

241 1548 335 1584 570.
398 1544 602 1585 Cineribus
635 1544 835 1585 Gemellae
858 1545 1084 1596 Torquatae
1107 1544 1313 1584 ornatricis
1337 1543 1441 1598 Aug.
1475 1543 1568 1586 Sex.
1603 1542 1705 1585 Ser-

99 1603 213 1644 vilius
255 1604 479 1656 Torquatus
523 1603 772 1655 dispensator
813 1604 857 1644 H.
889 1604 939 1644 M.
973 1603 1013 1643 F.
1030 1600 1070 1657 4)
1112 1608 1150 1643 et
1189 1604 1275 1643 sibi.
1317 1602 1455 1644 Dedic.
1498 1602 1542 1642 K.
1576 1602 1705 1642 Iuniis.

99 1662 193 1704 Sex.
237 1662 449 1703 Glabrione
492 1667 530 1701 et
562 1662 600 1702 C.
636 1661 788 1703 Omollo
831 1663 1002 1703 Veriano
1045 1661 1134 1702 Cos.
1151 1658 1188 1716 ⁵)
1232 1685 1286 1691 ——
1327 1665 1418 1701 Don.
1460 1664 1510 1701 Cl.
1550 1663 1628 1700 VII.
1672 1663 1707 1699 6.

98 1723 206 1760 More.
239 1724 304 1772 Op.
337 1736 392 1772 ep.
424 1724 466 1760 Π.
501 1724 567 1760 97.

240 1800 333 1837 571.
394 1797 434 1838 ln
467 1798 542 1837 hoc
574 1797 849 1850 cepotaphiolo
882 1810 970 1838 cum
1004 1796 1228 1850 Superficio
1261 1796 1472 1838 Gerulonia
1503 1796 1626 1837 Maria
1666 1800 1707 1836 et

97 1855 194 1896 Aur.
238 1857 368 1898 Sentia
412 1861 451 1896 et
492 1855 660 1896 filiorum
702 1856 766 1896 lit).
809 1856 942 1909 libque
983 1857 1233 1910 posterisque
1275 1868 1424 1896 eorum.
1466 1879 1522 1884 -——
1562 1858 1705 1894 Romae.

97 1918 235 1954 Fabret.
272 1917 465 1964 1157294.

238 1993 334 2030 572.
395 1990 565 2031 Graxiae
597 1990 862 2031 Alexandriae
895 1991 1059 2044 insignis
1088 1990 1257 2044 exempli
1280 2003 1326 2030 ac
1345 1989 1572 2044 pudicitiae,
1604 2002 1706 2042 quae

97 2049 212 2089 etiam
245 2049 347 2090 filios
370 2061 466 2090 suos
498 2050 668 2102 propriis
701 2050 892 2090 uberibus
926 2049 1106 2090 educavit
1136 2050 1294 2090 Pudens
1316 2049 1415 2103 Aug.
1449 2049 1511 2089 lib.
1545 2049 1705 2089 maritus

100 2108 280 2148 merenti.
324 2108 410 2148 Vix.
453 2121 540 2149 ann.
581 2107 717 2148 XXIV.
751 2108 802 2149 M,
834 2107 892 2148 Ill.
926 2109 970 2149 D.
1002 2107 1101 2148 XVI.
1145 2132 1199 2136 —
1243 2111 1380 2148 Fabret.
1412 2122 1445 2159 p.
1483 2110 1574 2147 188.
1607 2109 1703 2146 428.

96 2169 205 2206 Morc.
239 2170 290 2206 St.
324 2169 454 2206 CLXX.

237 2245 330 2282 573.
391 2243 513 2294 Have,
545 2243 645 2284 have
678 2243 870 2284 Herotion
905 2249 944 2284 et
977 2244 1063 2285 vale
1096 2248 1313 2284 aeternum.
1348 2243 1386 2284 C.
1410 2243 1565 2285 Cestius
1597 2242 1701 2284 filiae

94 2300 136 2341 F.
170 2298 267 2356 (3.6)
302 2324 357 2330 ——
391 2306 529 2341 Gruter.
563 2317 596 2352 p.
635 2304 756 2341 1123.
789 2306 899 2342 More.
931 2306 996 2354 Op.
1029 2318 1083 2353 ep.
1116 2305 1157 2341 11.
1194 2304 1286 2341 105.

239 2381 332 2416 574.
393 2378 537 2418 Heriae
570 2378 714 2419 Thisbe
747 2378 1014 2420 monodiariae
1048 2379 1091 2419 T.
1125 2377 1260 2418 Claudi
1282 2378 1463 2432 Glapliyri
1486 2377 1703 2419 choraulae

94 2435 326 2477 Actionicae
358 2442 397 2477 et
431 2436 726 2478 Sebastionicae
766 2443 968 2478 terrenum
1002 2450 1177 2489 sacrum,
1219 2438 1378 2492 longum
1410 2438 1447 2477 P.
1481 2437 1528 2478 Χ.
1562 2437 1624 2477 lat.
1656 2437 1700 2477 P.

93 2495 142 2536 X.
175 2496 211 2535 in
246 2508 324 2548 quo
357 2494 514 2536 condita
546 2501 617 2535 est.
666 2496 822 2536 Fodere
854 2497 958 2545 noli,
1002 2508 1051 2535 ne
1090 2495 1342 2551 sacrilegium
1383 2496 1611 2537 committas.
1645 2517 1700 2524 —-

97 2556 317 2593 Gutherletli.
351 2556 384 2592 in
417 2557 538 2593 Polen.
570 2558 650 2593 Ant.
682 2558 718 2593 T.
752 2558 810 2593 IV.
844 2571 877 2605 p.
911 2557 1004 2593 350.
1052 2557 1161 2593 More.
1194 2558 1244 2593 St.
1277 2557 1420 2594 CLXIX.

236 2633 330 2668 575.
395 2629 509 2670 Ossa.
552 2629 727 2670 Iconium
768 2630 810 2671 L.
828 2628 868 2685 ⁷]
912 2630 1082 2683 psaltria.
1125 2651 1180 2658 —-
1225 2634 1367 2670 Romae.
1399 2635 1504 2670 Mure.
1539 2646 1571 2682 p.
1604 2634 1699 2672 957.

236 2708 330 2744 576.
390 2704 482 2745 Iulia
525 2705 704 2759 Alpinula
738 2706 797 2746 hic
839 2707 975 2756 iaceo,
1017 2705 1184 2747 infelicis
1227 2708 1346 2760 patris
1390 2706 1525 2747 infelix
1565 2709 1700 2761 proles

94 2763 203 2805 Deae
233 2763 366 2804 Avent
410 2764 561 2804 sacerd.
595 2765 775 2805 Exorare
806 2766 926 2818 patris
960 2777 1096 2805 necem
1128 2777 1206 2806 non
1240 2766 1370 2819 potui3
1402 2766 1502 2806 male
1535 2768 1634 2809 mori
1657 2768 1697 2808 in

237 2903 272 2948 1)
298 2906 367 2939 scil.
393 2917 515 2939 nomen
542 2906 613 2939 fuit.
644 2925 681 2930 --
711 2905 752 2948 2)
780 2907 986 2953 quaevixit.
1015 2924 1056 2929 —
1081 2907 1119 2950 3)
1146 2908 1240 2942 locus
1267 2908 1374 2941 datus.
1404 2926 1442 2930 —
1470 2906 1508 2952 4)
1526 2909 1599 2944 Hoc
1617 2920 1694 2944 mo-

95 2957 289 2986 numentum
316 2953 403 2986 fecit.
431 2972 471 2976 —
501 2954 538 2995 5)
565 2954 632 2986 905
658 2953 695 2987 U.
722 2953 757 2987 C.
785 2972 825 2976 —-
853 2953 890 2994 6)
918 2953 989 2986 fieri
1014 2956 1154 2989 curavit.
1183 2974 1222 2977 —
1250 2953 1288 2996 7)
1314 2954 1444 2989 liberta.
