1877 3313
543 137 574 180 ς.
600 137 632 172 4,
683 136 927 183 Imperatorum
953 137 1073 173 Edicta
1097 143 1132 173 et
1156 139 1342 187 Rescripta.
1665 143 1748 186 331

272 244 300 286 1.
332 244 467 299 Siquis
497 250 642 287 temere
682 245 740 286 ad
779 247 1056 287 accusandum
1090 249 1312 289 accesserit
1330 246 1364 303 ¹)
1394 249 1531 303 facias
1559 254 1604 292 ut
1642 253 1753 293 omni

133 302 252 346 modo
283 303 428 345 iudicio
469 305 700 358 repellatur.
762 306 910 346 Verum
942 306 1168 358 quicunque
1216 308 1501 351 intentionibus
1535 311 1620 352 suis
1651 323 1753 364 pro-

133 364 317 405 bationes
358 364 512 404 addere
549 365 703 416 possit,
744 364 886 405 habeat
927 364 1096 406 adeundi
1129 365 1268 407 iudicis
1310 368 1471 409 liberam
1511 374 1750 422 potestatem

133 435 182 464 ac
213 421 433 464 manifestis
463 424 614 464 indiciis
646 423 922 476 comprobata,
954 437 1058 477 quccc
1083 425 1246 465 intentet
1270 425 1374 478 edat,
1406 432 1448 469 ut
1468 440 1542 481 pro
1565 428 1753 479 qualitate

134 482 328 523 sactorum
343 478 384 536 2)
419 487 693 535 competenter
735 484 773 523 in
805 496 897 524 eum
939 484 1005 534 qui
1037 485 1244 525 convictus
1286 484 1404 526 fucrit
1445 487 1754 529 cozinzadverta-

134 546 201 582 tur
215 538 269 596 3).
311 540 464 588 Quodsi
487 542 646 581 minime
668 543 841 594 potuerit
863 555 908 582 ea
932 554 1035 593 (niae
1058 543 1309 584 intentaverit
1331 547 1609 599 comprobare,
1644 548 1752 588 scire

134 600 255 641 debet
284 612 330 640 se
361 600 531 652 capitale·
560 601 778 642 sententiae
809 601 1112 654 subiugandum.
1170 603 1274 644 Sane
1306 601 1480 659 siquis4)
1513 604 1631 646 alicui
1661 619 1752 647 ma-

132 659 288 701 iestatis
322 659 473 699 crimen
506 659 742 712 intenderit,
784 673 874 699 cum
905 660 1025 701 lenius
1064 660 1171 701 modi
1203 662 1384 703 obiectus
1417 664 1576 704 minime
1608 675 1753 716 quem-

103 721 106 724 ’
134 730 249 770 quam
279 718 488 772 privilegio
521 717 722 771 dignitatis
756 719 921 760 alicuius
953 733 974 759 a
1007 721 1196 761 strictiori
1227 722 1490 774 inquisitione
1521 727 1681 765 tueatur
1697 721 1753 778 ⁵),

132 778 232 820 sciat
261 789 308 817 se
339 788 496 828 quoque
529 779 733 818 tormentis
765 791 858 819 esse
889 779 1163 830 subdendum,
1202 780 1235 820 si
1268 781 1352 821 aliis
1393 781 1610 823 manifestis
1642 782 1754 823 iudi-

134 836 207 878 ciis
237 835 385 876 delatis
415 836 524 877 velut
556 838 800 890 argumentis
840 839 1134 879 accusationem
1165 851 1276 879 suam
1319 852 1396 881 non
1430 842 1604 894 potuerit
1635 854 1753 882 com-

132 895 330 950 probare,
361 908 450 936 cum
487 896 522 936 in
558 908 607 936 eo
640 897 705 947 qui
737 896 856 937 liuius
889 909 976 937 esse
1008 898 1237 939 temeritatis
1270 898 1615 952 deprehendatur,
1656 899 1753 942 illud

136 966 294 1007 quoque
326 955 531 995 tormentis
565 956 652 995 erui
686 961 892 1009 oporteat,
934 956 1049 997 cuius
1092 957 1262 997 consilio
1304 958 1436 1009 adque
1477 959 1666 1001 instinctu
1703 959 1753 1001 ad

108 1013 424 1055 'accusationem
456 1015 678 1055 accessisse
711 1015 905 1067 videatur,
938 1020 979 1056 ut
1002 1017 1049 1056 al)
1073 1017 1254 1057 omnibus
1288 1019 1380 1058 tanti
1414 1019 1616 1059 commissi
1648 1031 1752 1061 con-

132 1073 225 1115 sciis
258 1072 427 1114 vindicta
460 1074 586 1126 possit
618 1075 827 1126 reportari.

274 1149 318 1190 ll.
362 1150 656 1190 Familiaribus
687 1155 816 1191 autem
852 1152 956 1202 quod
990 1152 1159 1193 adcundi
1191 1164 1350 1205 quoquc
1382 1153 1521 1195 iudicis
1556 1159 1632 1196 tam
1664 1161 1751 1197 sta-

132 1209 224 1250 tutis
256 1214 461 1263 parentum
495 1215 749 1264 nostrorum,
771 1222 884 1261 quam
908 1212 1121 1263 prioribus
1144 1214 1294 1253 nostris
1315 1214 1586 1255 sanctionibus
1618 1215 1751 1256 inter-

134 1267 244 1309 clusa
276 1269 325 1308 sit
357 1267 545 1319 facultas,
579 1270 761 1309 ‹nimibus
793 1271 995 1323 cognitum
1029 1276 1112 1320 cst;
1156 1283 1243 1311 cum
1277 1272 1470 1314 eiusmodi
1502 1272 1754 1315 delatoribus

135 1326 332 1367 audientia
366 1340 444 1367 non
478 1327 619 1367 debeat
654 1328 916 1369 commodari:
960 1329 1277 1380 quandoquidem
1320 1343 1392 1371 005
1426 1343 1497 1384 pro
1530 1335 1624 1373 tanti
1656 1345 1752 1374 sce-

140 1386 236 1427 leris
268 1385 430 1427 andacia
461 1387 682 1427 sententiae
712 1388 923 1428 conveniat
954 1388 1169 1441 subiugari.

279 1462 340 1503 lll.
382 1463 430 1503 Ιιι
461 1464 593 1504 servis
625 1477 783 1517 quoque
814 1462 955 1519 sircss)
990 1465 1139 1507 libertis
1182 1466 1247 1517 qui
1289 1465 1471 1508 dominos
1513 1467 1577 1509 vel
1608 1473 1751 1522 patro-

133 1534 208 1563 nos
241 1534 433 1563 accusare
466 1528 531 1563 aut
563 1522 723 1563 deferre
756 1529 969 1577 temptant,
1012 1525 1097 1566 eius
1136 1525 1247 1566 moda·
1280 1526 1474 1566 iudicium
1508 1526 1615 1568 iuxta
1646 1529 1753 1569 anti-

137 1581 202 1632 qui
235 1592 394 1633 quoque
427 1582 521 1622 iuris
554 1587 742 1623 statutum
778 1583 1072 1624 observandum
1106 1597 1199 1625 csse
1230 1586 1482 1638 censuimus,
1525 1592 1569 1628 ut
1599 1587 1754 1629 scilicet

126 1640 336 1694 professio
368 1645 445 1681 tam
477 1642 624 1682 atrocis
657 1641 847 1682 audaciae
878 1644 1006 1683 statim
1051 1644 1088 1684 iu
1120 1643 1280 1685 admissi
1312 1645 1436 1698 ipsius
1478 1645 1648 1688 exordio
1679 1660 1753 1701 per

131 1700 366 1740 sententiam
406 1700 545 1741 iudicis
585 1702 879 1753 comprimatur
919 1715 966 1742 ac
1006 1701 1203 1757 denegata
1235 1703 1433 1745 audientia
1465 1705 1641 1758 patibulo
1673 1706 1752 1747 ad-

70 1756 74 1759 ’
131 1758 254 1810 fixus,
295 1759 360 1810 qui
393 1759 441 1799 ad
473 1759 666 1800 eiusmodi
700 1759 1020 1813 desperationem
1049 1764 1304 1814 pervenerit,
1346 1763 1570 1817 exemplum
1603 1766 1751 1808 ceteris

131 1823 322 1871 praestet,
354 1819 492 1870 nequis
524 1819 561 1859 in
594 1823 798 1872 posterum
832 1819 1047 1875 audaciai)
1081 1822 1195 1862 simili
1226 1823 1382 1863 existat.

273 1893 337 1935 llll
340 1926 445 1935 .....
458 1900 502 1935 ut
517 1895 690 1946 undique
707 1908 869 1937 versum
886 1898 1086 1938 securitati
1106 1899 1374 1940 innocentium
1402 1900 1647 1953 consulatur,
1664 1901 1753 1955 pla-

134 1957 199 1994 cet
229 1954 348 1994 etiam
381 1953 559 1995 famosos
592 1955 749 1995 libellos
779 1968 858 1995 non
893 1955 1053 1996 admitti.
1106 1957 1215 2005 Quos
1247 1959 1334 1999 sine
1367 1959 1526 1999 nomine
1558 1962 1750 2014 proposi-

132 2017 196 2054 tos
227 2013 331 2064 siqui
372 2013 591 2065 invenerit,
633 2015 761 2054 statim
803 2013 1080 2070 ‹listi-aliems)
1123 2016 1254 2069 adque
1292 2018 1525 2070 discerpere
1565 2019 1628 2060 vel
1668 2020 1752 2074 igni

133 2071 254 2113 debet
285 2085 471 2114 exurere.
534 2073 573 2113 ln
607 2073 747 2124 quibus
781 2074 896 2114 etiam
931 2075 1100 2115 iudicum
1136 2076 1328 2117 eiusmodi
1362 2077 1655 2119 observantiam
1677 2091 1751 2133 per

274 2254 311 2298 1)
339 2255 431 2290 Haec
466 2256 508 2290 ab
536 2257 627 2290 initio
663 2258 767 2291 zerba
802 2264 959 2303 tunquam
998 2260 1106 2292 minus
1142 2265 1234 2292 certa
1269 2259 1428 2293 Klenzius
1463 2271 1529 2294 non
1563 2262 1751 2298 intextum

133 2304 324 2337 restitutum
362 2306 518 2347 recepit,
561 2304 620 2337 sed
657 2307 836 2349 separatim
876 2308 907 2338 in
946 2305 1240 2340 observationibus
1278 2309 1456 2351 proposuit
1493 2320 1572 2353 pag.
1610 2310 1664 2343 67.
1708 2329 1750 2334 —

132 2348 175 2392 2)
209 2351 386 2393 faclwwn.
436 2352 554 2385 lllurat.
590 2352 793 2386 Emendavit
827 2353 940 2386 Iilenz.
983 2359 1083 2397 atquc
1128 2360 1204 2387 aute
1237 2365 1313 2388 eum
1348 2355 1473 2398 Maius,
1515 2358 1610 2390 cuius
1645 2357 1750 2392 editio

131 2397 307 2432 Klenzium
341 2398 468 2442 fugisse
501 2399 648 2432 videtur.
684 2417 723 2422 —-
759 2400 796 2442 3)
823 2400 874 2433 De
911 2400 976 2433 hoc
1010 2400 1117 2433 verbo
1144 2412 1162 2434 a
1186 2401 1326 2434 lilenzio
1359 2404 1514 2436 restituto
1546 2403 1627 2437 nihil
1660 2405 1751 2449 apud

132 2445 352 2479 Muratorium
379 2446 548 2491 reliquum
573 2452 625 2479 est
649 2453 788 2490 praeter
823 2447 917 2480 binas
950 2447 1065 2480 literas
1091 2448 1144 2481 VT
1170 2449 1229 2482 sed
1258 2450 1290 2482 in
1316 2449 1452 2482 schedis
1486 2452 1565 2494 ipsis
1591 2450 1749 2486 Klenzius

132 2494 264 2526 invenit
288 2492 356 2526 VR.
392 2492 560 2536 (Savigny
594 2493 758 2528 Zeitschr.
794 2494 849 2528 IX.
877 2506 908 2538 p.
936 2492 1035 2536 229).
1070 2513 1109 2518 --
1148 2493 1186 2537 4)
1212 2496 1275 2529 Hic
1308 2496 1403 2529 locus
1428 2497 1470 2530 ad
1504 2498 1603 2531 finem
1629 2501 1749 2543 capitis

132 2548 241 2585 usque
268 2551 310 2573 ex
335 2540 448 2574 edicto
474 2547 657 2585 excerptus
691 2541 817 2584 legitur
851 2551 926 2574 cnm
953 2541 1064 2586 aliqua
1098 2543 1255 2576 lectionis
1286 2545 1452 2578 varietate
1477 2545 1509 2577 in
1536 2544 1663 2579 Codice
1688 2546 1748 2580 Iu—

132 2588 300 2620 50010000
325 2587 359 2621 L.
386 2588 418 2622 3.
444 2588 486 2621 ad
512 2587 580 2632 leg.
607 2588 665 2621 tut.
692 2591 766 2622 mai.
792 2589 850 2621 IX.
876 2589 896 2621 5
923 2594 958 2621 et
981 2589 1013 2623 8.
1041 2596 1075 2622 et
1100 2591 1131 2623 10
1153 2591 1272 2623 codice
1291 2591 1526 2625 'theodosiano
1545 2591 1578 2625 L.
1597 2604 1651 2626 un.
1670 2594 1751 2628 eod.

133 2650 176 2656 —
203 2632 242 2676 5)
267 2634 364 2668 Hunc
389 2635 501 2668 locum
527 2641 685 2680 excerpta
713 2636 813 2669 edicti
839 2637 945 2668 nostri
972 2637 1002 2669 in
1030 2636 1204 2671 codicibus
1230 2638 1468 2672 Theodosiauo
1495 2645 1528 2672 et
1546 2639 1750 2675 Iustinianeo

131 2680 155 2714 1.
180 2680 200 2714 l.
225 2683 270 2714 ita
296 2682 476 2715 exhibent:
503 2693 601 2724 „cum
627 2685 658 2715 in
685 2683 918 2716 huiuscemodi
943 2693 979 2716 re
1007 2686 1184 2718 convictus
1209 2687 1345 2719 minime
1372 2687 1547 2730 quisquam
1566 2687 1748 2732 privilegio

131 2727 302 2770 dignitatis
327 2729 468 2762 alicuius
495 2740 514 2762 a
538 2731 709 2763 strictiore
733 2731 950 2774 inquisitione
977 2730 1211 2766 defendatur“.
1236 2751 1277 2755 ——
1300 2731 1338 2774 6)
1365 2732 1518 2766 Schedae
1544 2733 1609 2767 hoc
1648 2742 1751 2780 caput

133 2774 177 2807 ab
200 2776 297 2808 initio
322 2776 508 2810 mutilatum
541 2778 587 2810 ita
622 2783 956 2820 repraesentant....
981 2790 1025 2811 ne
1048 2779 1119 2812 sine
1149 2779 1273 2813 libertis
1297 2785 1355 2813 elc.
1393 2779 1554 2813 ltlenzius
1578 2792 1598 2814 e
1627 2783 1750 2818 codice

133 2820 299 2856 Theodos.
326 2823 346 2856 l.
371 2823 394 2856 l.
421 2825 579 2865 restituit,
606 2835 706 2869 quem
725 2824 904 2858 admodum
924 2824 1005 2858 alias
1023 2825 1121 2859 huius
1138 2828 1257 2871 capitis
1280 2827 1426 2860 lacunas.
1453 2844 1498 2849 —-
1523 2825 1561 2870 7)
1587 2828 1748 2865 Murator.

133 2867 312 2909 aradae-iam
337 2870 397 2903 sed
424 2871 525 2903 scribi
552 2870 733 2915 oportebat
756 2871 919 2904 audaciae
942 2872 1063 2905 similis
1088 2873 1143 2906 vel
1169 2874 1313 2907 audacia
1336 2873 1451 2907 simili.
1469 2873 1585 2910 KlenZ.
1601 2877 1748 2912 audacia

135 2913 211 2994 gluti.
238 2933 278 2995 ᾗ-
303 2914 553 2998 &lgent-ahere
578 2917 737 2952 Murator.
761 2918 1035 2953 Emendandum:
1060 2920 1232 2954 detrahere
1265 2920 1321 2955 vel
1348 2921 1438 2966 quod
1456 2921 1666 2966 probabilius
1685 2931 1748 2970 est,

158 2972 184 2996 ts
198 2973 238 2995 ra
261 2974 324 2999 ere.
392 2974 463 2998 enz.
