1877 3313
464 112 495 155 §-
522 111 577 147 12.
626 112 842 148 Testamenta
867 118 901 148 et
926 118 1208 150 testamentorum
1233 121 1356 160 partes.
1631 117 1716 161 405

106 221 234 272 periali
274 221 456 260 accordati
498 221 530 259 ai
568 222 719 260 militari.
781 223 940 259 Velletri.
986 222 1107 260 1835.
1149 236 1182 272 p.
1224 224 1320 262 217.
1360 225 1424 263 No.
1457 226 1554 264 403.
1611 228 1719 265 Novis

106 282 202 319 curis
233 281 384 329 egregie
416 281 605 318 illustravit
634 282 787 318 Rudorlf
813 281 869 318 in:
912 282 1086 328 Savigny.
1118 283 1319 321 zeitschrift
1350 286 1407 321 fur
1438 286 1720 332 geschichtliehe

105 340 449 377 Rechtswissensch.
480 340 579 377 Tom.
610 340 687 377 XII.
720 336 898 393 (1845.)
931 352 966 389 p.
1001 340 1253 379 301.—392.
1286 342 1384 379 cuius
1410 346 1613 393 exemptum
1641 358 1720 383 cum

106 399 362 448 supplementis
393 399 450 435 hic
490 399 740 447 transcriptum
784 399 917 436 damus.
980 400 1204 437 Testamenta
1249 402 1387 439 etiarnsi
1428 404 1601 451 capitibus
1634 406 1718 453 ple-

105 469 253 506 rumque
286 457 570 504 distinguantur,
602 457 848 494 Dasumianum
880 458 946 495 hac
988 458 1237 496 distributione
1270 465 1381 498 caret.
1429 461 1588 510 Capitum
1625 464 1718 500 dist-

104 516 237 554 ributio
264 528 367 565 quam
389 515 598 562 addidimus,
628 516 801 554 Rudorffii
823 521 888 553 est.
950 516 1165 555 Asservatur
1190 519 1262 555 hoo
1290 525 1555 558 monumentum
1585 522 1718 560 Romae

106 587 216 625 penes
238 575 437 612 Institutum
460 575 785 622 archaeotogicum.

668 654 955 697 Testamentum
976 656 1158 697 Dasumi.

245 730 272 772 1.
335 729 538 780 Quoniam
570 735 629 771 est
657 736 824 783 rectum,
855 737 1059 785 praestare
1074 765 1224 774 ......
1258 737 1405 776 anticus
1438 735 1717 778 rarissimus..

106 823 115 832 .
135 823 143 832 .
163 822 172 832 .
191 821 224 842 .,
255 791 292 830 si
321 802 365 830 se
393 802 537 830 nomen
568 802 700 830 meum
731 790 895 832 laturum
932 793 1165 846 promiserit
1180 824 1331 834 ......
1364 807 1543 835 mearum
1578 796 1719 848 fortu-

104 862 244 891 narum
275 860 328 889 ex
359 849 474 889 uncia
505 848 622 888 lieres
654 854 736 890 esto
770 863 931 901 eamque
961 852 1138 892 nominis
1168 851 1444 906 bonorumque
1460 853 1720 894 hereditatem

106 908 260 949 cernito
291 908 335 947 in
366 907 507 948 diebus
538 912 694 947 centum
718 909 923 960 promimis
956 910 1099 962 quibus
1123 911 1259 951 scierit
1270 913 1508 965 poteritque.
1556 912 1719 962 Quodni

105 969 164 1008 ita
195 967 388 1019 creverit,
430 972 524 1007 tunc
555 966 747 1019 Septuma
777 968 1031 1018 Secundino,
1074 974 1292 1010 matertera
1331 983 1420 1011 mea
1454 972 1719 1025 pientissima,

106 1025 195 1067 mihi
226 1025 342 1066 lieres
373 1030 459 1066 esto
492 1038 546 1065 ea:
577 1026 712 1066 eadem
740 1032 870 1079 parte.
929 1028 970 1067 Si
1001 1040 1076 1067 nec
1109 1041 1156 1068 ea
1186 1028 1282 1068 milii
1312 1029 1430 1069 lieres
1461 1030 1539 1069 erit
1570 1035 1717 1072 tunc..

107 1118 116 1126 .
136 1117 145 1126 .
176 1084 261 1138 filia
291 1085 471 1126 Serviani
494 1097 546 1125 ex
579 1085 714 1125 eadem
743 1086 868 1126 uncia
898 1086 993 1126 milei.
1026 1086 1142 1127 lieres
1174 1092 1268 1127 esto.
1316 1087 1383 1127 Ea:
1414 1088 1572 1142 reliqua
1598 1095 1721 1142 parte

113 1143 241 1184 Ursus
262 1143 487 1184 Seruianus
512 1143 695 1184 (lominus
719 1157 832 1185 meus
865 1145 955 1185 mihi
988 1145 1106 1185 heres
1139 1151 1234 1187 esto.
1295 1146 1341 1186 Si
1370 1147 1596 1188 Seruii-mus
1626 1149 1722 1188 milii

105 1203 222 1243 heres
252 1215 334 1242 non
366 1203 453 1252 erit,
486 1206 632 1242 tunc..
666 1208 755 1242 et..
787 1203 879 1243 mihi
903 1203 1071 1244 heredes
1104 1209 1236 1245 sunto.
1267 1204 1367 1245 Si..
1402 1211 1492 1246 et..
1525 1206 1622 1246 milii
1643 1207 1719 1248 lie-

105 1262 225 1302 redes
254 1274 337 1301 non
370 1265 499 1311 erunt,
540 1266 633 1301 tunc
664 1261 916 1302 Dasumia..
948 1262 1041 1302 milii
1082 1262 1202 1302 heres
1234 1268 1339 1304 esto.
1401 1264 1441 1306 Si
1473 1264 1688 1307 Dasumia.
1707 1298 1717 1307 .

106 1320 203 1361 milii
232 1320 349 1360 lieres
378 1332 461 1360 non
505 1321 602 1369 erit,
646 1325 794 1361 tunc..
828 1325 866 1360 et
896 1352 933 1361 ..
965 1320 1062 1361 mihi
1102 1320 1269 1361 heredes
1306 1327 1425 1363 sunto
1468 1322 1589 1377 lique
1621 1336 1719 1365 cer-

107 1383 234 1420 nunto
265 1379 322 1419 in>
341 1378 483 1419 (liebus
524 1384 678 1419 centum
703 1379 923 1431 proximis,
967 1379 1111 1432 quibus
1140 1380 1310 1420 scierint
1333 1386 1613 1435 poteruntque.
1674 1384 1720 1424 Si

106 1451 182 1478 nec
213 1450 349 1478 eorum
380 1438 593 1490 quisquam
625 1439 819 1487 ereverit,
864 1441 956 1478 lunc
989 1438 1119 1492 Syclee
1148 1439 1292 1478 nutrix
1333 1436 1491 1495 b(ene]
1522 1437 1720 1498 m(erita]

109 1509 161 1537 ecc
193 1497 331 1538 eadem
357 1501 479 1549 parte
508 1496 605 1536 milei
636 1496 755 1537 heres
786 1501 880 1537 esto.

245 1573 288 1614 ΙΙ.
349 1571 505 1613 Amicis
535 1573 635 1613 meis
665 1573 764 1613 bene
795 1574 1039 1615 merentibus
1070 1573 1171 1615 infra
1201 1575 1381 1629 scriptis,
1414 1576 1597 1629 quisquis
1625 1576 1723 1618 mibi

104 1633 222 1674 lieres
253 1632 350 1682 erit,
394 1644 482 1672 eum
521 1644 627 1684 royo
657 1632 830 1686 fideique
873 1634 959 1673 eius
991 1634 1214 1684 committo,
1256 1634 1314 1674 uti
1343 1634 1409 1675 det
1437 1635 1608 1687 sinqutis
1637 1636 1722 1677 auri

105 1693 146 1733 P.
177 1691 319 1732 libras:
352 1691 479 1732 Iulio.
500 1722 533 1741 .,
687 1723 724 1731 ..
757 1703 833 1742 no,
867 1691 1030 1732 Volusio
1064 1691 1231 1743 Iuliano,
1276 1725 1423 1733 ......
1437 1725 1448 1746 ,
1479 1694 1615 1734 Plinio
1648 1707 1722 1735 se·-

106 1750 263 1799 cundo‚
308 1748 494 1791 Cornelio
538 1749 680 1790 Tacito
700 1782 849 1790 ......
884 1752 1111 1804 auspicato,
1153 1751 1317 1805 singulis
1336 1783 1488 1793 ......
1504 1784 1514 1803 ‚
1555 1753 1720 1794 Minicio

106 1811 226 1850 Iusto.
247 1808 394 1859 Fabul,
422 1839 575 1849 ......
606 1808 716 1850 lunio
758 1809 891 1859 Axito,
923 1809 1064 1850 Pontio
1096 1809 1285 1851 Laeliano
1305 1842 1453 1851 ......
1486 1812 1720 1865 Sempronio

107 1868 312 1909 Crescenti
350 1866 531 1908 Ianuario
551 1899 702 1908 ......
776 1867 937 1908 Licinio
978 1869 1136 1921 nepoti,
1179 1868 1308 1909 Tullio
1348 1870 1544 1919 Varroni,
1587 1871 1720 1911 Satrio

107 1927 215 1980 Rufo
219 1958 397 1973 .......
430 1925 598 1966 Minicio
620 1927 814 1977 Anniano,
837 1926 1032 1980 Appuleio
1050 1926 1207 1980 Nepoti,
1246 1927 1425 1967 Remmia
1465 1928 1661 1969 Martiali.
1680 1961 1688 1970 .
1709 1961 1719 1970 .

167 2018 202 2026 ..
234 1985 337 2027 ustio
357 1984 548 2036 Acantho,
580 1985 701 2026 Fabio
723 1986 915 2037 Rusticio,
936 2017 1088 2025 ......
1122 1997 1191 2036 co,
1224 1987 1330 2039 agris
1353 1985 1514 2027 Phoebo
1548 1992 1587 2028 et
1615 1987 1718 2029 Ser-

106 2049 212 2096 vato,
246 2076 401 2085 ......
442 2043 603 2085 Valerio
628 2044 817 2095 Hei-meti,
852 2043 1020 2085 Otacilio
1052 2043 1102 2084 Or
1121 2076 1271 2085 ......

244 2120 303 2161 Ill.
364 2120 604 2173 Sempronio
634 2120 813 2162 Proculo
856 2120 1159 2170 iurisconsulto,
1201 2120 1332 2161 Ateio.
1374 2134 1424 2160 m.
1453 2151 1603 2162 ......
1651 2134 1718 2175 no,

108 2178 296 2221 Cornelio
337 2179 448 2231 seni,
485 2179 577 2220 Iulis
611 2179 785 2233 Threpto
840 2185 876 2219 et
902 2211 1048 2220 ......
1091 2177 1343 2232 Apollodoro
1385 2179 1503 2220 adfini
1534 2193 1635 2222 meo.
1669 2181 1718 2222 X.

107 2238 232 2284 ῧῐςῖν
263 2239 447 2291 conferri
477 2238 573 2279 volo
593 2270 747 2279 ......
778 2239 951 2291 fideique
984 2239 1070 2278 eius
1104 2250 1322 2290 eorumque
1355 2239 1578 2289 committo,
1620 2243 1718 2280 ut..

194 2329 203 2338 .
245 2310 291 2338 er
329 2301 568 2338 consecrent
601 2296 832 2348 Cordubae,
875 2298 930 2337 ita
961 2301 1004 2336 ut
1031 2296 1104 2337 sub
1145 2296 1410 2350 inscriptione
1442 2298 1608 2338 nominis
1641 2300 1719 2339 mei

110 2360 415 2406 consecrentur,
434 2388 589 2397 ......
622 2368 745 2409 opera
778 2368 897 2409 supra
929 2356 1073 2408 scripta
1105 2355 1198 2395 fiant
1230 2356 1315 2395 eius
1356 2368 1573 2409 eorumque
1602 2358 1718 2398 arbi-

108 2420 217 2457 tratu
249 2447 400 2458 ......
430 2415 606 2468 fideique
638 2417 723 2456 eius
757 2426 975 2467 eorumque
1009 2415 1220 2464 committo,
1252 2419 1296 2454 ut
1312 2446 1465 2455 ......
1498 2420 1569 2455 est.

247 2491 309 2533 IV.
371 2491 580 2532 Dasumiae
607 2491 740 2545 Syche
772 2491 915 2531 nutrici
933 2521 1156 2531 ........
1183 2502 1380 2531 venucum
1411 2503 1547 2532 areum
1579 2492 1717 2544 pisca-

108 2556 229 2602 tores,
246 2581 471 2592 ........
489 2549 692 2604 Elegerit,
724 2554 882 2604 praeter
914 2561 1041 2602 quam.
1073 2549 1122 2590 X.
1156 2549 1199 2601 C,
1220 2581 1441 2590 ........
1458 2551 1617 2603 arqenti
1648 2563 1717 2591 es-

110 2611 191 2651 cari
219 2615 259 2652 et
289 2610 420 2664 potori
451 2621 504 2649 ex
534 2621 623 2650 meo
667 2609 773 2662 quod
814 2608 981 2661 eleyerit
997 2640 1231 2650 ........
1251 2608 1434 2649 chartam
1462 2609 1550 2648 sive
1581 2609 1716 2662 philu-

108 2681 191 2710 ram
223 2668 514 2710 calculatoriam
536 2699 686 2708 ......

248 2745 294 2785 V.
359 2749 508 2786 ....et
557 2744 743 2786 Sabinum
784 2743 980 2785 notarium
1023 2749 1063 2784 et
1103 2757 1169 2798 my
1188 2774 1472 2785 ..........
1491 2742 1716 2786 rationibus

111 2802 274 2844 redditis
305 2816 393 2844 cum
425 2802 779 2844 contubernalibus
809 2803 893 2843 suis
923 2803 1074 2844 liberos
1106 2816 1191 2844 esse
1219 2803 1337 2843 iubeo
1356 2832 1559 2842 .......
1576 2802 1614 2844 Μ
1638 2815 1715 2844 co-

114 2872 200 2902 cum
231 2867 271 2903 et
303 2874 339 2903 o.
370 2862 575 2903 Numicum
609 2861 638 2901 C
641 2893 933 2902 ..........
953 2867 991 2902 et
1031 2862 1314 2903 Diadumenum
1356 2860 1547 2902 notarium
1567 2893 1713 2903 ......

116 2950 126 2959 .
146 2950 154 2959 .
172 2950 181 2960 .
201 2950 209 2960 .
227 2932 355 2963 mnem
386 2921 672 2975 sumptuarium
694 2920 913 2963 rationibus
943 2921 1111 2962 redditis
1133 2933 1222 2961 cum
1248 2919 1527 2960 contubernali
1548 2919 1716 2961 liber-um
