1877 3313
80 247 165 296 228
529 243 633 279 Inscr.
658 244 833 288 prpl'anae.
883 243 963 290 Cap.
990 244 1029 280 ΙΙ.
1076 245 1234 280 Tabulae.

78 353 170 407 pulo
204 363 256 391 ex
287 349 361 391 eid.
393 355 532 403 mart.,
574 363 676 404 quae
716 356 856 406 postea
898 364 1011 405 quam
1054 351 1264 406 vectigalia
1296 351 1534 403 consistent,
1574 364 1676 406 quae

76 416 168 466 post
198 409 233 450 h.
265 409 289 451 l.
320 422 352 450 r.
382 411 549 463 primum
580 411 797 451 consistent
827 412 973 464 primae
1008 415 1134 461 erunt,
1165 407 1338 465 in[ferre
1371 409 1529 462 debeto,
1560 412 1676 452 neive

76 472 110 511 is
143 474 344 522 quaestor,
376 469 466 521 quei
489 470 684 509 aerarium
707 470 948 523 provinciam
979 469 1180 523 optinebit,
1212 481 1298 509 eam
1320 470 1545 522 pequniam,
1573 481 1674 522 quae

77 528 127 569 ob
160 540 232 569 eos
264 539 386 582 agros
419 539 547 580 eaque
578 527 664 568 loca
695 527 872 570 aedificia
905 529 952 569 ab
985 541 1048 582 eo,
1081 529 1172 581 quei
1194 540 1264 568 eos
1289 540 1410 581 agros
1431 540 1558 580 eaque
1588 527 1677 569 loca

75 585 252 628 aedilicia
285 586 438 637 emerit,
471 585 633 640 populo,
664 587 752 627 eive
785 588 875 640 quei
907 600 957 628 eo
989 588 1147 627 nomine
1171 587 1218 627 ab
1240 586 1385 640 populo
1408 588 1676 638 mercassitur,

76 644 301 697 debebitur,
332 646 519 699 propiore
551 645 614 686 die
646 646 808 699 exigito,
840 642 979 699 atque]
1013 647 1177 699 uteique
1208 646 1247 686 in
1278 645 1314 692 h,
1346 645 1371 686 l.
1405 658 1437 687 s.
1470 658 1529 698 e.,
1560 646 1676 686 neive

75 704 185 756 quod
216 705 414 757 pequniae
456 704 505 745 ob
538 716 623 745 eam
665 717 749 745 rem
790 707 978 758 propiore
998 702 1031 758 ¹)
1074 704 1136 744 die
1179 709 1359 745 exactum
1401 701 1516 758 er[it‚
1558 709 1676 757 atque

74 759 264 818 uteiq[ue
283 760 324 818 ²)
356 763 394 803 in
425 762 461 803 h.
494 763 517 803 l.
551 775 581 804 s.
614 775 662 814 e.,
695 764 728 804 is
760 764 850 815 quei
880 764 1088 816 pequniarn
1120 764 1267 817 populo
1300 762 1396 804 dare
1422 762 1594 815 debebit,
1626 764 1677 815 ei,

75 822 167 874 quei
200 833 249 862 eo
282 822 441 863 nomine
474 822 522 862 ab
555 821 700 876 populo
743 823 1025 873 mercassitur,
1067 822 1117 863 ob
1150 835 1235 863 eam
1267 834 1352 862 rem
1392 823 1602 876 pequniam
1641 822 1679 862 ei

73 876 194 934 neiss)
231 877 345 935 [ante
377 879 488 921 eidus
520 881 695 930 martias,
728 893 828 933 quae
859 885 949 934 post
980 893 1027 921 ea
1059 893 1176 933 quam
1207 880 1415 934 vectigalia
1447 882 1677 931 consistent,

75 950 176 990 quae
208 944 298 992 post
328 939 366 979 h.
396 938 420 979 l.
453 952 485 980 r.
517 939 682 993 primum
717 940 985 990 constiterint,
1027 941 1176 992 primae
1212 944 1351 990 erunt,
1393 939 1487 980 dare
1519 939 1677 990 debeto,

72 998 191 1038 neivc
223 1010 308 1038 eam
340 998 550 1051 pequniam
583 1002 672 1038 ante
706 997 817 1048 dato,
860 1011 974 1050 quam
1018 1010 1089 1038 eos
1132 1009 1251 1051 agros
1284 1010 1411 1051 eaque
1443 997 1532 1039 loca
1563 997 1677 1038 aedi-

72 1055 159 1097 ficia
191 1061 344 1110 emptos
377 1069 469 1098 esse
501 1056 678 1097 fuisseve
711 1054 889 1111 plan]un1
921 1056 1005 1107 fiat,
1038 1057 1153 1096 neive
1188 1057 1276 1108 quis
1308 1070 1413 1111 mag.
1455 1057 1572 1097 neive
1603 1067 1676 1110 pro

71 1127 176 1169 mag.
209 1114 357 1167 facito,
387 1115 503 1156 neive
535 1117 621 1168 quis
653 1120 814 1156 senator
845 1114 1075 1164 decennio,
1109 1112 1211 1168 q[uo
1245 1127 1291 1155 ea
1323 1112 1538 1169 pequnia,]
1574 1127 1676 1167 quae

71 1185 145 1226 pro
178 1174 312 1228 agi-eis
346 1174 469 1216 loceis
501 1173 735 1225 aedificieis,
768 1174 856 1226 quei
890 1186 922 1214 s.
955 1186 986 1214 s.
1019 1185 1050 1214 s.
1083 1172 1230 1226 popolo
1263 1173 1478 1216 deberetur
1508 1173 1677 1215 debebi-

71 1236 205 1286 turve,
236 1233 350 1274 aliter
381 1229 618 1287 exigatur&
651 1237 767 1284 atque
800 1233 961 1285 uteique
993 1232 1031 1272 in
1064 1231 1099 1271 li.
1133 1231 1156 1272 l.
1190 1244 1221 1273 s.
1255 1237 1326 1274 cst.

720 1302 842 1355 Caput
872 1302 1031 1342 XXXV.

217 1360 546 1417 [Queiquomque
578 1374 650 1415 pro
683 1373 731 1402 eo
764 1373 861 1414 agro
893 1361 982 1402 loco
1013 1360 1215 1412 aedificio,
1248 1362 1340 1415 quei
1371 1362 1409 1402 in
1436 1361 1572 1402 Africa
1603 1364 1676 1412 est,

74 1421 169 1474 quei
201 1433 301 1475 ager
332 1422 444 1462 locus
477 1421 625 1461 Romae
657 1419 815 1474 publice
847 1420 993 1460 venieit
1025 1421 1256 1472 venieritve,
1287 1421 1434 1474 populo
1466 1421 1554 1461 eive
1585 1420 1677 1474 quei

73 1566 212 1599 tantum
241 1563 427 1611 pecuniam
458 1563 595 1612 populo
629 1575 673 1600 ex
705 1563 818 1600 idibus
849 1563 1006 1609 Martiis,
1049 1575 1137 1611 quae
1169 1568 1297 1611 postea
1340 1575 1442 1611 quam
1485 1562 1676 1610 vectigalia

75 1621 294 1669 consistent,
337 1634 430 1669 quae
471 1627 554 1670 post
594 1622 685 1658 hanc
726 1622 841 1669 legem
883 1626 1045 1669 rogatam
1087 1623 1235 1670 primum
1277 1622 1493 1669 consistent,
1539 1622 1674 1670 primae

79 1685 197 1727 erunt,
228 1681 360 1717 inferre
391 1681 539 1727 debeto,
571 1692 662 1717 neve
693 1681 721 1717 is
754 1685 923 1728 quaestor
954 1681 1011 1728 qui
1045 1682 1215 1718 aerarium
1248 1681 1467 1730 provinciam
1487 1680 1675 1727 obtinebit,

77 1750 154 1776 eam
185 1739 394 1788 pecuniam,
436 1751 526 1787 quae
560 1740 606 1776 ob
639 1751 701 1776 eos
735 1751 843 1786 agros
876 1751 990 1786 eaque
1032 1740 1110 1777 loca
1142 1740 1301 1777 aedilicia
1335 1740 1378 1776 ab
1411 1751 1479 1785 eo,
1518 1740 1575 1787 qui
1612 1750 1675 1776 eos

75 1808 186 1845 agros
218 1809 331 1846 eaque
363 1799 442 1835 loca
477 1798 636 1834 aedificia
668 1798 813 1844 emerit,
845 1799 967 1847 populi
1002 1799 1093 1845 eive,
1126 1799 1183 1846 qui
1216 1810 1260 1836 eo
1293 1799 1435 1835 nomine
1466 1798 1510 1835 ab
1540 1797 1676 1846 populo

74 1857 312 1903 mercabitur,
355 1857 565 1903 debebitur,
607 1856 776 1905 propiore
816 1856 873 1893 die
915 1857 1076 1904 exigito,
1118 1863 1224 1905 atque
1267 1856 1387 1904 utique
1428 1857 1462 1893 iu
1494 1857 1561 1893 hac
1591 1856 1676 1903 lege

73 1914 243 1964 scriptum
285 1920 361 1962 est,
402 1927 494 1952 neve
535 1916 631 1963 quod
671 1914 843 1963 pecuniae
881 1916 928 1952 ob
975 1927 1052 1952 eam
1093 1927 1166 1952 rem
1207 1915 1381 1964 propiore
1422 1915 1479 1952 die
1510 1919 1676 1952 exactum

75 1973 144 2010 erit
176 1979 282 2023 atque
315 1974 434 2022 utique
465 1975 498 2011 in
532 1975 599 2010 hac-
629 1974 713 2020 lege
745 1974 911 2022 scriptum
945 1978 1017 2020 est,
1058 1975 1086 2011 is
1118 1975 1176 2022 qui
1208 1974 1392 2023 pecuniam
1423 1973 1559 2022 populo
1590 1973 1676 2010 dare

75 2032 224 2070 debebit
255 2033 288 2070 ei
321 2034 378 2081 qui
412 2044 456 2069 eo
489 2033 632 2070 nomine
663 2033 706 2069 ab
738 2033 871 2081 populo
904 2033 1116 2070 mercabitur
1147 2034 1194 2070 ob
1227 2045 1302 2069 eam
1334 2044 1409 2070 rem
1440 2032 1624 2081 pecuniam
1644 2030 1677 2068 ei

75 2103 121 2129 ne
153 2096 234 2129 ante
267 2092 346 2129 idus
379 2091 534 2138 Martias,
566 2103 655 2139 quae
687 2096 771 2140 post
802 2103 843 2127 ea
876 2103 977 2139 quam
1009 2092 1199 2139 vectigalia
1231 2091 1439 2137 consistent,
1470 2102 1562 2139 quae
1593 2094 1678 2139 post

75 2150 168 2187 hano
199 2151 318 2198 legem
351 2155 515 2198 rogatam
547 2150 697 2199 primum
727 2150 961 2195 constiterint,
992 2151 1126 2198 primae
1147 2154 1263 2195 eruut,
1295 2150 1381 2186 dare
1404 2150 1552 2196 debeto,
1583 2160 1677 2186 neve

76 2220 154 2246 eam
172 2209 358 2258 pecuniam
376 2214 456 2245 ante
475 2209 572 2255 dato,
596 2220 698 2256 quam
717 2220 780 2245 eos
799 2220 906 2255 agros
931 2221 1044 2256 eaque
1067 2209 1144 2245 loca
1168 2207 1327 2244 aedilicia
1350 2212 1488 2256 emptos
1510 2219 1588 2244 esse
1611 2208 1676 2244 fu-

75 2268 194 2304 isseve
212 2270 352 2317 planum
373 2269 445 2314 liat,
476 2279 568 2304 neve
586 2267 661 2315 quis
680 2267 904 2314 magistratus
924 2279 1014 2304 neve
1031 2278 1098 2315 pro
1126 2267 1333 2313 magistratu
1356 2267 1464 2302 facito
1487 2277 1578 2303 neve
1600 2265 1676 2314 quis

78 2331 228 2364 senator
260 2326 460 2373 decernito,
493 2338 564 2373 quo
598 2338 638 2362 ea
671 2325 819 2374 pecunia
851 2337 940 2373 quae
971 2337 1037 2373 pro
1071 2325 1166 2371 agris
1197 2325 1284 2362 locis
1317 2325 1497 2371 aedificiis,
1528 2324 1585 2373 qui
1612 2335 1676 2361 su-

76 2397 141 2434 pra
173 2385 294 2435 scripti
327 2389 431 2431 sunt,
471 2385 607 2433 populo
641 2385 855 2431 deberetur,
896 2384 998 2421 aliter
1040 2384 1206 2431 exigatur
1248 2388 1354 2431 atque
1395 2383 1515 2432 utique
1545 2383 1579 2421 in
1610 2383 1677 2420 hau

75 2444 162 2492 lege
192 2446 360 2494 scriptum
391 2448 455 2481 est.

735 2514 848 2564 Caput
878 2513 1021 2551 XXXV.

223 2586 443 2634 Quicumque
473 2597 539 2634 pro
572 2597 617 2624 eo
650 2598 740 2635 agro
771 2586 854 2623 loco
887 2584 1063 2631 aedificio,
1093 2584 1152 2632 qui
1182 2583 1217 2620 in
1248 2583 1368 2621 Africa
1400 2587 1466 2630 est,
1497 2582 1557 2632 qui
1587 2593 1678 2630 ager

80 2644 181 2683 locus
214 2645 348 2683 Romae
378 2644 521 2694 publice
552 2645 661 2683 veniit
692 2644 890 2683 venieritve
921 2643 1055 2692 populo
1087 2643 1166 2680 eive
1199 2642 1256 2690 qui
1288 2653 1333 2680 eo
1364 2642 1505 2680 nomine
1535 2641 1579 2679 ab
1602 2652 1676 2690 po-

221 2804 259 2848 1)
283 2805 414 2839 tabula:
439 2805 645 2848 propiorem.
680 2822 721 2827 —-
756 2803 794 2847 2)
820 2806 846 2838 si
870 2805 963 2849 prior
995 2802 1153 2837 vocabuli
1187 2813 1263 2847 pars
1298 2808 1392 2837 recte
1415 2803 1459 2835 ita
1490 2800 1677 2845 suppletur,

85 2850 296 2885 scribendum
323 2857 411 2885 erat:
443 2853 577 2895 meique.
613 2869 651 2874 —-
689 2849 728 2894 3]
753 2851 850 2885 Hunc
884 2852 994 2885 locum
1030 2861 1048 2883 a
1075 2849 1188 2883 verbis
1221 2851 1250 2882 ei
1273 2850 1328 2883 nei
1352 2850 1464 2893 ‘usque
1496 2847 1538 2881 ad
1572 2847 1676 2881 verba

83 2896 220 2941 planum
243 2900 298 2940 fiat
328 2898 519 2932 Huschkius
551 2897 638 2930 hunc
663 2899 695 2931 in
728 2899 865 2932 modum
899 2896 1050 2941 supplet:
1085 2898 1134 2929 rei
1167 2897 1248 2930 dare
1281 2895 1421 2937 debeto,
1453 2896 1552 2928 neive
1585 2893 1675 2939 quod

84 2945 252 2988 pequniae
276 2944 318 2978 ob
343 2956 418 2979 eam
443 2956 514 2979 rem
540 2945 698 2988 propiore
733 2945 786 2978 die
819 2950 972 2979 exactum
1006 2953 1071 2976 uon
1097 2943 1217 2983 fuerit,
1243 2944 1294 2984 ei,
1329 2943 1405 2987 quei
1429 2951 1471 2975 eo
1495 2941 1632 2974 nomine
1656 2951 1675 2973 a

86 2989 212 3033 populo
246 2993 478 3034 mercassitur,
511 2992 691 3036 pequniam
726 2998 804 3026 ante
838 2991 917 3025 dare
951 2989 1096 3031 debeto‚
1128 3000 1227 3034 quam
1260 2999 1318 3023 eos
1343 2997 1445 3032 agros
1468 2997 1577 3034 eaque
1599 2986 1675 3022 loca

87 3035 285 3072 aedificiave
309 3038 448 3075 traditos
472 3048 546 3074 esse
570 3037 708 3082 planum
733 3038 800 3073 fiat.
826 3054 867 3063 —
894 3035 934 3081 4)
958 3036 1024 3073 tab.
1049 3036 1227 3072 mendose:
1253 3036 1438 3080 essiqraeur.

1784 3080 1812 3313 ,ἲς-«ἡμὴ
1794 3042 1795 3045 „
