1877 3313
139 188 225 232 232
582 184 686 221 Inscr.
710 185 884 231 profanae.
933 184 1013 232 Cap.
1038 184 1079 220 Π.
1127 183 1284 220 Tabulae.

139 295 219 336 rica
250 297 362 345 sunt,
403 290 508 345 quod
540 304 677 334 eorum
707 291 905 346 poplicum
937 305 974 346 p.
1007 304 1041 332 r.
1073 290 1218 333 factum
1249 295 1333 343 est,
1366 289 1415 331 de
1445 289 1482 332 X
1511 289 1733 346 legatorum

139 353 334 394 sententia
365 348 572 405 leib]ereis
602 350 712 404 regis
743 351 995 392 Massinissae
1027 349 1153 402 dedit,
1195 350 1394 390 babereve
1434 349 1586 390 frueive
1627 351 1733 400 insit,

140 415 331 462 extraque
363 422 451 449 eum
485 421 624 463 agrum
656 409 800 460 locum,
831 410 920 450 ubei
952 408 1137 462 oppidum
1172 406 1330 462 CHA1)
1363 408 1455 458 fuit,
1489 405 1623 462 extra]
1657 420 1734 460 que

140 482 230 510 eum
262 481 399 523 agrum
432 467 581 518 locum,
614 480 729 520 quem
760 467 932 519 Xvirei,
966 469 1059 519 quei
1090 480 1141 509 ex
1172 466 1198 507 l.
1231 466 1337 506 Livia
1379 465 1497 506 factei
1538 467 1734 506 createive

140 527 325 578 fuerunt,
365 526 612 566 Uticensibus
653 526 911 579 reliqueirunt
952 525 1283 579 adsignaverunt:
1337 530 1512 565 ceterum
1557 521 1735 578 [omnem

139 598 279 639 agrum
311 583 549 625 metiendum
581 584 850 638 terminosque
881 585 998 626 statui
1029 589 1163 634 curet,
1196 584 1312 636 eique
1344 583 1481 636 operei
1513 581 1613 623 diem
1645 581 1735 623 dei-

140 649 216 696 cat‚
248 643 316 685 ubi
347 642 573 684 confectum
605 643 692 684 siet.

775 701 897 755 Caput
928 700 1106 742 XXXIX.

279 760 581 813 Queiquomque
619 772 692 814 pro
735 772 783 801 eo
815 773 912 814 agro
947 761 1058 811 loco,
1103 771 1220 812 quem
1263 771 1398 813 agrum
1441 759 1572 800 locum
1602 758 1738 811 possi-

141 819 238 860 dent
269 819 556 871 fruunturque,
598 818 781 872 vectigal,
815 818 1024 864 decumas,
1065 819 1348 870 scripturamve
1380 816 1471 872 pr]o
1504 829 1655 870 pecore
1687 829 1738 856 ex

138 878 232 932 lege
264 877 494 930 Sempronia
526 876 619 917 dare
652 889 729 917 non
762 877 889 917 solitci
921 882 1033 927 sunt,
1074 878 1163 929 quei
1196 889 1293 930 ager
1325 877 1381 916 eis
1414 889 1465 915 ex
1496 876 1533 915 h.
1566 875 1590 915 l.
1625 875 1737 915 datus

138 936 318 978 redditus
351 939 612 977 commutatus
644 932 762 988 eri[t,
794 935 898 988 quod
931 936 1018 987 quis
1060 933 1163 989 ei]us
1209 932 1330 988 [agri]
1365 933 1582 988 possidebit
1623 932 1738 973 frue-

138 1000 267 1046 turve,
299 1007 373 1048 pro
405 1006 455 1035 eo
486 1005 583 1048 agro
604 993 694 1034 loco
718 994 834 1033 neive
866 993 1035 1046 vectigal
1056 993 1171 1032 neive
1196 993 1380 1033 decumas
1404 993 1519 1032 neive
1533 989 1574 1046 ²)
1607 992 1740 1044 scrip-

138 1057 282 1106 turam,
315 1051 420 1106 quod
451 1058 541 1106 post
572 1052 606 1092 h.
639 1051 662 1092 l.
697 1064 727 1092 r.
760 1051 927 1102 fruetur,
960 1051 1054 1092 dare
1088 1051 1244 1092 debeto.

829 1110 954 1163 Caput
986 1109 1065 1150 XL.

281 1168 411 1225 [Quei
440 1168 608 1222 populus
641 1168 788 1219 teiber,
831 1170 972 1220 queive
1004 1168 1154 1209 socium
1187 1167 1405 1208 nominisve
1437 1167 1563 1217 latini,
1598 1167 1740 1220 quibus

139 1242 193 1270 ex
221 1228 389 1270 formula
421 1233 648 1281 togatorum
684 1228 823 1267 milites
856 1228 894 1267 in
927 1232 1031 1267 terra
1063 1226 1169 1266 ltalia
1201 1227 1385 1279 inperare
1416 1225 1566 1275 soient,
1605 1238 1741 1278 agrum

138 1287 336 1342 publicum
369 1288 406 1326 in
440 1285 575 1326 Africa
607 1285 829 1339 possidebit
861 1285 1080 1335 frueturve,
1111 1287 1143 1325 is
1175 1297 1247 1337 pro
1280 1297 1328 1325 eo
1353 1296 1450 1337 agro
1474 1284 1644 1337 vectigal
1666 1283 1741 1323 de·-

139 1343 294 1400 cumas]
330 1345 563 1398 scripturam
596 1344 743 1397 populo
776 1349 840 1383 aut
872 1343 1082 1396 publicano
1115 1344 1205 1382 item
1240 1342 1333 1383 dare
1366 1342 1523 1391 debeto,
1558 1343 1639 1383 utei
1670 1353 1741 1395 pro

140 1418 190 1446 eo
223 1416 321 1457 agro
354 1403 456 1453 loco,
490 1415 607 1454 quem
640 1415 778 1455 agrum
798 1402 926 1442 locum
950 1402 1118 1455 populus
1153 1399 1361 1455 [romanus
1394 1405 1457 1441 aut
1490 1398 1632 1454 que]m
1664 1413 1742 1455 ag-

141 1475 226 1504 rum
258 1462 389 1504 locum
423 1462 544 1501 ceivis
576 1473 762 1501 romanus
796 1472 846 1500 ex
878 1460 913 1500 b.
948 1460 971 1500 l.
1005 1460 1234 1513 possidebit,
1267 1459 1361 1500 darc
1394 1459 1603 1513 oportebit.

140 1603 237 1651 quod
275 1614 399 1639 eorum
431 1602 607 1650 publicum
639 1602 761 1650 populi
793 1602 927 1639 romani
960 1602 1088 1638 sactum
1116 1607 1183 1647 est,
1216 1602 1260 1638 de
1285 1602 1408 1638 decem
1431 1602 1633 1648 legatorum
1655 1614 1740 1638 sen-

138 1661 250 1699 tentia
281 1661 399 1698 liberis
431 1661 527 1707 regis
560 1661 761 1697 Masinissae
794 1661 910 1705 dedit,
944 1661 1122 1697 liabereve
1155 1661 1268 1696 sruive
1301 1660 1419 1704 iussit,
1453 1665 1625 1708 extraque
1658 1672 1738 1696 eum

139 1731 265 1766 agrum
296 1720 427 1765 locum,
459 1719 516 1755 ubi
549 1719 715 1767 oppidum
747 1719 869 1766 Magar
902 1719 964 1755 fuit
996 1725 1168 1766 extraque
1202 1731 1279 1755 eum
1313 1731 1436 1765 agrum
1468 1719 1597 1763 locum,
1634 1731 1738 1766 quem

140 1778 346 1824 decemviri,
378 1778 435 1826 qui
469 1789 514 1813 ex
546 1778 629 1824 lege
660 1778 754 1813 Livia
789 1778 872 1814 facti
906 1779 1061 1814 creative
1094 1779 1247 1823 fuerunt,
1280 1777 1500 1814 Uticensibus
1521 1778 1740 1824 reliquerunt

140 1837 438 1883 adsignaverunt:
471 1840 627 1872 ceterum
660 1847 799 1872 omnem
831 1847 954 1882 agrum
987 1837 1202 1873 metiundum
1234 1836 1477 1883 terminosque
1500 1836 1604 1873 statui
1627 1840 1738 1882 curet,

140 1896 245 1944 eique
276 1895 379 1943 operi
412 1894 505 1931 diem
539 1894 644 1940 dicat,
677 1894 735 1930 ubi
767 1895 968 1931 confectum
1000 1896 1056 1931 sit.

785 1953 896 2001 Caput
929 1953 1087 1989 XXXIX.

280 2011 499 2059 Quicumque
532 2022 598 2059 pro
632 2022 676 2047 eo
708 2023 797 2058 agro
830 2012 925 2057 1000,
959 2024 1061 2059 quem
1095 2024 1218 2058 agrum
1250 2013 1366 2048 locum
1397 2011 1581 2060 possident
1612 2011 1738 2047 fruun-

138 2076 291 2119 turque,
332 2071 510 2116 vectigal,
554 2070 717 2106 decumas
760 2070 1016 2118 scripturamve
1057 2082 1123 2119 pro
1163 2083 1296 2118 pecore
1338 2082 1383 2106 ex
1416 2071 1497 2117 iege
1530 2070 1740 2118 Sempronia

140 2131 228 2167 dare
259 2140 329 2167 non
362 2129 455 2165 soliti
488 2133 580 2174 sunt,
613 2128 670 2176 qui
703 2140 790 2175 ager
822 2129 871 2165 eis
904 2140 947 2164 ex
980 2130 1046 2165 hac
1079 2130 1160 2174 lege
1194 2130 1293 2164 datus
1327 2129 1484 2165 redditus
1507 2133 1740 2164 commutatus

140 2189 231 2234 erit,
275 2187 371 2236 quod
405 2187 481 2234 quis
515 2187 588 2222 eius
632 2187 708 2233 agri
739 2187 937 2235 possidebit
980 2188 1183 2232 srueturve,
1225 2199 1291 2235 pro
1325 2199 1370 2223 eo
1403 2198 1492 2234 agro
1535 2187 1616 2223 loco
1649 2198 1740 2222 neve

139 2247 295 2294 vectigal
329 2257 418 2282 neve
450 2245 614 2282 decumas
655 2257 746 2281 neve
787 2246 1015 2294 scripturam,
1059 2247 1155 2293 quod
1187 2250 1267 2293 post
1301 2246 1391 2282 hanc
1432 2246 1548 2292 legem
1591 2245 1740 2291 fruetur,

141 2306 227 2343 dare
260 2305 406 2342 debeto.

835 2362 946 2410 Caput
977 2362 1044 2398 XL.

282 2421 347 2466 Qui
378 2421 530 2470 populus
563 2421 672 2467 liber,
706 2420 810 2469 quive
841 2421 1019 2458 sociorum
1052 2420 1246 2457 nominisve
1278 2419 1395 2465 latini,
1427 2420 1550 2467 quibus
1582 2431 1627 2457 ex
1660 2420 1740 2457 for-

140 2481 233 2518 mula
264 2484 470 2527 togatorum
503 2480 626 2516 milites
659 2480 691 2516 in
725 2485 819 2516 terra
852 2480 949 2516 Italia
982 2479 1157 2528 imperare
1188 2479 1318 2524 solent,
1351 2490 1473 2525 agrum
1504 2479 1684 2527 publicum
1706 2479 1740 2515 in

140 2540 262 2577 Africa
291 2538 492 2588 possidebit
523 2539 728 2584 frueturve,
770 2539 797 2575 is
828 2549 894 2587 pro
927 2549 972 2574 eo
1006 2548 1096 2584 agro
1138 2537 1292 2584 vectigal
1333 2537 1499 2573 decumas
1531 2537 1741 2586 scripturam

139 2598 276 2646 populo
317 2602 377 2634 aut
418 2597 609 2645 publicano
652 2598 734 2633 item
778 2597 863 2634 dare
906 2597 1060 2642 debeto,
1103 2596 1150 2631 uti
1192 2607 1256 2643 pro
1290 2606 1334 2632 eo
1367 2607 1457 2642 agro
1489 2596 1595 2641 loco,
1637 2607 1739 2643 quem

141 2668 267 2703 agrum
297 2656 413 2693 locum
444 2656 593 2703 populus
627 2667 790 2692 romanus
823 2660 881 2692 aut
913 2667 1016 2703 quem
1060 2666 1182 2702 agrum
1217 2655 1332 2690 locum
1371 2654 1456 2691 civis
1496 2665 1661 2691 romanus
1694 2665 1740 2690 ex

140 2715 208 2751 hac
240 2715 324 2762 lege
355 2714 578 2763 possidebit,
611 2714 694 2750 dare
728 2714 923 2762 oportebit.

282 2834 318 2876 1)
344 2835 392 2869 Ita
419 2834 598 2876 Goettling.
626 2835 657 2867 in
682 2834 747 2867 tab.
776 2834 875 2878 legit:
902 2835 1031 2878 priores
1057 2833 1221 2866 editores:
1247 2833 1399 2877 oppidum
1421 2831 1541 2876 mllmy,
1568 2832 1656 2876 quod
1675 2842 1740 2875 op-

144 2880 258 2922 pidum
286 2882 398 2925 Meyar
430 2881 485 2914 vel
519 2881 651 2924 Meyaru
684 2881 933 2914 intellexerunt.
985 2879 1172 2913 Huschktus
1207 2880 1418 2913 scribendum
1454 2880 1552 2912 fuisse
1585 2880 1739 2911 coniicit:

144 2926 222 2959 ubei
257 2929 417 2971 oppidum
451 2928 619 2971 Carthago
655 2928 733 2968 fuit3
767 2928 843 2961 vel:
879 2928 934 2960 ubi
969 2926 1006 2960 Ο.
1033 2926 1068 2961 C.
1101 2927 1279 2970 (oppidum
1312 2924 1495 2969 Carthago)
1529 2927 1626 2959 situm
1660 2925 1739 2966 fuit3

146 2973 199 3006 cui
224 2975 363 3017 quidem
388 2977 603 3009 coniecturae
633 2973 753 3008 Goettl.
782 2974 1012 3019 adstipulatur.
1041 2991 1080 2996 —
1107 2973 1146 3016 2)
1172 2973 1300 3007 tabula:
1330 2974 1392 3006 nei.
