1877 3313
198 176 283 220 428
676 174 778 212 Inscr.
802 177 969 221 privatae.
1019 174 1099 220 Cap.
1124 174 1149 209 Ι.
1196 174 1306 209 Tituli.

341 283 461 320 1899.
522 280 668 323 Paulini
700 279 975 323 diabsoricum.
1007 302 1064 310 ·—-
1094 280 1219 322 Pulini
1248 280 1327 321 teni
1357 280 1514 334 pniclm.
1546 303 1602 311 —-
1631 283 1670 321 In
1697 284 1791 321 duo-

198 344 260 379 bus
301 343 470 380 lateribus
513 343 620 390 lapilli
663 343 822 390 quadrati
865 337 923 393 [in
965 342 1083 390 lapide
1123 341 1294 388 sigillario
1347 342 1474 378 medici
1523 338 1695 394 ocularii)
1736 364 1792 369 --

198 401 350 438 Parisiis.
381 401 567 438 Duchalais
600 401 853 438 Observations
885 412 945 436 sur
975 401 1026 436 les
1059 401 1202 437 cachets
1235 401 1301 438 des
1327 400 1494 437 medicius
1527 400 1693 436 oeulistes
1725 413 1791 438 an-

198 460 293 496 ciens
326 471 344 494 a
377 470 510 507 propos
554 459 598 494 de
641 460 731 507 cinq.
762 460 898 507 pierres
938 459 1101 496 ineditas.
1142 453 1356 510 (Memoires
1398 459 1460 495 des
1502 459 1715 506 antiquaires
1748 461 1792 496 de

197 519 339 555 France.
371 518 545 554 Nouvelle
577 517 679 554 serie.
711 519 809 555 Toni.
842 518 934 553 VIII.
963 529 997 565 p.
1034 511 1154 568 194).

341 593 462 630 1900.
523 590 694 632 Catulus.
727 614 782 620 ——
814 594 851 629 Iu
892 592 1016 641 puerili
1057 593 1163 630 bulla.
1205 592 1370 630 Ficoron.
1411 592 1511 629 Delia
1554 592 1651 630 bolla
1690 604 1723 641 p.
1757 593 1792 630 6.

196 653 303 689 More.
336 653 411 688 Stil.
444 652 524 688 Vol.
556 661 582 697 1.
614 665 647 700 p.
679 652 777 688 409.

342 727 464 766 1901.
525 726 727 766 Ianuarius
760 725 882 776 dicor,
914 736 1056 765 servus
1089 736 1175 765 sum
1208 724 1346 764 Dextri
1370 724 1592 778 exceptoris
1619 728 1792 776 senatus,

198 784 263 837 qui
295 788 425 824 manet
456 784 494 824 in
525 784 690 838 regione
723 784 852 835 quinta
884 783 922 822 in
954 795 1047 823 area
1078 782 1234 823 Macari.
1269 807 1323 812 —
1356 786 1393 821 In
1424 786 1549 822 lamina
1581 797 1684 822 aerea
1715 786 1791 822 Ro-

198 857 274 882 mae
305 849 449 893 reperta
481 845 581 881 Fabr.
612 857 645 892 p.
680 844 771 880 522.
806 844 911 880 Orell.
947 843 1069 880 2831.
1101 845 1209 880 More.
1243 844 1307 892 Op.
1338 844 1379 880 ΙΙ.
1413 844 1507 880 216.

338 920 458 956 1902.
520 916 628 958 Clodi
659 917 964 970 I-Iermogeniani
995 917 1040 957 V.
1075 917 1115 957 C.
1163 917 1223 958 Ex
1253 917 1457 970 praefecto
1488 917 1574 958 urbi
1603 916 1651 957 de
1677 918 1792 959 horto

196 977 319 1030 ipsius
351 989 450 1017 sunl.
488 999 536 1004 —
570 979 607 1015 In
640 979 781 1016 lamella
814 979 956 1015 collaris
989 978 1113 1015 canini.
1147 978 1237 1014 Matr.
1270 979 1353 1014 Mus.
1386 979 1469 1016 Ver.
1500 991 1535 1027 p.
1563 977 1656 1016 311.
1685 979 1791 1016 More.

197 1038 261 1087 Op.
296 1038 337 1074 II.
371 1037 466 1074 217.

338 1113 458 1150 1903.
518 1110 577 1150 De
619 1110 733 1151 horto
776 1110 899 1150 Olibri
940 1111 985 1150 V.
1031 1110 1070 1150 C.
1118 1122 1202 1150 sum
1234 1109 1424 1150 Praefecti
1455 1110 1644 1151 Praetori.
1705 1110 1793 1151 Noli

194 1182 256 1210 me
287 1175 448 1219 tener-eg
481 1181 559 1211 non
591 1169 659 1209 tibi
691 1168 862 1223 expedit.
895 1191 948 1196 ——
980 1171 1018 1208 Iu
1050 1171 1151 1208 simili
1183 1172 1331 1209 lamella.
1363 1172 1453 1208 Matr.
1487 1171 1528 1208 Μ.
1551 1172 1594 1208 V.
1623 1176 1658 1208 et
1683 1172 1791 1209 lllorc.

195 1232 260 1280 ep.
293 1231 333 1267 11.
367 1232 400 1267 ιι.
432 1232 464 1267 ιι.

339 1306 459 1342 1904.
521 1304 629 1344 Tene
660 1315 723 1343 me
756 1314 806 1343 ne
847 1302 994 1356 fugiam
1035 1307 1074 1343 et
1104 1315 1251 1343 revoca
1282 1315 1345 1344 me
1377 1303 1416 1343 in
1447 1302 1536 1344 foro
1569 1303 1723 1344 Traiani
1754 1304 1793 1344 in

193 1363 447 1415 Purpuretica
478 1361 527 1403 ad
558 1362 780 1403 Pascasium
813 1361 1011 1402 dominum
1043 1373 1184 1402 meum.
1216 1385 1272 1391 —-
1303 1365 1342 1401 In
1374 1364 1511 1401 lamella
1543 1375 1659 1402 aerea.
1690 1365 1792 1402 Fabr.

192 1437 225 1473 p.
259 1424 352 1460 366.
384 1424 492 1460 Orell.
529 1423 648 1460 1832.

339 1499 459 1536 1905.
519 1496 669 1537 Celeris
702 1497 748 1544 Q.
782 1495 899 1537 Grani
930 1496 1035 1537 Veri.
1069 1508 1147 1537 ser.
1175 1519 1228 1525 —
1255 1499 1293 1535 ln
1319 1499 1566 1536 semiustulato
1588 1499 1670 1549 pani
1696 1500 1790 1537 Her-

194 1558 308 1595 culani
340 1558 484 1595 effosso.
531 1558 722 1594 Mommsen
756 1552 1063 1608 (Epigraphische
1095 1558 1257 1594 Analect.
1290 1557 1452 1594 Berichte
1485 1559 1573 1594 iiber
1605 1559 1662 1595 die
1694 1559 1789 1595 Ver-

193 1617 311 1654 liaudl.
344 1617 376 1653 d.
409 1617 522 1653 stichs.
555 1616 635 1653 Ges.
668 1617 699 1652 d.
731 1615 840 1651 Wiss.
873 1616 993 1651 Philol.
1027 1615 1105 1652 hist.
1138 1616 1188 1652 CI.
1210 1615 1234 1651 I.
1257 1627 1290 1663 p.
1314 1610 1436 1666 287.)
1462 1616 1594 1664 primus
1620 1616 1666 1653 ita
1693 1617 1794 1664 legit.

194 1675 288 1712 Gori.
321 1675 443 1721 Symb.
476 1676 560 1711 Dec.
591 1675 634 1711 II.
665 1674 746 1711 Vol.
777 1674 820 1710 II.
851 1685 885 1721 p.
920 1673 1010 1710 139.
1044 1674 1134 1710 male
1166 1674 1216 1710 sic
1247 1675 1407 1720 legerat:
1439 1675 1562 1721 Seligo
1596 1675 1633 1711 C.
1676 1675 1794 1712 Granii

193 1745 213 1769 e
245 1734 383 1780 cicere,
427 1745 529 1781 quem
572 1733 711 1780 quidem
754 1735 949 1779 sequuntur
990 1732 1084 1768 Oret.
1128 1732 1250 1768 3314.
1293 1732 1369 1769 Gell
1411 1732 1635 1780 Pompeiana.
1673 1733 1793 1771 1821.

719 1946 756 1983 ,552
788 1940 823 1978 4.
886 1942 929 1977 In
960 1941 1053 1977 artis
1086 1940 1265 1988 operibus.

335 2058 456 2097 1906.
516 2055 666 2097 Novios
696 2056 870 2097 Plautius
902 2055 991 2096 med
1022 2055 1157 2096 Romai
1189 2055 1303 2107 fecid,
1335 2055 1472 2097 DIndia
1495 2055 1685 2098 Maeolnia
1706 2057 1794 2098 filea

192 2114 311 2156 dedit.
344 2138 399 2144 —-
431 2118 470 2154 In
502 2117 590 2154 cista
623 2128 732 2153 aenea
765 2117 874 2153 musei
906 2117 1064 2153 Kircher.
1106 2116 1242 2153 Urlichs
1275 2117 1366 2165 apud
1400 2118 1551 2154 Platner.
1583 2118 1726 2155 Beschr.
1760 2119 1791 2155 d.

191 2178 243 2212 St.
275 2177 373 2213 Rom.
406 2177 464 2213 III.
499 2176 533 2213 3.
566 2188 598 2224 p.
632 2176 727 2212 485.
769 2176 807 2211 E.
841 2175 881 2212 Ο.
914 2175 1036 2211 Mulier
1079 2174 1214 2211 Handb.
1249 2176 1280 2212 d.
1313 2176 1501 2212 Archaeol.
1534 2189 1566 2224 p.
1604 2175 1696 2213 189.
1728 2177 1791 2214 Ed.

192 2235 382 2271 Welcker.

336 2308 458 2348 1907.
519 2306 694 2361 Ingenui.
731 2329 779 2335 --
813 2310 851 2346 In
882 2310 987 2358 signo
1029 2309 1214 2356 Mercurii,
1256 2321 1386 2347 nomen
1431 2310 1585 2348 artificis.
1630 2310 1791 2349 Visconti

193 2369 279 2406 Mus.
311 2369 419 2406 Piocl.
451 2370 488 2405 Τ.
522 2369 578 2405 III.
612 2381 645 2417 p.
681 2368 772 2405 195.

337 2445 457 2481 1908.
518 2442 692 2496 Diphilos
735 2446 888 2495 poetes.
922 2464 977 2471 —-—-
1009 2443 1157 2482 Tusculi.
1198 2444 1235 2480 In
1275 2444 1351 2481 basi
1395 2449 1532 2482 statuae
1574 2445 1791 2494 deperditae.
1870 2430 1877 2499 J.

196 2504 310 2550 Nibby
344 2503 475 2550 vtagg.
507 2503 548 2539 11.
582 2516 613 2551 p.
649 2503 714 2540 37.
747 2503 842 2539 Oret.
878 2502 998 2539 1163.

337 2578 457 2615 1909.
518 2577 568 2617 Μ.
601 2577 757 2617 Mettius
788 2575 1078 2629 Epaphroditus
1100 2576 1376 2630 grammaticus
1398 2588 1580 2630 graecus.
1613 2575 1663 2616 M.
1685 2575 1791 2616 Met-

195 2635 270 2675 tius
304 2634 521 2676 Germanus
554 2634 594 2674 L.
627 2634 700 2675 fec.
723 2632 758 2688 ¹]
793 2659 846 2663 ——
879 2638 1030 2683 Romae,
1071 2638 1136 2674 sub
1168 2641 1281 2674 statua
1324 2636 1388 2673 viri
1419 2637 1586 2674 sedentis.
1628 2637 1724 2674 Grut.
1757 2649 1790 2685 p.

196 2697 289 2733 (553.
323 2696 418 2732 Orel.
455 2694 574 2731 1198.

338 2770 460 2807 1910.
522 2767 723 2809 Constanti
752 2767 944 2809 Barbatus
977 2765 1274 2823 Germanus&
1296 2790 1350 2797 —-
1375 2771 1413 2808 Iu
1445 2771 1560 2808 tabula
1592 2781 1790 2808 marmorea

205 2961 210 2964 μ
336 2918 371 2960 1)
405 2920 543 2953 libertus
576 2920 665 2954 fecit.
702 2938 744 2942 —
775 2918 812 2962 2)
846 2919 1028 2955 Constantii
1062 2918 1218 2965 (aurigae
1251 2919 1358 2964 puta).
1406 2920 1584 2961 Barbatus,
1618 2920 1790 2955 Germalus

197 2963 289 3005 (sort.
317 2965 500 3008 legendum
525 2967 670 3001 Brunnio
690 2973 834 3012 *auctore
864 2968 1053 3001 Get-marius
1078 2968 1133 3001 vel
1162 2966 1361 3010 Germanus)
1387 2978 1551 3012 equorum
1577 2970 1721 3002 nomina.
