1877 3313
100 131 185 176 134
478 130 581 165 Inscr.
607 140 736 166 sacrae.
784 129 868 178 Cap.
891 130 949 167 111.
998 131 1098 166 Tituli
1122 131 1339 177 sepulcralem

97 250 218 292 quom
250 236 419 279 omnium
458 236 649 279 bonarum
679 235 908 280 feminarum
949 237 1119 292 simplex
1157 237 1372 291 similisque
1403 249 1495 280 esse
1525 237 1696 280 laudatio

98 297 247 347 soleat,
280 294 387 347 quod
418 295 606 336 naturalia
635 295 738 336 hona
768 297 931 351 propria
962 295 1139 338 custodia
1170 302 1328 338 servata
1360 297 1570 339 varietates
1599 309 1699 338 ver-

97 356 237 395 borum
268 365 347 394 non
379 352 626 405 desiderant,
667 355 843 408 satisque
885 357 935 397 sit
975 354 1113 396 eadem
1145 367 1283 396 omnes
1315 356 1418 396 bona
1449 355 1550 396 fama
1580 355 1698 409 digna

97 413 266 463 fecisse,
306 415 347 452 et
387 412 477 463 quia
517 412 730 465 adquirere
770 426 895 456 novas
926 413 1064 455 laudes
1095 414 1247 454 mulieri
1278 414 1328 455 sit
1357 413 1546 465 arduom,
1579 426 1697 467 quom

96 470 315 511 minoribus
347 470 600 511 varietatibus
630 471 709 512 vita
734 473 934 525 jactetur,
974 473 1202 514 necessario
1245 472 1466 515 communia
1496 485 1588 514 esse
1621 485 1697 515 co-

96 527 228 581 lenda,
259 541 310 568 ne
342 528 448 581 quod
479 530 665 571 amissum
698 542 750 570 ex
779 531 893 572 iustis
924 531 1172 585 praecepteis
1205 536 1339 572 cetera
1363 535 1507 585 turpet,
1539 544 1588 572 eo
1610 545 1697 572 ma·-

96 588 221 628 iorem
251 585 408 628 laudem
441 588 612 629 omnium
644 589 844 630 carissima
875 590 966 630 mihi
998 595 1122 631 mater
1152 590 1315 640 meruit,
1355 589 1461 642 quod
1491 589 1699 642 modestia,

95 645 308 699 probitate,
339 645 537 699 pudicitia,
569 647 776 701 obsequio,
807 647 989 700 lanificio,
1021 648 1242 702 diligentia,
1272 648 1349 688 fide
1380 661 1452 702 par
1482 649 1698 701 similisque

96 704 268 745 cetereis
308 704 468 758 probeis
499 704 652 747 feminis
683 706 775 754 fuit,
816 719 947 760 neque
978 706 1047 748 ulli
1079 708 1199 748 cessit
1229 707 1406 759 virtutis,
1436 706 1598 758 laboris,
1628 719 1699 747 sa-

95 762 268 815 pientiae
301 759 552 818 [laude]....
584 764 835 819 praecipuam
867 770 933 806 aut
961 770 1164 806 certo....
1200 788 1250 794 —-
1283 769 1323 805 In
1345 768 1462 805 tabula
1487 779 1698 806 marmorea.

95 823 167 860 Fea
196 822 232 860 in
265 823 563 863 winckelmannn
594 826 711 864 Storia
743 825 825 864 dell'
856 831 944 864 arte.
974 827 1031 864 111.
1064 839 1096 876 p.
1131 827 1226 865 202.
1272 826 1368 864 Orel.
1400 827 1525 864 4860.
1572 827 1699 875 Egger

96 881 280 931 Reliquiae
311 895 345 932 p.
379 882 473 921 322.
