1877 3313
83 135 170 178 280
533 129 640 165 Inscr.
662 129 836 174 profanae.
885 127 1035 173 Cap.11.
1083 127 1240 164 Tabulae.

82 244 188 283 inter
218 236 454 293 peregrinos
484 236 547 278 ius
579 236 729 288 deicet,
760 237 800 278 in
833 237 920 277 albo
951 236 1192 288 propositam
1223 235 1363 287 habet,
1393 234 1435 276 L.
1465 234 1556 277 Seio
1586 235 1681 278 satis

85 299 282 348 dedisset,
322 301 400 337 tum
433 308 470 349 q.
503 309 539 349 q.
572 307 662 335 eum
694 296 740 344 Q.
773 295 961 336 Licinium
1004 306 1057 333 ex
1087 306 1134 334 ea
1164 294 1415 346 stipulatione
1445 294 1488 335 L.
1521 295 1612 336 Seio
1644 295 1681 335 d.

84 357 112 398 f.
144 359 348 409 oporteret
379 366 431 394 ex
461 353 488 394 f.
520 355 556 393 b.
590 352 629 393 d.
661 352 689 394 f.
721 365 755 392 e.
788 354 812 393 i.
847 353 891 400 Q.
925 352 1115 392 Licinium
1135 349 1171 406 ¹)
1212 352 1255 392 L.
1287 353 1402 401 Scio,
1433 354 1492 392 sei
1523 365 1576 393 ex
1605 353 1682 393 ἀε-

84 419 196 456 creto
227 413 341 454 IIvir.
373 412 519 453 Illlvir.
551 411 674 464 praef.
705 424 757 452 ve
797 411 1053 461 Mutinensis,
1094 410 1198 463 quod
1231 411 1316 451 eius
1357 412 1390 450 is
1422 410 1451 449 ΙΙ
1463 411 1523 451 vir
1550 410 1684 451 llllvir

83 471 276 527 praefec.,
309 484 362 511 ex
393 471 483 523 lege
513 470 658 510 Rubria
689 470 799 510 seive
831 469 870 508 id
901 469 951 521 pl.
983 481 1033 507 ve
1063 481 1119 509 sc,
1153 473 1227 519 est,
1258 468 1505 519 decreverit,
1537 468 1582 516 Q.
1613 468 1685 509 Li-

84 532 233 581 cinius,
276 541 325 570 eo
358 529 516 570 nomine
549 540 585 581 q.
619 528 654 568 d.
686 540 717 567 r.
749 540 809 577 a.,
848 526 892 567 L.
923 526 1039 577 Seio,
1078 526 1230 566 damnei
1260 526 1423 568 infectei
1453 527 1548 567 satis
1590 526 1685 567 dare

83 589 231 638 noluit,
269 601 302 627 c.
344 599 377 628 s.
408 599 446 627 n.
489 599 526 639 p.
567 599 601 626 a.
633 586 734 626 Dum
765 585 796 625 Il
810 585 868 624 vir
907 585 1041 625 IIIIvir
1078 585 1100 624 i.
1135 584 1171 625 ἀ.
1203 584 1376 637 praefec.
1420 598 1483 625 ve.
1515 584 1552 625 d.
1585 597 1619 624 e.
1651 597 1684 625 r.

82 649 144 688 ius
174 648 227 687 ita
259 645 389 686 deicet
420 649 605 695 curetve,
645 645 726 685 utei
759 655 804 683 ea
836 644 994 684 nomina
1025 648 1066 682 et
1097 643 1346 695 municipium
1379 643 1532 685 colonia
1561 643 1687 691 locus,

82 707 124 747 in
156 717 205 746 eo
237 704 405 754 iudicio,
449 703 555 755 quod
587 714 639 742 ex
668 703 761 752 ieis,
803 713 904 753 quae
945 712 1139 753 proxume
1179 713 1211 741 s.
1243 714 1300 752 s.,
1339 702 1580 755 accipientur
1618 702 1687 741 in-

84 763 297 805 cludentur
347 762 642 814 concipiantur,
696 771 796 812 quae
837 758 1009 799 includei
1052 759 1232 812 concipei
1273 772 1306 800 s.
1349 759 1386 800 d.
1427 773 1477 800 in.
1519 764 1688 813 oporte-

83 827 170 873 ret,
213 821 447 871 dcbebitve,
490 831 541 859 ne
583 818 673 871 quid
716 819 776 868 ei,
820 818 911 870 quei
954 817 989 856 d.
1023 830 1058 857 ε.
1091 831 1122 857 r.
1156 823 1250 871 aget
1279 823 1461 870 petetve,
1494 818 1689 871 captionei

85 881 136 922 ob
169 892 204 920 e.
237 893 270 919 r.
302 883 367 919 aut
402 891 451 918 eo
483 878 641 918 nomine
674 888 764 917 esse
795 877 932 928 possit.
966 875 1089 915 Neive
1112 887 1159 916 ea
1190 879 1358 924 nomina,
1391 889 1466 929 qua
1481 874 1523 931 2)
1554 877 1593 916 in
1616 889 1689 916 ea-

83 951 172 980 rum
205 950 280 990 qua
311 937 482 977 formula
523 949 624 988 quae
656 947 688 975 s.
720 947 752 974 s.
785 947 844 984 s.‚
885 938 951 974 aut
981 934 1151 984 Mutina,
1192 935 1230 973 in
1263 946 1312 974 eo
1343 935 1488 975 iudicio
1520 933 1688 975 includei

85 997 266 1048 concipei
298 1000 424 1046 curet,
455 995 556 1035 nisei
587 994 637 1033 iei
670 1005 770 1045 quos
803 993 905 1031 inter
936 991 973 1030 id
1006 991 1189 1031 iudicium
1208 993 1422 1044 accipietur
1442 993 1566 1032 leisve
1588 1005 1689 1032 con-

84 1055 317 1104 testabitur,
352 1054 427 1094 ieis
460 1053 685 1094 nominibus
717 1050 886 1099 fuerint,
919 1061 1021 1103 quae
1052 1049 1090 1088 in
1123 1062 1258 1089 earum
1291 1061 1366 1101 qua
1396 1050 1562 1090 formula
1593 1063 1624 1090 s.
1657 1063 1688 1091 s.

85 1118 174 1165 est,
213 1117 254 1153 et
293 1112 394 1153 nisei
434 1111 494 1151 sei
534 1111 706 1151 Mutinae
747 1121 795 1148 ea
835 1120 901 1147 res
943 1111 1099 1160 agetur.
1161 1107 1285 1147 Neive
1317 1109 1402 1160 quis
1434 1121 1535 1162 mag.
1566 1121 1691 1161 prove

84 1184 204 1225 mag„
236 1171 353 1211 neive
385 1170 474 1222 quis
506 1181 579 1222 pro
612 1180 690 1220 quo
722 1166 889 1219 imperio
911 1170 1158 1218 potestateve
1181 1167 1267 1215 crit,
1299 1166 1550 1217 intercedito,
1575 1168 1692 1206 neive

87 1229 184 1282 quid
215 1229 322 1271 aliud
352 1227 487 1279 facito,
519 1238 597 1279 quo
629 1226 757 1266 minus
789 1225 825 1265 d.
851 1237 885 1264 e.
908 1236 940 1263 r.
974 1225 1025 1264 ita
1057 1223 1241 1264 iudicium
1267 1224 1383 1265 detur
1402 1224 1690 1278 iudiceturque.

227 1369 264 1411 A
296 1381 539 1423 quoquomq.
580 1367 749 1421 pecunia
792 1369 901 1405 certa
943 1363 1115 1413 credita,
1156 1364 1313 1418 signata
1353 1364 1477 1406 forma
1507 1377 1544 1418 p.
1575 1377 1613 1419 p.
1645 1377 1693 1417 r.,

88 1513 223 1548 Romae
255 1511 346 1547 inter
378 1508 592 1558 peregrinos
624 1508 674 1544 ius
708 1507 816 1552 dicet,
847 1506 880 1542 in
914 1505 997 1541 albo
1028 1505 1248 1553 propositam
1280 1508 1400 1553 habet,
1432 1507 1466 1543 L.
1499 1507 1582 1545 Seio
1611 1508 1694 1544 satis

88 1570 267 1615 dedisset,
299 1573 394 1614 tum,
425 1567 594 1616 quidquid
627 1578 705 1602 eum
738 1565 778 1608 Q.
810 1563 979 1600 Licinium
1011 1576 1056 1599 ex
1089 1576 1130 1600 ea
1162 1564 1391 1612 stipulatione
1422 1566 1457 1602 L.
1489 1566 1575 1603 Seio
1607 1566 1694 1603 dare

86 1629 209 1666 facere
241 1631 429 1676 oporteret
460 1637 505 1662 ex
538 1625 607 1661 fide
639 1625 745 1668 bona,
778 1623 863 1659 dare
896 1622 1016 1658 facere
1049 1634 1126 1658 eum
1159 1623 1238 1659 iube
1273 1623 1312 1667 Q.
1346 1623 1512 1660 Licinium
1533 1625 1568 1661 L.
1592 1625 1691 1671 Seio,

87 1687 117 1724 si
148 1698 194 1723 ex
227 1686 375 1722 decreto
408 1683 602 1728 Duumuiri,
635 1681 874 1726 Quatuoruiri,
907 1681 1131 1717 Praefectiue
1162 1681 1389 1726 Mutinensis,
1430 1683 1526 1730 quod
1559 1683 1632 1719 eius
1663 1683 1691 1719 is

86 1744 278 1790 Duumuir,
312 1743 551 1788 Quatuoruir,
583 1741 805 1786 Praefectus,
837 1751 883 1775 ex
914 1739 1011 1786 Lege
1042 1739 1170 1775 Rubria
1203 1740 1276 1776 siue
1307 1740 1343 1776 id
1375 1740 1536 1778 Plebisue
1568 1742 1692 1778 scitum

87 1808 158 1849 est,
191 1802 420 1847 decreuerit,
453 1801 492 1845 Q.
523 1799 687 1843 Licinius,
720 1810 765 1834 eo
797 1798 951 1842 nomine,
985 1809 1050 1844 qua
1085 1798 1128 1833 de
1161 1809 1199 1834 re
1232 1798 1361 1845 agitur,
1391 1799 1426 1835 L.
1458 1799 1543 1836 Seio
1576 1799 1692 1837 damni

86 1861 210 1899 iniecti
241 1861 415 1897 satisdare
445 1859 558 1896 noluit
589 1858 814 1901 Condemua3
847 1856 874 1891 si
908 1867 977 1892 non
1010 1861 1132 1903 paret,
1166 1854 1363 1893 Absolve.“

227 1919 315 1956 Dum
348 1918 543 1963 Duumuir,
578 1915 791 1960 Quatuoruir
821 1914 889 1950 luri
922 1914 1097 1959 Dicundo,
1129 1915 1382 1952 Praefectusue
1416 1915 1460 1952 de
1493 1927 1534 1952 ea
1565 1927 1605 1952 re
1636 1916 1689 1953 ius

87 1978 136 2014 ita
170 1977 278 2023 dicat,
312 1982 473 2021 curetue,
505 1975 555 2012 uti
589 1987 629 2011 ea
662 1974 800 2010 nomina
834 1977 870 2008 et
902 1972 1138 2020 municipium,
1171 1974 1325 2019 colonia,
1356 1975 1469 2021 locus,
1500 1975 1532 2011 in
1565 1986 1610 2012 eo
1632 1975 1690 2011 iu-

89 2036 205 2082 dicio,
239 2037 336 2083 quod
368 2048 414 2072 ex
446 2035 510 2080 iis,
557 2045 646 2081 quae
677 2032 841 2080 proxime
873 2031 1004 2078 scripta
1037 2035 1136 2075 sunt,
1177 2032 1415 2079 accipiantur,
1456 2033 1691 2080 includantur,

88 2094 356 2143 concipiantur,
389 2106 480 2141 quae
523 2091 678 2136 includi,
721 2089 860 2138 concipi
893 2090 967 2125 siue
1000 2089 1084 2124 dolo
1117 2090 1208 2125 malo
1240 2090 1443 2137 oportebit,
1486 2091 1690 2138 debebilue,

87 2165 133 2190 ne
166 2153 248 2200 quid
281 2153 337 2199 ei,
370 2153 427 2200 qui
459 2152 504 2188 de
535 2163 577 2187 ea
609 2161 648 2185 re
680 2153 787 2196 aget,
828 2152 996 2196 petetue,
1038 2147 1192 2195 captioni
1226 2149 1272 2184 ob
1305 2160 1381 2184 cam
1405 2160 1511 2201 ¹rem,
1553 2154 1613 2187 aut
1645 2161 1689 2187 eo

86 2211 254 2256 nomine,
287 2223 366 2247 esse
398 2211 522 2259 possit.

230 2271 327 2306 Neue
360 2281 403 2306 ea
436 2269 601 2312 nomina,
644 2278 711 2314 qua
742 2266 775 2302 in
819 2277 940 2302 earum
980 2276 1048 2312 qua
1090 2264 1238 2300 formula
1281 2277 1371 2312 quae
1413 2277 1518 2314 supra
1559 2266 1690 2315 scripta

89 2332 194 2374 sunt,
227 2333 286 2364 aut
317 2327 471 2373 Mutina,
503 2328 536 2363 iu
569 2337 613 2362 eo
646 2324 775 2361 iudicio
806 2323 963 2368 includi,
995 2322 1135 2370 concipi
1168 2327 1282 2368 curet,
1314 2323 1380 2359 nisi
1411 2323 1446 2369 ii,
1478 2336 1566 2371 quos
1598 2325 1691 2362 inter

87 2387 124 2423 id
155 2386 319 2423 iudicium
351 2385 568 2433 accipietur,
610 2384 696 2420 lisue
729 2382 1008 2426 contestabitur,
1050 2380 1088 2417 iis
1120 2381 1317 2417 nominibus
1351 2381 1501 2427 fuerint,
1535 2394 1625 2429 quae
1656 2384 1689 2420 in

89 2456 210 2482 earum
243 2457 312 2493 qua
344 2445 498 2481 formula
530 2454 636 2490 supra
667 2441 800 2489 scripta
833 2436 979 2493 (sunt,]
1013 2443 1049 2475 et
1079 2438 1142 2475 nisi
1173 2438 1201 2474 si
1233 2439 1383 2475 Mutinae
1405 2451 1448 2476 ea
1468 2451 1525 2476 res
1550 2445 1689 2487 agetur.

229 2504 327 2540 Neue
358 2503 434 2550 quis
467 2502 704 2549 Magistratus,
736 2499 1077 2545 Prouemagistratu,
1109 2508 1199 2533 neue
1232 2497 1321 2544 quis,
1351 2509 1417 2545 pro
1445 2509 1517 2545 quo
1540 2498 1688 2546 imperio

89 2566 319 2611 potestateue
351 2561 436 2605 erit,
467 2559 694 2604 intercedite,
726 2570 817 2595 neue
850 2558 934 2605 quid
967 2556 1058 2593 aliud
1091 2556 1219 2602 facito,
1251 2567 1322 2603 quo
1355 2556 1466 2593 minus
1498 2557 1543 2593 de
1576 2568 1617 2594 ea
1649 2569 1689 2594 re

89 2621 138 2658 ita
168 2620 331 2658 iudicium
363 2619 466 2656 detur
497 2618 757 2665 iudiceturque.

845 2686 937 2723 XXI.

231 2760 262 2798 A
294 2770 506 2809 quocunque
541 2758 690 2808 pecunia
723 2761 820 2795 certa
853 2756 1010 2803 credita,
1051 2756 1187 2804 signata
1230 2756 1343 2793 forma
1383 2755 1523 2804 publica
1562 2755 1687 2804 Populi

235 2925 271 2969 1)
297 2927 424 2962 Tabula
449 2926 608 2961 mendose
634 2926 783 2960 Licinius
807 2936 887 2970 pro:
923 2924 961 2965 Q.
986 2924 1162 2959 Licinium.
1188 2940 1231 2948 -—
1257 2920 1295 2966 2)
1321 2923 1369 2957 sic
1393 2921 1461 2957 tab.
1488 2931 1568 2966 pro:
1591 2932 1686 2965 quae.
