1877 3313
109 163 195 208 376
558 158 664 195 Inscr.
691 159 862 205 profanae.
910 158 990 204 Cap.
1015 157 1054 193 11.
1104 157 1262 193 Tabulae.

249 270 294 317 Q.
326 267 475 309 Licinio
509 265 728 319 Graniano,
767 266 810 308 L.
842 266 999 308 Minicio
1030 265 1157 307 Natali
1187 265 1287 307 Cos.
1306 296 1343 306 ..
1376 265 1500 309 Sorae
1530 265 1570 308 in
1597 265 1712 312 basi-2:

109 330 181 372 lica
213 327 326 369 Caes.

250 385 377 428 Scrib.
411 383 487 426 adf.
520 385 571 425 M.
604 384 737 426 Vibius
769 383 932 433 Auctor,
963 383 1010 424 A.
1041 384 1247 425 Iustuleius
1277 383 1434 436 Balbus,
1464 383 1516 425 M.
1547 384 1712 426 Tossius

108 444 340 496 Marcellus,
373 443 413 484 C.
446 443 627 484 Albinius
657 444 880 497 Ingenuus,
914 442 955 482 C.
987 442 1107 483 Iulius
1141 443 1333 483 Clemens.

251 502 364 552 Quod
395 502 442 543 A.
475 502 694 543 Lucernius
727 502 956 552 Decrianus,
987 500 1030 541 L.
1055 501 1202 542 Tullius
1225 500 1385 542 Cerialis
1406 500 1436 542 ΙΙ
1457 501 1515 542 vir
1547 501 1592 542 V.
1613 501 1655 542 F.
1669 500 1711 556 4]

111 563 161 604 de
190 562 220 603 II
251 563 337 603 viro
371 561 620 613 Quinquenn.
651 561 690 600 in
722 573 833 613 prox.
866 572 1008 599 annum
1040 559 1124 600 fieri
1146 560 1319 613 placere,
1351 560 1400 601 M.
1423 560 1579 601 Vibium
1602 559 1713 601 Auc-

110 627 239 663 torem
269 620 386 661 multa
419 619 468 659 de
499 619 543 660 R.
576 620 616 660 P.
658 623 896 670 merentem,
938 618 987 658 ob
1029 622 1105 658 tam
1144 620 1350 672 egregium
1391 619 1474 659 eius
1515 617 1714 659 adfectum

110 679 255 722 cotidie
285 678 628 731 excogitantisque
669 677 877 718 admodum
919 677 991 717 col.
1033 676 1080 716 N.
1098 674 1138 730 2)
1182 676 1369 718 beneficis
1410 678 1493 718 suis
1525 677 1710 727 honoret;

112 739 284 780 omnium
316 737 622 790 suffragantibus
662 737 777 776 votis.
825 759 881 765 —
924 738 1054 774 Tabula
1097 749 1295 775 marmorea
1339 739 1381 774 ab
1415 743 1569 786 utroque
1600 739 1714 775 latere

112 801 250 846 fracta,
290 799 337 836 ita
371 802 408 834 ut
438 798 574 846 primae
606 798 791 835 columnae
823 797 961 833 nonnisi
994 797 1133 833 lacerae
1167 796 1334 844 reliquiae
1366 797 1567 846 supersint,
1610 797 1715 834 tertia

113 859 276 896 columna
305 858 412 906 plane
445 856 631 893 interierit.
668 857 822 904 Reperta
854 860 907 891 est
939 856 1101 903 proxime
1133 856 1381 904 praeterlapso
1410 856 1532 892 seculo
1559 860 1714 892 exeunte

112 918 147 954 in
179 927 269 963 agro
300 916 532 962 Fregellensi,
564 915 659 951 edita
692 927 709 950 a
743 915 861 960 Cayro
895 908 1020 965 (Sulla
1049 914 1131 951 cittii
1159 914 1193 950 di
1214 914 1380 961 Fregelli.
1428 914 1566 962 Napoli.
1593 913 1715 951 1795.

111 989 146 1024 p.
179 969 270 1026 84.)
303 979 339 1011 et
369 974 515 1011 Pistillio
548 968 666 1025 [Citta
688 974 738 1010 sui
771 972 864 1008 liumi
895 973 963 1009 Liri
996 984 1016 1008 e
1047 973 1211 1009 Fibreno.
1243 973 1367 1021 Napoli
1405 972 1526 1009 1798.
1559 985 1593 1021 p.
1621 968 1715 1023 96.)

112 1034 344 1071 Mommsenio
377 1028 564 1084 (Bultetin.
596 1033 689 1069 areli.
726 1032 847 1068 1846.
881 1044 914 1079 p.
948 1025 1051 1082 42);
1094 1036 1297 1068 asservatur
1337 1031 1485 1080 Neapoli
1527 1031 1560 1068 iu
1591 1032 1715 1068 Museo

112 1092 329 1129 Borbonico.
389 1093 444 1128 Ex
474 1091 691 1128 Mommsenii
722 1090 927 1127 coniectura
959 1090 1130 1126 credibile
1171 1095 1244 1135 est,
1285 1090 1395 1138 prima
1428 1090 1589 1127 columna
1622 1102 1715 1127 con-

113 1151 217 1188 tineri
249 1151 430 1188 decretum
462 1150 675 1198 primarium,
708 1161 778 1196 quo
810 1149 853 1184 Μ.
888 1149 991 1185 Vibio
1026 1149 1175 1185 Auctori
1213 1149 1330 1185 tabula
1362 1153 1570 1197 patronatus
1601 1149 1715 1186 osser-

114 1215 170 1246 tur
201 1210 248 1247 ob
279 1210 404 1246 merita
437 1209 575 1245 duobus
606 1208 772 1244 subnexis
806 1207 958 1243 decretis
991 1213 1282 1253 commemorata,
1313 1219 1462 1255 quorum
1493 1208 1616 1256 priore
1646 1207 1718 1244 ad-

114 1269 184 1305 huc
214 1269 357 1316 integro
389 1268 432 1304 M.
464 1267 585 1304 Vibius
618 1267 754 1303 Auctor
796 1267 964 1302 Duumvir
1008 1266 1259 1314 Quiquennalis
1291 1266 1324 1303 in
1357 1266 1581 1315 proximuma
1612 1278 1718 1304 nuum

116 1332 282 1374 creatur,
314 1325 541 1376 posteriore,
573 1325 670 1374 quod
701 1324 894 1372 intercidit,
926 1329 1064 1362 statuae
1096 1325 1271 1363 honorem
1303 1325 1451 1375 adeptus
1485 1329 1549 1362 est.

618 1463 855 1497 Decretum
881 1462 1213 1506 Tergestinum.

265 1574 385 1611 1753.
446 1573 659 1621 Insculptum
690 1573 833 1622 lapideo
866 1573 958 1609 cubo
991 1571 1076 1608 satis
1108 1572 1261 1620 magno,
1303 1572 1384 1609 olim
1417 1571 1599 1608 moenibus
1630 1572 1722 1609 Ter-

118 1633 283 1682 gestiuue
315 1632 467 1670 civitatis
500 1632 677 1678 immisso,
718 1644 810 1668 nulio
850 1631 884 1668 in
928 1631 1146 1668 coemeterio
1180 1631 1355 1668 ecclesiae
1387 1630 1621 1677 cathedralis,
1661 1631 1721 1667 ubi

116 1696 381 1731 monumentum
422 1691 642 1739 conspicitur
680 1690 971 1727 Winclzelmanni
1006 1694 1201 1726 asservato.
1262 1690 1339 1725 Fuit
1371 1690 1483 1735 baec,
1515 1693 1552 1725 ut
1583 1701 1628 1726 ex
1661 1689 1719 1726 iu-

117 1751 311 1800 scriptione
343 1754 516 1799 apparet,
547 1749 639 1785 basis
670 1753 808 1785 statuae
840 1749 1038 1796 equestris,
1071 1760 1172 1795 quam
1205 1749 1274 1784 boc
1305 1749 1382 1796 ipso
1416 1748 1565 1784 decreto
1597 1748 1720 1785 civitas

115 1811 225 1847 Fabio
267 1810 404 1845 Severo
447 1808 512 1845 civi
551 1819 638 1853 suo,
686 1807 843 1844 senatori
884 1818 1055 1853 romano,
1097 1808 1143 1843 ob
1184 1808 1291 1843 multa
1333 1807 1366 1843 iu
1407 1807 1554 1854 patriam
1597 1808 1721 1843 urbem

117 1869 241 1906 merita
271 1867 357 1916 poni
390 1867 499 1904 iussit.
545 1867 681 1903 Nomen
714 1866 886 1911 civitatis,
918 1878 1008 1912 quae
1040 1866 1089 1902 ita
1122 1866 1304 1911 decrevit,
1336 1877 1504 1912 nusquam
1537 1865 1720 1914 inscriptio

117 1927 298 1972 continet,
338 1926 403 1962 sed
444 1925 691 1972 Tergestinam
730 1936 830 1970 esse,
871 1936 941 1961 non
973 1928 1026 1960 est
1058 1925 1154 1971 quod
1186 1924 1407 1968 dubitemus,
1450 1929 1558 1972 atque
1589 1924 1720 1961 factum

117 1997 197 2023 esse
229 1985 410 2022 decretum
441 1984 658 2032 imperatore
691 1985 733 2020 Μ.
755 1983 935 2020 Antonino
963 1983 1024 2019 Pio
1045 1988 1185 2019 mortuo
1219 1978 1316 2033 (uon
1348 1983 1459 2030 igitur
1485 1987 1566 2019 ante
1593 1994 1721 2020 annum

121 2044 198 2081 161
229 2056 262 2092 p.
295 2038 385 2095 Ch.)
426 2043 468 2079 Μ.
511 2043 691 2079 Antonino
732 2041 935 2090 philosophi
978 2042 1171 2089 imperante
1213 2042 1330 2078 tabula
1372 2041 1446 2089 ipsa
1490 2042 1719 2078 demonstrat.

115 2103 209 2140 Binis
240 2101 424 2149 inscriptio
458 2101 628 2138 columnis
661 2101 881 2146 continetur,
913 2111 1003 2147 quae
1034 2112 1105 2145 reS,
1137 2105 1304 2136 monente
1336 2100 1558 2147 Goulingio,
1591 2105 1718 2137 osten-

118 2162 181 2208 dit,
212 2161 359 2209 primum
391 2160 461 2197 lioc
493 2172 574 2196 esse
618 2165 654 2197 et
685 2159 915 2207 originarium
947 2170 1017 2195 non
1050 2170 1095 2194 ex
1127 2159 1196 2195 alio
1229 2159 1477 2206 transcriptum
1509 2160 1719 2207 exemplum.

117 2221 196 2258 Hoc
228 2230 371 2267 quoque
414 2219 608 2255 notandum
640 2223 705 2265 est,
738 2218 870 2266 primos
902 2229 965 2254 sex
998 2228 1120 2253 versus
1152 2217 1279 2265 prioris
1312 2217 1505 2254 columnae·
1529 2217 1719 2254 maioribus

116 2277 228 2315 literis
258 2278 453 2325 insculptos
485 2289 587 2323 esse,
627 2278 674 2314 ita
707 2281 743 2313 ut
779 2278 867 2313 haec
898 2275 973 2324 ipsa
1005 2276 1167 2312 columna
1211 2280 1344 2313 tantum
1383 2276 1528 2325 triginta
1569 2280 1720 2325 septem,

119 2338 230 2374 altera
262 2336 409 2383 triginta
441 2341 524 2372 octo
558 2347 679 2373 versus
712 2336 854 2372 habeat.

258 2395 391 2431 Primus
434 2394 545 2431 edidit
584 2395 743 2443 Apianus
783 2407 815 2443 p.
858 2393 955 2440 355,
994 2398 1065 2430 tum
1108 2392 1283 2430 Fabricius
1315 2393 1465 2430 Illonum.
1496 2393 1556 2431 IV.
1587 2406 1621 2443 p.
1654 2393 1720 2432 36.

118 2452 249 2503 Apiani
280 2453 481 2501 exemplum
514 2453 700 2501 exprimit,
734 2464 803 2490 uno
835 2452 998 2490 alterove
1030 2456 1162 2489 tantum
1194 2452 1276 2488 loco
1309 2453 1351 2489 ab
1385 2453 1513 2490 eodem
1544 2454 1718 2490 recedens

119 2513 291 2550 Gruterus
322 2524 356 2560 p.
389 2511 484 2548 408.
515 2512 579 2548 sed
611 2513 657 2548 ita
690 2516 726 2548 ut
757 2524 823 2548 nec
855 2511 930 2559 ipse
962 2511 1006 2547 de
1038 2510 1156 2560 lapide
1188 2511 1452 2560 transcripsisse
1479 2523 1545 2549 nec
1573 2516 1720 2560 praeter

118 2571 296 2620 Apianum
330 2575 366 2607 et
396 2569 614 2617 Fabricium,
647 2571 751 2607 alium
784 2571 901 2607 denuo
933 2570 1226 2607 transcribentem
1258 2574 1439 2607 auctorem
1471 2574 1612 2607 secutus
1639 2583 1719 2608 esse

121 2634 308 2678 appareat.
370 2628 556 2665 Gruterum
599 2629 711 2666 secuti
743 2634 822 2666 sunt
852 2630 980 2666 Ireneo
1013 2628 1106 2665 della
1138 2628 1253 2665 Croce
1285 2628 1412 2665 Istoria
1445 2629 1536 2666 della
1567 2629 1652 2666 citta
1683 2629 1718 2666 di

119 2689 266 2726 Trieste.
300 2687 456 2724 Veuezia
491 2687 599 2724 1698
613 2688 635 2724 f.
667 2700 701 2736 p.
737 2687 815 2724 145
851 2692 886 2723 et
916 2688 1134 2724 Terassonus
1167 2698 1243 2723 nro.
1270 2686 1339 2723 LX.
1369 2699 1403 2735 p.
1438 2687 1505 2723 51.
1538 2687 1718 2724 Emenda-

120 2747 186 2784 tius
218 2752 255 2784 et
285 2758 363 2784 cum
393 2746 472 2795 ipso
514 2750 743 2784 monumento
784 2746 948 2784 collatum
991 2746 1107 2783 denuo
1140 2745 1250 2783 edidit
1280 2745 1463 2783 decretum
1494 2746 1573 2784 Don
1606 2746 1716 2783 Gian-

261 2919 299 2964 1)
324 2920 429 2956 verba
453 2920 615 2955 fecerunt.
643 2937 683 2942 —
701 2918 740 2964 2)
766 2919 932 2954 coloniam
957 2926 1121 2964 nostram3
1154 2925 1231 2955 ante
1255 2920 1300 2954 acl
1320 2919 1449 2954 sinodum
1473 2919 1609 2955 videtur
1634 2930 1717 2964 que-

124 2968 316 3002 mutandum
339 2969 373 3003 in
398 2979 489 3013 quem
515 2974 548 3002 et
572 2967 769 3013 legendum:
796 2967 1073 3012 quemadmodum.
