1918 3313
227 183 284 225 66
564 182 668 215 Inscr.
693 189 820 214 sacrae.
869 178 950 225 Cap.
975 180 1031 216 ΠΙ.
1080 180 1178 215 Tituli
1202 179 1420 224 sepulcrales.

367 290 462 326 464.
519 286 692 326 Donatus
723 282 826 338 Aug.
856 284 919 326 lib.
953 291 993 327 et
1021 284 1144 326 Annia
1175 285 1368 326 Primitiva
1404 284 1506 325 hanc
1535 281 1671 324 sedem
1701 282 1814 325 fruc-

227 349 308 386 tum
338 345 482 386 laboris
513 344 573 384 sui
604 343 683 382 vivi
713 354 872 395 posuer.
905 367 960 374 --
991 347 1111 383 Potae.
1150 347 1244 383 Grut.
1277 358 1310 394 p.
1344 344 1437 381 611.
1484 344 1578 381 Oret.
1611 345 1736 382 4769.

366 423 458 460 465.
520 419 586 458 Dis
618 417 808 458 Manibus.
839 417 1047 472 Eutycheti
1076 418 1184 459 Caes.
1209 418 1255 458 N.
1277 418 1433 463 liberto.
1465 417 1530 470 qui
1551 417 1705 470 reliquit
1727 417 1814 458 col-

226 478 332 533 legio
362 491 434 519 suo
467 476 679 528 dendroph.
712 475 786 517 HS.
820 488 860 515 α)
896 477 942 517 Ν.
985 483 1025 518 ut
1067 490 1118 517 ex
1157 477 1286 517 reditu
1318 477 1498 517 omnibus
1530 476 1641 516 annis
1673 475 1708 515 ei
1739 488 1815 529 pa-

226 542 384 577 rentent
414 549 500 576 cum
531 535 574 574 R.
606 546 667 586 ep.
687 531 721 587 ¹)
765 534 905 588 colleg.
947 534 1164 588 dendroph.
1204 547 1296 575 aere
1328 535 1469 574 collato
1507 534 1610 574 bene
1640 535 1815 574 merenti.

227 595 328 637 Sura
360 599 398 634 et
429 589 624 646 Senec.²)
658 592 749 633 Cos.
782 616 837 620 -—
869 596 1009 633 Romae.
1043 597 1125 633 Gori
1157 597 1276 642 Symb.
1311 596 1390 631 Vol.
1420 595 1481 641 IX,
1513 594 1608 631 232.

365 672 459 709 466.
518 667 600 707 Diis
631 666 810 708 Manibus
842 668 1119 710 Communibus
1151 668 1437 721 Epaphroditus
1467 667 1510 707 L.
1540 667 1706 708 Curator
1726 666 1815 708 Pri-

226 740 325 770 mus.
357 752 412 759 --
442 730 583 766 Romae.
614 728 730 764 maffei
761 728 844 765 Mus.
877 730 1010 766 Veron.
1043 730 1140 776 292,
1174 731 1209 766 7.
1257 729 1351 765 Oret.
1383 729 1508 765 4456.

365 805 458 841 467.
519 801 560 841 Τ.
591 801 743 841 Flavius
775 801 876 854 Aug.
909 801 971 842 hh.
998 802 1138 843 Alcon.
1167 807 1204 842 et
1225 802 1397 843 Antonia
1418 801 1528 855 Lyde
1550 805 1817 842 monumentu.

226 861 408 902 fecerunt.
447 859 520 900 sibi
561 863 600 899 et
639 859 722 899 suis
753 860 901 899 libertis
940 860 1232 913 libertabusque
1264 861 1536 901 communibus
1567 860 1818 913 posterisque

226 932 364 960 eorum
406 931 493 958 cum
535 917 713 957 aedificio
744 917 980 958 Escitatiano
1013 918 1214 958 custodiae
1246 931 1365 958 causa
1395 918 1648 959 monumenti.
1708 916 1817 968 Itum,

225 982 366 1028 actum,
399 976 555 1027 aditum,
587 975 770 1015 ambitum
802 976 852 1015 ita
885 981 927 1015 ut
952 977 1029 1015 vivi
1050 976 1298 1029 possidemus
1321 977 1552 1029 posterique
1575 976 1698 1016 nostri
1717 987 1818 1028 pos-

224 1035 404 1086 sideant,
445 1034 521 1073 vivi
554 1034 650 1073 vivis
683 1032 885 1084 dedimus,
926 1034 1085 1074 inscribi
1123 1035 1319 1074 iussimus.
1381 1034 1496 1081 Quod
1526 1034 1559 1075 si
1591 1034 1650 1086 qis
1681 1046 1817 1074 eorum

223 1097 373 1145 partem
404 1093 501 1133 iuris
532 1092 591 1132 sui
619 1091 837 1132 vendiderit
865 1096 930 1132 aut
957 1105 1008 1132 ex
1035 1104 1234 1132 consensu
1261 1092 1550 1143 universorum,
1581 1105 1630 1132 ea
1654 1092 1818 1144 pecunia

222 1152 262 1191 in
292 1151 487 1191 aerarium
518 1149 653 1203 populi
683 1150 834 1190 romani
864 1149 1000 1190 inferri
1030 1150 1220 1190 iubemus.
1273 1150 1358 1190 Hoc
1378 1154 1617 1190 monument.
1637 1162 1727 1190 cum
1748 1162 1819 1190 sua

223 1208 374 1250 custod.
406 1208 593 1248 heredem
627 1220 705 1248 non
737 1213 938 1259 sequetur.
971 1231 1026 1235 ——
1058 1210 1152 1247 Basis
1184 1211 1216 1247 in
1250 1210 1396 1247 aedibus
1427 1210 1627 1247 Barberinis
1658 1222 1677 1247 a
1708 1210 1818 1247 tribus

221 1269 390 1307 lateribus
423 1268 601 1316 inscripta.
633 1269 773 1304 Fabret.
805 1281 837 1316 p.
872 1268 965 1304 320.

363 1344 459 1381 468.
519 1341 561 1382 L.
601 1341 652 1381 M.
668 1338 707 1394 3)
749 1340 970 1381 Flaviorum
1004 1342 1048 1389 Q.
1083 1341 1127 1388 Q.
1159 1342 1199 1381 P.
1232 1341 1273 1382 L.
1287 1339 1327 1396 4)
1360 1366 1412 1371 —
1445 1344 1641 1392 Aquileiae.
1683 1344 1810 1382 Reines

225 1403 335 1441 XVII.
370 1403 434 1438 52.
483 1402 577 1438 Orel.
609 1402 733 1437 4500.
780 1402 922 1438 Morcel.
955 1402 1031 1438 Stil.
1064 1402 1245 1438 CCXVIII.

362 1478 458 1514 469.
517 1475 564 1514 D.
606 1474 657 1514 M.
696 1474 944 1514 Libertorum
976 1475 1019 1515 T.
1052 1475 1157 1514 Flavi
1198 1474 1301 1528 Aug.
1342 1475 1406 1515 lib.
1449 1476 1618 1516 Victoris
1659 1489 1682 1516 a
1725 1488 1820 1517 cura

225 1534 455 1576 amicorum.
490 1557 540 1562 —-
576 1535 705 1572 Gruter
738 1535 833 1580 598,
868 1534 900 1570 1.
950 1536 1111 1571 Haubold
1144 1535 1272 1583 Opuse.
1306 1536 1404 1573 acad.
1437 1536 1460 1572 I.
1495 1548 1529 1584 p.
1563 1536 1658 1572 209.

365 1612 461 1648 470.
521 1608 567 1647 Ι).
600 1608 650 1648 M.
683 1607 727 1647 Τ.
759 1607 916 1648 Flavius
946 1608 1140 1648 Hervetus
1174 1607 1266 1648 fecit
1291 1608 1364 1648 sibi
1387 1614 1426 1648 et
1446 1608 1600 1649 Flaviae
1620 1608 1809 1650 Aelianae

225 1668 328 1708 filiae
355 1665 586 1707 karissimae
609 1670 647 1705 et
671 1665 899 1706 conlibertis
917 1667 998 1706 suis
1016 1667 1266 1718 posterisque
1288 1679 1424 1707 eorum
1446 1667 1485 1706 P.
1509 1667 1548 1706 P.
1566 1664 1581 1688 ⁵
1632 1683 1691 1702 z
1710 1640 1822 1722 ΞΒ),

228 1731 267 1767 et
299 1727 342 1766 T.
373 1725 430 1765 Fl.
462 1723 632 1764 Philetus
666 1724 705 1763 C.
738 1720 831 1777 8⁷]
874 1724 913 1763 P.
946 1724 984 1763 P.
1025 1740 1082 1758 Ξ
1112 1740 1169 1758 Ξ
1201 1730 1239 1765 et
1271 1725 1313 1764 T.
1345 1725 1399 1764 Fl.
1432 1724 1676 1778 Epitymetus
1710 1725 1751 1766 C.
1783 1725 1822 1767 S.

225 1785 266 1825 P.
298 1784 339 1824 P.
372 1799 429 1818 Ξ
459 1798 528 1822 Ξῖ.
561 1805 616 1810 ——
648 1784 824 1821 Auecdot.
864 1784 914 1820 lit.
946 1785 1042 1821 Rom.
1076 1785 1156 1821 Vol.
1186 1785 1211 1820 I.
1244 1797 1277 1833 p.
1311 1785 1406 1821 473.
1453 1786 1562 1822 More.
1595 1785 1661 1834 Op.
1692 1798 1748 1835 ep.
1780 1786 1822 1822 ΙΙ.

231 1844 323 1881 116.
371 1843 466 1880 Orel.
499 1843 623 1879 4506.

365 1919 463 1956 471.
522 1916 566 1956 D.
598 1916 650 1956 M.
684 1916 730 1955 Ti
762 1915 915 1956 Galerio
937 1918 1126 1956 Aetemae
1150 1916 1216 1969 qui
1238 1921 1278 1957 ct
1299 1915 1466 1958 Aleehio
1489 1918 1628 1958 marito
1650 1916 1693 1957 Β.
1716 1916 1766 1958 M.
1780 1913 1821 1972 θ)

226 1975 320 2016 fecit
350 1974 436 2015 Ael.
470 1974 667 2028 Olympias
699 1976 829 2015 coiux.
862 1997 917 2002 —
950 1976 1092 2013 Romae.
1123 1977 1261 2013 Fabret.
1292 1989 1326 2024 p.
1362 1976 1454 2014 147.

365 2053 460 2090 472.
520 2049 572 2090 M.
605 2049 731 2091 Gellio
762 2049 812 2089 M.
844 2049 886 2090 L.
921 2049 1044 2089 Diocli
1086 2049 1149 2089 dat
1191 2048 1240 2089 de
1281 2062 1355 2090 suo
1396 2050 1446 2090 M.
1480 2050 1626 2091 Gellius
1656 2050 1821 2092 Faustus

227 2109 379 2150 Ieibert.
414 2132 463 2137 —
498 2110 613 2147 maffei
644 2111 730 2146 Mus.
761 2111 804 2146 V.
835 2122 870 2158 p.
905 2109 995 2145 155.
1029 2110 1065 2146 2.
1107 2111 1215 2146 More.
1248 2111 1323 2146 Stil.
1357 2111 1536 2147 CXLVIII,

367 2186 462 2222 473.
522 2183 569 2222 D.
596 2182 647 2222 M.
674 2184 716 2223 T.
745 2183 826 2235 legi
856 2181 1014 2223 Iucundi
1046 2181 1095 2221 VI
1119 2183 1189 2222 vir.
1221 2181 1323 2236 Aug.
1353 2187 1392 2222 et
1422 2183 1618 2223 Decimiae
1651 2183 1820 2224 Thalliae

229 2241 315 2282 eius
345 2241 490 2281 Filetus
522 2241 696 2281 libertus.
758 2241 828 2281 His
869 2240 983 2292 epule
1022 2239 1214 2280 debentur
1245 2254 1266 2280 a
1298 2241 1468 2294 collegio
1500 2242 1820 2283 centonariorum

228 2298 553 2340 Brixellanorum.
586 2322 640 2328 -—-
672 2301 864 2338 Brescello.
895 2301 1018 2337 Bullet.
1049 2301 1205 2337 archeol.
1242 2300 1361 2337 1835.
1393 2313 1426 2349 p.
1462 2301 1553 2337 132.

367 2382 462 2418 474.
523 2379 574 2419 M.
606 2379 771 2420 Insteius
803 2380 854 2420 M.
885 2376 980 2433 L.⁹)
1012 2379 1211 2432 Eutychus
1243 2380 1523 2420 monimentum
1560 2381 1644 2421 sive
1680 2380 1718 2421 id
1749 2394 1820 2421 se-

228 2437 407 2492 pulerum
439 2442 500 2478 est
531 2437 623 2477 feeit
654 2439 726 2478 sibi
758 2443 796 2477 et
826 2438 992 2478 Insteiae
1022 2437 1261 2477 Arescusae.
1308 2437 1348 2477 L.
1388 2436 1556 2479 Aristius
1587 2438 1630 2478 L.
1661 2438 1704 2479 L.
1735 2438 1820 2479 Lu-

231 2496 313 2537 crio
356 2496 448 2536 emit
478 2508 530 2536 ex
569 2499 680 2548 parte
721 2495 875 2536 dimidia
912 2495 985 2535 sibi
1015 2500 1054 2534 et
1083 2496 1174 2535 suis.
1236 2495 1405 2535 Aristiae
1436 2495 1478 2535 L.
1510 2496 1552 2536 L.
1583 2496 1745 2549 Daphne
1775 2496 1818 2537 L.

230 2552 398 2594 Aristius
428 2553 471 2594 L.
502 2553 544 2593 L.
579 2553 783 2606 Tyrannus
815 2554 859 2594 V.
891 2555 939 2594 A.
970 2552 1106 2593 XXIV.
1139 2574 1194 2581 —-
1224 2555 1315 2592 Mau.
1337 2556 1421 2593 Mus.
1442 2557 1484 2593 V.
1510 2569 1543 2606 p.
1572 2557 1666 2594 285.
1711 2558 1818 2594 More.

233 2613 298 2662 Op.
330 2626 385 2663 ep.
415 2614 457 2650 ΙΙ.
496 2612 586 2650 144.

369 2688 464 2726 475.
525 2686 570 2726 D.
602 2685 654 2726 Μ.
687 2686 729 2726 L.
761 2687 829 2727 Iuli
860 2686 1038 2742 Epigoni.
1095 2686 1200 2727 Vixit
1230 2686 1339 2727 annis
1371 2686 1471 2728 XVI.
1503 2687 1553 2728 M.
1585 2688 1629 2728 V.
1661 2687 1706 2728 D.
1738 2687 1819 2729 ΧΠ.

371 2846 407 2890 1)
434 2860 507 2883 cum
532 2849 632 2883 rosali
658 2849 769 2893 epulo.
796 2867 836 2872 —
863 2849 901 2892 2)
928 2849 1114 2884 Senecione
1139 2847 1214 2882 Cos.
1240 2859 1271 2892 p.
1297 2849 1372 2883 Chr.
1400 2850 1478 2884 107.
1503 2868 1545 2873 —-
1571 2848 1610 2892 3)
1628 2850 1721 2884 locus
1737 2861 1816 2884 mo-

234 2897 394 2928 numenti.
421 2912 462 2918 —
488 2896 526 2939 4)
553 2906 688 2942 quoquo
713 2906 830 2929 versus
855 2897 961 2940 pedes
985 2896 1233 2942 quinquaginta.
1261 2913 1302 2917 —
1329 2894 1367 2939 5)
1392 2906 1456 2940 pro
1481 2902 1586 2940 parte.
1611 2913 1654 2919 —
1687 2894 1725 2939 6)
1751 2907 1816 2931 un-

236 2942 295 2975 ciis
320 2946 471 2987 quatuor.
498 2961 538 2967 -—
566 2942 603 2985 7)
629 2943 795 2977 communi
818 2949 938 2978 sumtu.
965 2961 1005 2968 —-
1030 2940 1070 2985 8)
1093 2942 1181 2976 bene
1207 2944 1359 2977 merenti.
1383 2959 1427 2967 —
1453 2942 1491 2986 9)
1516 2942 1620 2977 Marci
1643 2942 1793 2979 libertus.
