1877 3313
724 135 756 177 §-
786 134 816 169 1.
864 134 975 180 Leges
1001 140 1035 169 ct
1059 135 1248 180 plebiscita.
1711 135 1801 180 287

177 238 274 297 nes]
305 241 421 284 liuius
450 242 672 296 rogationis
704 255 806 297 ergo
837 241 1006 294 fecerit,
1048 242 1238 297 quodque
1278 256 1331 284 ex
1361 256 1495 286 earum
1530 241 1802 301 [rogationum

178 302 307 354 aliqua
340 314 432 342 eum
464 300 602 343 faeere
633 302 835 356 oportebit
866 299 970 357 n]on
1003 300 1159 353 feeerit,
1192 302 1230 343 id
1263 304 1298 344 ei
1330 303 1472 356 fraudi,
1504 305 1662 356 multae,
1693 318 1800 359 poe-

177 373 230 402 ne
260 372 311 401 ne
344 366 447 402 esto.
481 358 656 416 [Nequis
689 361 789 402 hanc
815 362 1068 415 rogationem
1092 361 1302 416 abrogato,
1335 375 1437 404 neve
1469 363 1557 405 huic
1578 363 1800 420 rogJationi

178 420 402 475 obtegam,
443 432 548 461 neve
581 419 631 460 de
663 419 737 461 hac
768 421 980 474 rogatione
1013 419 1303 475 derogato....
1338 419 1678 478 [posse]ssi0nem
1709 423 1799 466 fac-

156 483 262 521 .tum
294 491 374 521 non
406 480 482 521 erit
514 478 622 532 quod
653 478 766 520 aliter
797 483 980 534 rogatum
1013 476 1203 535 e[rit...]
1236 481 1281 522 H.
1315 481 1357 523 L.
1390 481 1437 523 N.
1469 482 1514 523 R.
1535 479 1572 537 ¹)

721 626 803 661 Lex
829 628 953 672 regia
978 628 1266 672 vespasiani.

324 723 448 762 1686.
509 724 641 762 Tabula
675 736 786 762 aenea
820 725 940 762 medio
973 726 1118 763 saeculo
1150 725 1243 764 xlv.
1275 727 1408 765 Romae
1431 727 1587 777 inventa,
1619 728 1652 767 in
1676 741 1800 769 museo

179 783 386 833 Capitolino
419 795 514 822 nune
546 784 738 821 adservata
772 785 1020 832 magnitudine
1053 790 1089 822 et
1120 786 1282 823 crassitie
1323 792 1428 835 atque
1460 788 1589 836 grandi
1619 789 1802 828 literarum

177 854 341 880 mensura
374 843 544 890 insignis,
576 843 761 889 continet,
802 848 839 881 ut
871 856 963 882 nunc
996 844 1073 881 fere
1105 843 1196 882 inter
1227 858 1351 883 omues
1383 847 1573 895 convenit,
1606 842 1676 900 (V.
1707 849 1795 887 Nie-

177 902 270 940 buhr
300 903 401 941 Rom.
433 903 561 940 Gescli.
593 903 618 939 1.
651 915 684 952 p.
714 898 835 955 381.)
868 904 1106 951 fragmentum
1140 904 1231 952 tegis
1263 906 1422 943 curiatae
1455 907 1499 944 de
1530 907 1681 956 imperio
1715 909 1795 946 Ve-

177 961 356 1011 spasiani,
398 962 497 999 cuius
529 963 675 1010 generis
709 963 810 1010 leges
843 968 1033 1011 postquam
1074 963 1215 1000 comitia
1258 965 1391 1002 curiata
1423 977 1461 1003 re
1494 978 1579 1004 vera
1613 967 1797 1005 desierunt

176 1021 273 1059 inani
304 1025 438 1058 tantum
471 1032 596 1059 eorum
627 1021 749 1070 specie
791 1034 857 1070 per
889 1022 1035 1069 triginta
1066 1023 1214 1060 lictores
1255 1024 1400 1071 triginta
1440 1026 1555 1062 curias
1594 1025 1796 1065 referentes

176 1085 342 1127 retenta,
383 1081 534 1118 formam
576 1086 722 1118 senatus
756 1081 998 1119 consultorum
1041 1082 1240 1120 induerunt.
1303 1086 1533 1133 Quapropter
1563 1086 1633 1124 hoc
1665 1097 1797 1124 monu-

176 1145 333 1177 mentum
367 1141 474 1177 etiam
505 1140 598 1177 inter
640 1144 785 1177 senatus
828 1141 990 1178 consulta
1034 1142 1211 1178 numerari
1251 1143 1376 1190 possit.
1424 1144 1565 1181 Plurimi
1606 1145 1799 1184 ediderunt

177 1204 215 1235 et
247 1204 507 1248 exposuerunt,
539 1199 633 1236 iuter
665 1212 754 1247 quos
788 1200 951 1248 potiores
986 1200 1021 1237 hi
1053 1201 1130 1237 sere
1162 1206 1263 1237 sunt:
1294 1201 1502 1240 Franciscus
1534 1204 1579 1240 de
1602 1205 1798 1243 Albertinis

176 1259 230 1296 De
261 1259 448 1296 mirabilib.
481 1270 600 1296 novae
632 1264 668 1295 et
697 1259 833 1295 veteris
875 1259 969 1295 urbis
1000 1260 1142 1296 Romae.
1179 1259 1300 1297 1510.
1332 1261 1386 1307 Π,
1422 1264 1457 1299 5.
1489 1274 1522 1299 n.
1559 1262 1634 1310 163
1674 1264 1796 1303 Iacob.

175 1318 385 1355 Mazochius
417 1318 450 1355 in
484 1318 738 1366 Epigrammat.
771 1318 878 1366 antiq.
910 1319 1006 1355 urbis
1039 1319 1100 1355 sol.
1139 1318 1201 1355 14.
1235 1320 1404 1357 Gruterus
1436 1321 1471 1357 in
1504 1321 1797 1372 Corp.1nseript.

177 1390 212 1426 p.
247 1377 343 1414 242.
390 1377 563 1426 Leopold.
598 1378 821 1414 llletastasius
855 1377 887 1413 in
923 1378 1014 1414 libro
1042 1378 1213 1424 singulari
1245 1379 1297 1415 De
1330 1379 1413 1426 lege
1446 1380 1546 1428 regia
1580 1393 1644 1418 seu
1676 1383 1796 1420 tabula

177 1448 289 1473 aenea
331 1436 543 1484 Capitolina.
586 1437 683 1473 Rom.
732 1436 853 1473 1757.
904 1436 933 1473 l.
986 1438 1029 1473 A.
1070 1437 1109 1473 G.
1142 1438 1288 1475 Cramer
1327 1438 1360 1474 in
1394 1438 1592 1477 Commeat.
1636 1440 1682 1477 de
1723 1441 1797 1478 vita

176 1495 399 1545 Vespasiani.
446 1494 567 1531 1785.
611 1508 646 1544 p.
679 1494 745 1532 20.
806 1496 930 1532 Fraue.
974 1496 1129 1532 Guaseus
1173 1497 1206 1533 iu
1248 1497 1357 1534 Musei
1400 1499 1590 1546 Capitolini
1633 1500 1798 1549 Inscript.

177 1556 322 1592 Romae.
359 1553 480 1591 1775.
524 1555 621 1591 Toni.
655 1555 715 1592 111.
758 1568 792 1603 p.
826 1555 921 1591 240.
970 1555 1121 1592 Orellius
1154 1556 1188 1592 in
1222 1556 1370 1593 Collect.
1411 1557 1586 1606 inseriptt.
1626 1559 1663 1595 Τ.
1696 1560 1720 1596 1.
1762 1572 1799 1608 p.

178 1614 273 1651 567.
326 1614 492 1651 Haubold
533 1614 686 1651 monum.
730 1615 802 1661 leg.
844 1627 877 1663 p.
911 1614 1007 1651 221.
1065 1615 1239 1662 Guttling.
1280 1616 1462 1653 Fitnfzehn
1504 1621 1593 1654 rem.
1635 1618 1798 1657 Urkuud.

173 1685 258 1723 pag.
291 1673 357 1711 20.
412 1674 450 1710 In
482 1673 593 1710 Taciti
635 1674 793 1722 Operum
835 1673 1051 1711 editionibus
1095 1675 1337 1723 compluribus
1380 1676 1536 1713 additum
1576 1677 1728 1715 habetur
1758 1682 1798 1715 ut

173 1733 336 1779 Ernesti,
369 1733 545 1778 Broterii,
579 1732 749 1770 Oberlini.
795 1733 910 1770 Etiam
943 1734 1092 1771 aliorum
1125 1735 1170 1770 de
1201 1735 1272 1771 hoe
1302 1735 1392 1783 legis
1426 1735 1630 1783 fragmento
1662 1737 1798 1787 scripta

173 1793 316 1842 potiora
359 1792 493 1829 indicat
534 1792 621 1829 Rein
664 1792 698 1829 in
742 1793 851 1840 Pauly
893 1793 1091 1842 Encyelop.
1135 1794 1220 1830 reali
1262 1794 1341 1831 Vol.
1384 1795 1443 1831 IV.
1485 1807 1519 1844 p.
1564 1795 1661 1833 995.
1703 1809 1730 1834 s.
1761 1808 1799 1834 v.

173 1852 235 1890 lex
266 1851 380 1900 regia.

316 1931 632 1986 ...Foedusque
664 1945 754 1974 cum
787 1932 931 1985 quibus
964 1933 1071 1974 volet
1103 1932 1238 1974 facere
1269 1933 1386 1974 liceat
1415 1935 1469 1975 ita
1494 1935 1550 1976 uti
1572 1935 1680 1977 licuit
1702 1934 1794 1977 divo

174 1990 280 2046 Aug.
314 1993 371 2033 Ti.
405 1991 502 2033 lulio
536 1992 698 2033 Caesari
737 1991 840 2045 Aug.
874 1993 1116 2045 Tiberioque
1156 1992 1317 2034 Claudio
1350 1994 1512 2035 Caesari
1543 1993 1648 2049 Aug.
1689 1994 1796 2036 Ger-

173 2051 354 2101 manic03
387 2052 525 2105 utique
558 2052 595 2091 ei
626 2055 807 2092 senatum
839 2051 1001 2102 habere,
1032 2052 1268 2094 relationem
1292 2052 1441 2104 facere,
1473 2053 1691 2103 remittere,
1723 2066 1797 2095 se-

173 2115 292 2152 natus
333 2111 515 2152 consulta
545 2123 619 2164 per
650 2110 884 2153 relationem
927 2111 1300 2164 discessionemque
1332 2111 1466 2152 facere
1508 2111 1625 2153 liceat
1655 2112 1707 2154 ita
1737 2113 1797 2155 uti

172 2169 281 2210 licuit
321 2169 412 2211 divo
454 2169 557 2224 Aug.
601 2169 658 2210 Ti.
701 2170 797 2211 Iulio
842 2171 1003 2212 Caesari
1044 2169 1149 2224 Aug.
1193 2170 1240 2210 Ti
1281 2170 1444 2211 Claudio
1487 2171 1646 2212 Caesari
1687 2170 1794 2227 Aug.

175 2228 412 2271 Germanico
424 2242 436 2279 3
468 2230 606 2282 utique
638 2242 726 2270 eum
760 2242 812 2270 ex
847 2229 1048 2271 voluntate
1080 2229 1385 2281 auctoritateve,
1415 2231 1526 2271 iussu
1556 2229 1796 2272 mandatuve

175 2288 262 2329 eius
292 2293 562 2342 praesenteve
595 2301 645 2329 eo
678 2293 840 2330 senatus
872 2288 1104 2338 habebitur,
1147 2289 1320 2330 omnium
1352 2302 1486 2330 rerum
1527 2290 1588 2330 ius
1629 2290 1796 2343 perinde

174 2346 380 2399 habeatur,
412 2351 610 2398 servetur,
642 2360 690 2388 ae
722 2350 757 2388 si
790 2361 812 2387 e
844 2347 936 2402 lege
968 2353 1133 2389 senatus
1165 2347 1318 2389 edictus
1343 2353 1454 2389 esset
1475 2348 1770 2402 habereturque
1781 2363 1795 2399 3

176 2407 312 2460 utique
344 2419 448 2460 quos
479 2410 776 2460 magistratum,
807 2411 1068 2460 potestatem,
1100 2407 1320 2460 imperium,
1353 2407 1650 2449 curationemve
1681 2409 1796 2449 cuius

175 2466 235 2506 rei
273 2470 471 2520 petentes„
511 2467 665 2507 senatui
706 2466 937 2520 populoque
978 2478 1143 2508 romano
1187 2466 1547 2518 commendaverit,
1598 2467 1796 2519 quibusve

175 2523 500 2579 suffragationem
531 2538 645 2567 suam
676 2524 854 2577 dederit,
894 2525 1145 2578 promiserit,
1188 2537 1329 2567 eorum
1361 2525 1528 2567 comitiis
1570 2526 1795 2579 quibusque

177 2588 290 2625 extra
322 2584 502 2627 ordinem
533 2585 634 2626 ratio
666 2584 880 2634 habeatur;
912 2585 1047 2637 utique
1069 2585 1106 2625 ei
1126 2584 1227 2625 fines
1261 2585 1429 2638 pomerii
1461 2583 1660 2639 proferre,
1691 2597 1794 2638 pro-

177 2655 366 2696 movere,
408 2656 498 2684 cum
541 2656 594 2683 ex
625 2643 828 2698 republica
872 2643 1052 2684 censebit
1089 2656 1207 2696 esse,
1247 2643 1365 2684 liceat
1404 2644 1457 2684 ita
1498 2643 1555 2684 uti
1595 2642 1705 2684 licuit
1735 2644 1794 2685 Ti.

178 2699 339 2743 Claudio
378 2702 540 2744 Caesari
580 2701 686 2758 Aug.
730 2703 969 2745 Germanico
980 2716 993 2752 3
1033 2703 1170 2756 utique
1212 2713 1486 2756 quaecumque
1527 2714 1581 2742 ex
1622 2714 1697 2743 usu
1735 2703 1796 2744 rei

177 2759 381 2814 publicae,
421 2762 629 2804 maiestate
671 2761 915 2815 divinarum,
945 2761 1128 2804 humrum
1144 2758 1208 2817 ²),
1248 2761 1496 2816 publicarum
1526 2760 1794 2815 privatarum-

319 2924 360 2969 1)
382 2926 448 2961 hac
463 2927 544 2973 lege
561 2927 644 2963 nihil
660 2933 811 2975 rogatur.
834 2944 877 2952 —
896 2925 937 2972 2)
954 2927 1004 2964 Ita
1024 2926 1186 2974 Gottling.
1202 2927 1305 2973 legit3
1327 2926 1503 2962 humarum
1514 2924 1640 2966 ‘Guasm
1657 2933 1791 2965 utrum-

182 2981 248 3016 que
271 2982 350 3018 pro:
374 2973 608 3011 humanarum.
