1877 3313
641 150 671 194 §.
695 150 730 187 2.
777 149 880 185 Tituli
901 147 1121 194 sepulcrales.
1600 143 1688 190 433

83 259 288 298 naeniarum
329 256 520 296 carminum
558 270 673 307 genus
714 259 905 297 arbitratur
949 258 1106 296 Corssen
1146 255 1310 304 Origines
1350 254 1470 305 poesis
1507 264 1688 297 romanae.

82 320 200 358 Berol.
236 318 357 356 1846.
388 331 422 368 p.
458 318 537 355 103
573 330 644 367 quo
677 319 761 357 loco
792 318 935 356 uberius
969 319 1014 355 de
1046 317 1101 355 his
1135 316 1243 354 titulis
1274 320 1458 355 tractatur.

223 392 407 435 Cornelio
439 392 506 433 Cn.
537 392 578 434 F.
610 392 755 446 Scipio.

225 452 430 493 Cornelius
468 451 612 493 Lucius
645 451 775 505 Scipio
806 451 1012 493 Barbatus.

224 510 401 552 Gnaivod
432 515 543 564 patre
574 516 794 564 prognatus
826 510 941 551 fortis
973 511 1034 551 vir
1065 509 1307 563 sapiensque

225 570 376 618 Quoius
402 569 530 611 forma
561 569 717 610 virtutei
748 569 945 622 parisurna
976 569 1067 619 fu1t3

225 628 371 670 Consol
389 625 426 683 1)
459 628 633 679 Censor,
665 627 828 679 Aidilis,
861 628 956 681 quei
988 627 1058 669 fuit
1088 626 1192 682 apud
1223 639 1308 670 vos,

224 687 416 728 Taurasia
432 684 471 741 2)
505 686 692 737 Cisauna,
725 686 881 728 Samnio
916 687 1043 740 cepit,

222 747 377 800 Subigit
407 758 524 787 omne
556 745 711 787 Lucana
743 744 988 798 obsidesque
1019 744 1217 787 abdoucit.

226 836 350 874 1932.
412 833 455 874 L.
490 833 671 874 Cornelio
703 833 746 874 L.
778 833 819 874 F.
852 833 985 887 Scipio
1016 832 1168 875 Aidiles
1201 831 1378 890 Cosol³J
1411 831 1552 880 Cesor.

223 894 337 934 Honc
369 893 460 933 oino
492 892 686 945 ploirume
719 893 971 934 consentiont
1001 890 1250 947 Romaneffl)

222 952 415 994 Duonoro
448 956 610 1005 optumo
642 951 746 992 fuise
777 953 862 992 viro
882 949 936 1005 5),
1145 960 1149 966 ·

221 1010 385 1051 Luciom
418 1010 615 1065 Scipione.
660 1010 780 1052 Filios
812 1010 970 1051 Barbati

226 1069 385 1122 Consol,
418 1070 571 1110 Censor
602 1068 740 1111 Aidilis
772 1069 835 1110 hic
865 1069 949 1110 fuet
981 1070 1093 1122 apud
1119 1083 1205 1112 vos.
1221 1067 1262 1126 ὃ)

221 1128 306 1170 Hec
338 1129 442 1181 cepit
475 1128 639 1169 Corsica
671 1128 885 1181 Aleriaque
916 1129 1014 1169 urbe

222 1187 351 1229 Dedct
382 1188 710 1241 Tempestatebns
743 1187 832 1228 aide
863 1191 1028 1229 mereto.

229 1266 354 1303 1933.
416 1264 516 1312 Quei
559 1264 708 1317 apicem
749 1264 905 1317 insigne
946 1263 1069 1305 Dialis
1110 1263 1295 1307 Flaminis
1337 1264 1549 1320 gessistei,

225 1323 335 1364 Mors
366 1322 535 1376 perfecit
566 1327 630 1363 tua
664 1327 707 1363 ut
738 1328 875 1363 essent
906 1323 1035 1364 omnia
1076 1323 1238 1375 brevia,

223 1381 384 1433 Honos,
416 1380 542 1433 fama,
583 1382 788 1433 virtusque
819 1381 947 1435 gloria
979 1386 1019 1421 et
1050 1381 1274 1436 ingenium:

227 1441 379 1489 Quibus
410 1441 469 1481 sei
500 1441 539 1480 in
569 1440 690 1493 longa
721 1440 898 1480 licuisset
929 1441 1010 1480 tibe
1033 1441 1135 1481 utier
1156 1441 1250 1494 vita,

226 1498 356 1540 Facile
381 1510 597 1552 superases
630 1498 798 1552 gloriani
829 1499 1036 1539 maiorum.

226 1558 358 1606 Quare
390 1557 531 1599 lubens
564 1562 602 1598 te
634 1559 673 1597 in
704 1558 860 1611 gremiu
892 1557 1022 1611 Scipio
1062 1559 1205 1612 recipit

225 1616 351 1659 Terra
382 1616 512 1669 Publi,
554 1621 794 1670 prognatum
826 1616 988 1669 Publio,
1021 1615 1195 1658 Corneli.

233 1695 356 1733 1934.
417 1692 460 1733 L.
495 1692 701 1734 Cornelius
734 1691 803 1733 Cn.
835 1692 876 1733 F.
911 1693 979 1734 Cn.
1011 1692 1059 1734 N.
1092 1693 1239 1748 Scipio.

223 1751 370 1806 Magna
400 1752 590 1805 sapientia
622 1751 844 1804 multasque
875 1752 1043 1793 virtutes

224 1810 369 1852 Aetate
401 1823 518 1863 quom
550 1823 671 1864 parva
696 1809 854 1864 posidet
884 1811 960 1851 hoc
992 1823 1164 1852 saxsum.

226 1869 371 1918 Quoiei
402 1870 480 1910 vita
493 1866 535 1923 7)
569 1869 727 1921 defecit,
758 1881 839 1910 non
869 1869 1021 1919 honos;
1052 1869 1207 1910 honore

225 1927 262 1970 Is
294 1927 356 1968 hic
386 1928 498 1979 situs,
530 1928 622 1981 quei
654 1940 853 1981 nunquam
884 1929 1013 1969 victus
1046 1934 1107 1969 est
1141 1928 1315 1969 virtutei.

225 1985 365 2028 Annos
405 1991 551 2040 gnatus
582 1986 657 2027 XX
687 1988 720 2028 is
753 1983 917 2039 laudis)
954 1991 1015 2028 est
1046 1986 1276 2028 mandatus:

225 2045 287 2086 Ne
319 2046 507 2098 quairatis
539 2045 692 2087 honore
724 2046 815 2099 quei
846 2046 974 2086 minus
1007 2046 1057 2086 sit
1088 2046 1313 2086 mandatus.
1333 2041 1374 2100 9)

231 2124 354 2163 1935.
416 2122 624 2164 Cornelius
654 2122 699 2163 L.
731 2123 771 2164 F.
804 2122 847 2164 L.
879 2122 924 2164 N.
956 2121 1087 2176 Scipio
1128 2121 1356 2177 Asiagenus
1399 2118 1583 2164 Comalus
1622 2131 1699 2164 an·-

88 2193 191 2224 noru
221 2185 364 2236 gnatus
395 2180 495 2223 XVI.
515 2178 571 2236 ¹⁰)

233 2259 354 2297 1936.
417 2257 485 2298 Cn.
529 2256 738 2299 Cornelius
781 2256 852 2298 Cn.
894 2257 934 2298 F.
967 2255 1098 2311 Scipio
1141 2257 1339 2311 Hispanus
1370 2257 1433 2301 Pr.
1474 2256 1563 2301 Aid.
1605 2256 1697 2301 Cur.

90 2316 136 2366 Q.
156 2314 212 2373 ¹¹)
245 2317 311 2358 Tr.
344 2316 422 2358 mil.
452 2315 496 2357 Il.
528 2316 638 2358 Xvir
668 2316 715 2358 sl.
748 2316 866 2358 iudik.
899 2316 936 2357 X
947 2316 1008 2358 vir
1039 2316 1127 2359 Sac.
1158 2316 1236 2359 fac.
1255 2314 1313 2373 12)

233 2490 268 2536 1)
293 2503 326 2527 ιι.
352 2503 381 2527 c.
405 2491 484 2527 456.
520 2510 561 2515 -
595 2491 635 2537 2)
660 2492 698 2527 In
728 2493 891 2527 Taurasia
924 2499 958 2527 et
991 2495 1047 2539 qui
1078 2500 1264 2539 sequuntur
1299 2495 1505 2529 accusativis
1538 2493 1635 2528 litera
1665 2504 1700 2527 m

90 2551 157 2575 non
183 2540 327 2574 additur.
363 2558 404 2563 —-
430 2539 469 2583 3)
495 2540 534 2575 U.
560 2552 589 2574 c.
615 2541 696 2574 494.
723 2540 849 2573 Titulus
874 2540 1061 2575 rubricatus
1087 2548 1158 2584 est,
1183 2553 1302 2576 versus
1327 2548 1507 2587 sequentes
1532 2540 1700 2582 insculpti.

93 2605 134 2611 —
162 2585 200 2630 4)
228 2586 375 2622 Orellius
400 2598 463 2630 pro
480 2588 655 2628 Romami,
682 2588 772 2631 quod
791 2587 962 2631 supplevit
980 2588 1194 2631 Niebuhr-ius,
1219 2590 1347 2624 mavult
1365 2590 1508 2631 Romae3
1533 2587 1700 2621 Corssen:

90 2634 220 2668 Romai.
248 2652 290 2657 —-
317 2633 355 2676 5)
383 2634 566 2668 Grotescnd
595 2633 738 2676 (Latein.
757 2633 869 2667 Gram.
888 2634 927 2667 ΙΙ.
954 2646 986 2678 p.
1006 2635 1091 2679 196)
1115 2636 1264 2682 supplet:
1290 2638 1449 2670 virorum.
1474 2652 1516 2658 —-
1543 2634 1582 2677 6)
1609 2635 1699 2679 Sup-

92 2681 199 2725 plevit
222 2681 385 2717 Niebuhr.
419 2698 461 2704 -
495 2680 533 2724 7)
559 2681 719 2715 Corssen:
755 2682 856 2714 vitam
888 2683 1041 2726 scripsit,
1076 2684 1166 2728 quod
1201 2684 1244 2717 ad
1275 2694 1410 2718 sensum
1435 2681 1536 2716 etad
1561 2692 1700 2716 versum

91 2728 212 2762 melius
238 2729 430 2774 quadraret.
467 2747 508 2752 —
543 2726 582 2770 8)
609 2728 757 2761 Viscont.
791 2729 826 2761 in
852 2738 929 2761 arca
962 2740 1063 2763 unam
1097 2730 1231 2764 literam
1259 2730 1294 2765 L.
1321 2729 1575 2770 animadvertit,
1607 2729 1701 2762 unde

93 2775 255 2808 coniecit:
280 2775 381 2809 lausis
407 2773 445 2816 (i.
465 2787 495 2810 e.
514 2775 668 2808 lessibus.
692 2774 827 2817 lugubri
846 2775 1146 2819 lammentationi);
1173 2777 1379 2811 Grotefend:
1405 2775 1570 2817 laudibus3
1598 2774 1701 2810 Orell.

97 2819 200 2855 laudi.
236 2821 337 2855 Lauzi
362 2822 487 2866 Saggio
513 2822 546 2855 di
574 2821 656 2864 ling.
682 2828 804 2855 etrusc.
830 2821 921 2856 Tom.
946 2823 971 2857 Ι.
996 2835 1030 2868 p.
1058 2822 1142 2866 114)
1174 2825 1208 2857 in
1236 2824 1349 2868 lapide
1373 2823 1497 2857 vidisse
1521 2822 1584 2856 sibi
1608 2824 1700 2857 visus

96 2872 164 2901 est:
192 2868 275 2903 T...
301 2868 368 2902 EIS
394 2869 485 2903 unde
510 2870 666 2902 coniicit:
691 2870 816 2911 terreis,
842 2870 933 2914 quod
958 2871 1086 2915 recepit
1111 2870 1264 2905 Corssen.
1289 2887 1333 2892 -
1359 2868 1397 2913 9)
1421 2869 1553 2903 literam
1573 2869 1605 2903 M
1622 2879 1700 2903 om-

97 2924 161 2947 nes
185 2915 230 2948 ita
253 2916 421 2960 supplent.
447 2933 492 2939 -
520 2914 581 2958 10)
605 2915 692 2949 filius
717 2922 768 2949 est
791 2916 1036 2960 praecedentis.
1063 2934 1104 2940 —-
1139 2916 1201 2960 11)
1224 2923 1380 2961 praetor,
1413 2916 1531 2950 aedilis
1563 2917 1702 2962 curulis,

97 2966 268 3007 quaestor.
295 2980 337 2987 —
365 2961 429 3006 12)
456 2963 631 3000 decemvir
654 2962 798 3001 stlitibus
822 2963 1028 3009 iudicandis,
1052 2963 1226 3001 decemvir
1247 2966 1351 3002 sacris
1372 2963 1551 3000 faciundis.

167 3018 256 3049 Zell2
273 3019 399 3055 inscriptt.
416 3021 535 3050 delectus.
1421 3016 1484 3061 28
