1877 3313
655 183 684 225 §.
715 183 744 217 1.
793 182 902 227 Leges
929 187 963 216 et
987 182 1174 227 pubiiscita.
1629 181 1713 225 213

110 289 157 333 ΙΙΙ
173 290 234 332 vir
264 290 300 331 ei
331 289 432 331 ceivi
462 301 628 332 romano
669 290 874 331 sociumve
911 290 1131 331 nominisve
1162 289 1268 331 latini
1311 303 1448 341 agrum
1479 289 1608 331 locum
1640 302 1715 331 ae-

112 349 279 391 dificium
311 349 418 390 dedit
448 348 622 390 reddidit
654 346 916 403 adsignavit]
950 350 1093 401 quoive
1125 349 1172 390 ab
1205 363 1254 390 eo
1288 341 1476 390 heredive
1496 347 1531 404 ¹)
1565 350 1650 389 eius
1682 349 1715 390 is

111 421 209 463 ager
231 408 341 449 locus
361 412 594 451 testamento
618 407 822 448 hereditati
846 407 1086 448 deditionive
1104 409 1262 449 obvenit
1287 409 1559 458 obveneritve,
1580 404 1717 462 [quei-

112 481 160 507 ve
193 469 286 507 emit
316 465 551 522 e]meritve,
594 467 735 520 queive
767 467 814 507 ab
848 472 1026 520 emptore
1059 468 1142 508 eius
1175 469 1265 508 emit
1297 468 1509 519 emeritve,
1551 467 1584 507 is
1618 479 1717 521 ager

112 527 289 580 privatus
322 532 421 566 esto.

253 582 399 640 Que[m
432 597 570 638 agrum
604 584 736 626 locum
769 583 985 624 aedificium
1023 584 1148 624 IIIvir
1179 584 1227 624 de
1259 597 1308 626 eo
1341 597 1438 639 agro
1479 584 1568 626 loco
1601 584 1717 625 aedi-

112 643 201 685 ficio
234 656 305 697 pro
338 656 387 683 eo
420 656 519 697 agro
553 645 664 694 loco,
697 642 794 698 qu]o
828 643 1022 684 coloniam
1056 643 1259 694 dcduxsit,
1302 645 1350 684 ita
1394 644 1473 684 utei
1514 656 1545 684 s.
1580 656 1612 684 s.
1644 649 1717 696 est,

112 715 249 755 agrum
282 703 411 743 locum
442 702 659 750 aedificium
694 702 796 742 dedit
830 702 999 742 reddidit
1022 702 1253 755 adsignavit,
1287 704 1376 755 quei
1410 700 1591 756 [praetor
1614 715 1718 744 con-

112 761 224 802 solve
257 760 305 800 de
339 774 387 801 eo
421 774 518 815 agro
564 761 653 801 loco
687 761 864 801 aedificio
897 774 949 801 ex
992 762 1027 801 h.
1062 762 1083 801 1.
1117 763 1175 801 ius
1210 761 1361 811 deicet,
1404 774 1481 814 quo
1514 761 1563 801 de
1594 774 1640 802 ea
1672 774 1719 803 re

111 822 149 860 in
182 821 267 861 ious
299 819 443 860 aditum
478 821 575 869 erit,
609 821 640 860 is
673 819 721 859 de
754 834 798 860 ea
832 833 874 859 re
908 821 958 859 ita
991 820 1050 860 ius
1084 819 1252 870 deicito,
1297 820 1605 873 decernitoque,
1638 821 1719 861 utei

111 880 387 933 possesionem
419 879 634 919 secundum
669 876 778 933 eum]
814 878 1052 919 heredemve
1096 878 1180 919 eius
1224 879 1306 929 det,
1351 880 1443 931 quoi
1476 878 1521 920 111
1539 879 1598 919 vir
1631 892 1718 919 eum

112 951 251 992 agrum
284 937 412 978 locum
444 950 516 990 pro
551 950 600 979 eo
633 951 731 991 agro
772 939 859 979 loco
893 951 970 991 quo
1004 938 1196 978 coloniam
1230 937 1415 988 deduxit,
1461 937 1568 978 dedit
1602 934 1719 992 [red-

113 994 224 1052 didit]
258 995 545 1049 adsignavitve‚
576 996 778 1050 facitoque
811 998 842 1037 is
873 1009 932 1050 pr.
967 996 1179 1048 consolve,
1212 1009 1289 1050 quo
1324 996 1372 1036 de
1405 1009 1451 1037 ea
1484 1009 1528 1036 re
1560 997 1599 1037 in
1631 998 1718 1038 ious

112 1055 258 1096 aditum
292 1052 407 1110 er[it,
438 1057 519 1096 utei
552 1055 588 1096 id
621 1061 734 1097 recte
767 1055 857 1107 fiat,
899 1056 949 1096 ita
981 1057 1063 1096 utei
1094 1056 1130 1096 ei
1162 1068 1184 1096 e
1215 1068 1260 1096 re
1290 1055 1444 1110 publica
1485 1055 1616 1097 fideve
1648 1068 1720 1098 sua

114 1114 322 1156 videbitur.

814 1173 938 1227 Caput
970 1174 1018 1214 X.

252 1243 365 1297 Ager
396 1244 509 1286 locus
542 1246 686 1294 omnis,
720 1245 810 1297 quei
843 1241 987 1298 sup]ra
1020 1244 1191 1297 scriptus
1225 1248 1307 1295 est,
1350 1242 1456 1296 quod
1489 1244 1575 1285 eius
1609 1244 1721 1297 agrei

111 1303 214 1344 locei
245 1308 334 1356 post
367 1303 401 1343 h.
435 1304 457 1344 1.
491 1316 578 1356 rog.
612 1303 811 1357 publicum
845 1304 1002 1356 populei
1034 1303 1213 1343 ro'inanei
1246 1303 1343 1353 erit,
1376 1308 1488 1342 extra
1522 1316 1609 1343 eum
1643 1316 1719 1357 ag-

115 1360 216 1416 [rum
250 1362 379 1403 locum
413 1363 504 1414 quei
537 1375 636 1415 ager
667 1362 779 1402 locus
813 1374 863 1400 ex
895 1361 985 1414 lege
1017 1360 1199 1414 plebeive
1232 1363 1355 1410 scito,
1389 1361 1494 1413 quod
1528 1361 1568 1401 C.
1604 1362 1721 1402 Sem-

112 1422 277 1474 pronius
312 1421 368 1461 Ti.
402 1420 428 1460 f.
462 1426 510 1460 tr.
544 1421 593 1473 pl.
626 1433 736 1473 rog„
780 1425 989 1473 exceptum
1023 1421 1244 1460 cavitumve
1277 1425 1335 1460 est
1368 1420 1430 1459 uei
1464 1419 1721 1472 divideretur,

114 1482 146 1520 is
178 1493 276 1533 ager
307 1481 481 1533 privatus
515 1481 577 1519 nei
611 1478 739 1534 esto],
782 1480 897 1518 neive
942 1480 973 1519 is
1007 1491 1105 1531 ager
1148 1491 1408 1531 compascuos
1452 1483 1562 1530 esto,
1605 1482 1721 1519 neive

113 1540 151 1579 in
185 1551 234 1580 eo
267 1551 365 1593 agro
398 1551 537 1592 agrum
570 1543 808 1591 occupatum
826 1535 866 1592 2)
900 1538 1056 1589 habeto,
1088 1539 1203 1578 neive
1227 1537 1442 1589 defendito,
1476 1534 1571 1591 [quo
1595 1540 1721 1580 minus

112 1687 301 1720 cautumve
334 1687 388 1718 est
419 1694 463 1718 ne
496 1682 739 1728 divideretur,
781 1682 941 1718 triumvir
982 1682 1014 1718 ei
1047 1681 1113 1718 civi
1145 1693 1293 1718 romano
1334 1681 1561 1717 sociorumve
1601 1682 1722 1719 norni-

111 1742 213 1779 nisve
246 1741 343 1778 latini
384 1753 511 1788 agrum
543 1742 661 1778 locum
703 1741 897 1778 aedificium
931 1741 1029 1777 dedit
1061 1741 1238 1786 reddidit,
1278 1741 1500 1786 adsignavit,
1544 1741 1646 1777 cuive
1678 1742 1721 1778 ab

112 1812 157 1837 eo
190 1801 372 1837 heredeve
404 1801 480 1836 eius
513 1801 541 1837 is
576 1813 664 1847 ager
696 1801 794 1837 locus
829 1805 1044 1837 testamento
1083 1799 1275 1836 hereditati
1308 1800 1527 1836 deditionive
1560 1801 1721 1847 obvenit,

112 1859 372 1905 obveneritve,
405 1859 510 1907 quive
544 1860 645 1905 emit,
679 1860 870 1906 emeritve,
903 1860 1007 1907 quive
1040 1860 1082 1896 ab
1116 1863 1279 1907 emptore
1312 1859 1385 1895 eius
1418 1859 1503 1895 emit
1533 1860 1721 1906 emeritve,

111 1919 140 1956 is
171 1931 261 1966 ager
292 1919 450 1967 privatus
483 1923 572 1955 esto.

253 1978 364 2022 Quem
398 1990 523 2024 agrum
563 1978 680 2014 locum
715 1978 914 2014 aedificium
959 1977 1118 2014 triumvir
1160 1978 1204 2013 de
1237 1989 1282 2014 eo
1315 1988 1404 2023 agro
1443 1976 1524 2012 loco
1558 1976 1722 2014 aedificio

112 2048 180 2085 pro
220 2048 265 2073 eo
308 2047 397 2083 agro
443 2038 549 2082 loco,
601 2049 671 2084 quo
714 2038 890 2074 coloniam
935 2037 1081 2073 deduxit
1123 2036 1167 2072 ita
1209 2036 1257 2073 uti
1299 2048 1402 2083 supra
1444 2035 1611 2083 scriptum
1655 2041 1721 2082 est,

114 2107 237 2142 agrum
269 2096 386 2132 locum
419 2096 615 2132 aedificium
650 2097 774 2141 dedit,
807 2096 980 2141 reddidit,
1013 2096 1235 2142 adsignavit,
1280 2095 1337 2142 qui
1369 2099 1516 2142 praetor
1548 2096 1720 2131 consoive

114 2156 158 2191 de
192 2166 235 2191 eo
270 2166 360 2200 agro
403 2155 484 2191 loco
528 2156 691 2192 aedificio
735 2168 779 2191 ex
814 2156 878 2191 hac
922 2157 1003 2201 iege
1036 2155 1085 2190 ius
1121 2155 1235 2198 dicet,
1278 2166 1346 2201 quo
1381 2155 1425 2189 de
1458 2166 1497 2189 ea
1531 2165 1568 2189 re
1602 2154 1633 2189 in
1668 2154 1720 2190 ius

114 2214 244 2250 aditum
277 2214 356 2259 erit,
389 2213 415 2249 is
451 2214 493 2249 de
527 2226 567 2250 ea
601 2226 638 2250 re
672 2215 716 2250 ita
749 2215 800 2250 ius
833 2214 954 2259 dicito,
989 2214 1259 2260 decernitoque,
1293 2213 1338 2248 uti
1372 2212 1634 2261 possessionem
1657 2225 1721 2249 se-

114 2274 265 2309 cuudum
299 2285 377 2309 eum
410 2272 627 2309 heredemve
661 2274 734 2310 eius
769 2275 841 2318 det,
875 2273 928 2309 cui
961 2273 1120 2309 triumvir
1154 2284 1232 2308 euin
1265 2284 1388 2318 agrum
1425 2273 1538 2307 locum
1572 2283 1637 2319 pro
1673 2284 1718 2309 eo

113 2343 203 2379 agro
236 2332 338 2377 loco,
380 2343 450 2379 quo
483 2333 660 2369 coloniam
693 2333 863 2378 deduxit,
907 2333 1004 2368 dedit
1037 2331 1189 2368 reddidit
1230 2330 1495 2377 assignavitve,
1539 2330 1720 2379 facitoque

113 2391 140 2428 is
171 2395 320 2440 praetor
351 2391 548 2436 consolve,
590 2403 661 2439 quo
694 2392 738 2427 de
772 2404 813 2427 ea
846 2403 884 2428 re
917 2391 949 2427 in
982 2391 1034 2427 ius
1067 2390 1198 2426 aditum
1229 2390 1319 2436 erit,
1363 2391 1411 2427 uti
1445 2390 1480 2426 id
1512 2393 1614 2426 recte
1645 2390 1720 2437 fiat,

111 2449 159 2487 ita
191 2450 240 2487 uti
272 2449 304 2486 ei
336 2461 356 2486 e
387 2461 427 2486 re
458 2450 599 2498 publica
632 2451 749 2488 fidere
779 2463 841 2487 sua
873 2450 1067 2486 videbitur.

825 2520 940 2569 Caput
970 2520 1012 2557 X.

253 2578 355 2625 Ager
385 2579 485 2615 locus
518 2579 651 2626 omnis,
690 2579 748 2627 qui
780 2592 884 2628 supra
916 2580 1064 2627 scriptus
1097 2582 1150 2615 est
1181 2578 1277 2625 quod
1311 2578 1386 2615 eius
1421 2578 1496 2625 agri
1529 2578 1598 2616 loci
1631 2584 1717 2628 post

114 2637 204 2675 hano
234 2637 352 2683 legem
384 2643 546 2685 rogatam
579 2639 756 2687 pubiicum
787 2639 911 2687 populi
941 2638 1076 2675 romani
1109 2637 1174 2673 erit
1207 2643 1307 2674 extra
1337 2650 1413 2674 eum
1439 2650 1561 2683 agrum
1589 2639 1718 2687 iocum,

116 2696 173 2744 qui
205 2708 293 2742 ager
324 2697 424 2733 locus
456 2709 501 2733 ex
534 2697 616 2745 lege
649 2698 792 2746 piebive
824 2698 937 2742 scito,
983 2696 1077 2744 quod
1116 2695 1154 2733 C.
1186 2697 1414 2745 Sempronius
1457 2698 1585 2734 Tiberii
1628 2699 1717 2736 filius

115 2755 274 2791 tribunus
308 2756 421 2803 plebis
453 2757 598 2802 rogavit
630 2762 819 2805 exceptum
853 2761 1037 2792 cautumve
1069 2759 1187 2791 estne
1212 2756 1443 2801 divideretur,
1474 2756 1500 2791 is
1525 2769 1612 2803 ager
1637 2758 1717 2806 pri-

116 2819 216 2850 vatus
248 2826 292 2851 ne
325 2819 416 2860 esto,
449 2827 539 2852 neve
572 2815 599 2851 is
633 2827 722 2862 ager
753 2827 986 2864 compascuus
1020 2819 1119 2861 esto,
1151 2826 1243 2851 neve
1277 2816 1351 2862 quis
1384 2815 1416 2850 iu
1449 2826 1493 2851 eo
1525 2828 1614 2863 agro
1648 2828 1717 2854 oc-

257 2950 295 2994 1]
320 2963 401 2997 pro:
426 2953 588 2987 heredeoe.
616 2972 655 2976 —
683 2952 720 2996 2]
740 2953 854 2987 tabula
879 2951 1057 2986 mendose:
1082 2959 1252 2998 ooupacnm
1277 2954 1363 2986 sicut
1387 2963 1465 2987 mox
1487 2955 1716 2990 cowdzcctuwve

119 3007 181 3040 pro
206 3000 448 3034 conductumve.
