1918 3313
234 144 266 186 §.
292 142 326 178 3.
373 141 556 178 Numinum
581 142 770 178 italicorum
795 147 829 177 et
852 142 1114 187 peregrinorum
1140 144 1295 188 inprimis
1317 144 1645 190 septentrionalium.
1692 143 1743 188 31

273 251 369 288 297.
433 248 549 291 Atilia
581 248 786 304 Syntyclie
817 261 891 303 pro
935 249 979 290 T.
1012 248 1130 291 Atilio
1172 250 1304 293 Paullo
1345 249 1517 294 Auxiliis
1559 252 1604 293 V.
1637 251 1673 294 S.
1707 252 1749 294 L.

131 308 181 350 M.
214 332 270 339 ——
302 310 481 355 Mutinae3
513 312 546 348 in
581 312 689 348 arula.
721 311 885 348 Bulletin.
919 312 1015 348 arch.
1053 311 1174 349 1846.
1206 326 1240 361 p.
1273 313 1340 352 28.

274 388 370 425 298.
431 385 619 427 Mestrius
652 386 841 427 Mariinus
862 383 897 440 1)
930 386 1061 439 pictor
1104 388 1303 428 constituit
1341 399 1414 441 pro
1445 387 1576 429 salute
1607 401 1679 430 sua
1711 393 1750 430 et

130 457 297 488 suorum
329 444 461 486 fanum
496 445 697 486 Dominar.
730 469 786 474 —
817 448 933 484 Albae
965 448 1087 485 Iuliae.
1120 449 1216 486 Grut.
1250 450 1315 486 90.
1348 450 1444 487 Orel.
1477 449 1602 487 4260.

271 524 367 561 299.
428 521 589 562 Finibus
622 525 662 561 et
705 520 831 562 Genio
863 521 940 562 loci
974 526 1013 561 et
1044 521 1070 562 1.
1105 521 1151 563 Ο.
1185 522 1236 562 Μ.
1272 522 1378 564 milit.
1421 523 1499 578 leg.
1539 523 1664 565 XXX.
1700 524 1743 565 V.

131 582 175 622 V.
192 579 233 637 2)
383 579 606 621 Massianus
639 580 845 621 Secundus
878 586 917 621 et
950 580 992 620 L.
1027 580 1213 622 Aurelius
1246 582 1378 623 Dosso
1410 583 1455 623 V.
1479 582 1517 624 S.
1540 582 1581 624 L.
1616 583 1668 625 M.
1698 605 1755 614 —

130 643 283 680 Fornich
316 653 434 691 prope
466 642 730 679 Andernacum.
793 642 946 679 Steiner.
978 655 1010 678 n.
1046 643 1140 680 749.

272 719 368 756 300.
429 716 543 757 Fonti
575 716 830 757 sanctissimo
863 729 1031 757 sacrum.
1065 717 1106 757 P.
1141 717 1350 759 Cornelius
1383 717 1586 772 Synethus
1629 723 1668 759 et
1699 717 1749 760 M.

130 776 274 817 Varius
306 775 603 829 Epitynclianus
637 775 681 815 D.
715 775 759 815 D.
797 799 851 804 —
886 779 1040 816 Fabrett.
1074 792 1103 816 c.
1132 780 1167 816 6.
1200 791 1232 817 n.
1256 780 1291 817 7.
1324 792 1358 829 p.
1391 780 1486 817 432.
1520 780 1571 818 cf.
1603 781 1756 818 Rudorff

129 838 163 876 in
195 839 358 885 Savigny
388 837 595 874 Zeitschrist
627 837 649 874 f.
687 838 724 874 R.
756 835 837 875 XV.
869 850 903 886 p.
938 837 1032 875 216.

273 913 369 952 301.
431 911 632 952 Fortunae
664 925 744 952 sac.
790 912 990 953 Brittones
1034 909 1193 967 T1·ip.³)
1228 913 1294 965 qui
1335 918 1425 954 sunt
1467 914 1540 955 sub
1581 927 1674 955 cura
1707 915 1750 955 T.

128 971 234 1014 Mani
250 968 290 1025 ⁴)
324 971 368 1011 T.
401 970 441 1012 F.
474 970 592 1012 Pollia
624 971 757 1026 Magni
785 971 945 1024 Senope
976 967 1011 1027 ‘7
1040 972 1117 1026 leg.
1145 971 1264 1012 XXll.
1299 972 1338 1013 P.
1373 973 1411 1013 P.
1444 972 1485 1013 F.
1503 970 1542 1028 ⁵]
1572 973 1619 1014 O.
1642 974 1682 1014 P.
1699 971 1750 1027 ⁶).

128 1052 186 1061 —--
218 1033 415 1072 Sclilossau
447 1033 480 1069 in
512 1032 602 1069 silva
636 1032 786 1069 Odonia.
819 1033 946 1081 Knapp
980 1034 1078 1070 Boni.
1114 1034 1261 1070 Denkm.
1306 1035 1337 1071 d.
1371 1034 1585 1073 Odenwald.
1617 1047 1651 1084 p.
1684 1035 1751 1072 23.

127 1093 313 1130 Leichtlen
345 1092 566 1138 Forschung.
599 1092 640 1128 11.
674 1104 707 1140 p.
745 1091 808 1129 12.
850 1092 1004 1129 Wiener
1035 1094 1086 1130 De
1119 1093 1191 1139 leg.
1229 1093 1421 1131 Romanor.
1453 1094 1561 1132 vices.
1604 1094 1751 1132 secund.

128 1165 163 1201 p.
199 1151 292 1188 107.

271 1227 366 1265 302.
428 1224 556 1266 Genio
599 1224 837 1278 Anigenimo
880 1225 1058 1267 cultores
1101 1226 1186 1267 eius
1225 1227 1271 1266 V.
1304 1226 1343 1269 S.
1376 1226 1420 1267 L.
1452 1227 1504 1268 M.
1548 1250 1604 1257 —
1646 1230 1750 1279 Cilly.

128 1287 276 1325 Muchar
308 1288 424 1324 Gesch
457 1299 489 1324 v.
521 1286 755 1323 Steierinark.
788 1299 822 1335 p.
857 1286 952 1324 353.

272 1364 368 1401 303.
432 1360 558 1402 Genio
601 1361 768 1401 civitatis
812 1360 922 1402 Ordo
970 1360 1166 1402 Celeicns.
1201 1385 1256 1392 --
1289 1364 1392 1411 Cilly.
1437 1365 1582 1402 Muchar
1623 1365 1750 1403 Gesch.

128 1435 162 1462 v.
193 1423 425 1461 Steiermark.
459 1435 492 1471 p.
526 1422 622 1459 354.

270 1500 366 1537 304.
426 1496 467 1537 ln
499 1496 543 1537 H.
577 1497 623 1537 D.
658 1497 704 1537 D.
740 1496 865 1538 Genio
898 1496 1042 1550 collegi
1074 1497 1298 1538 iuventutis.
1326 1497 1484 1538 Consat.
1518 1502 1558 1539 et
1579 1497 1752 1539 Pretex-

129 1561 209 1598 tato
244 1555 333 1598 Cos.
367 1580 422 1585 —
456 1558 663 1596 Altenstadt
695 1559 728 1596 in
762 1558 897 1596 llassia.
941 1559 1085 1596 Steiner
1128 1559 1274 1597 Archiv.
1319 1560 1375 1596 fur
1406 1560 1507 1597 Iless.
1550 1560 1677 1598 Gescli.
1710 1560 1753 1598 11.

128 1631 163 1668 p.
200 1618 293 1657 107.

272 1695 366 1732 305.
430 1691 556 1735 Genio
587 1692 706 1733 famil.
739 1693 925 1734 monetal.
968 1692 1194 1734 Demetrius
1238 1693 1350 1735 Caes.
1394 1693 1442 1734 N.
1475 1691 1611 1750 ser.⁶)
1643 1693 1752 1748 Epa-

128 1751 400 1806 phroditianus
432 1751 481 1793 de
513 1751 550 1793 S.
583 1752 624 1792 P.
657 1752 702 1792 1).
736 1752 780 1792 D.
795 1749 853 1807 ὃ).
886 1775 942 1781 —
975 1755 1120 1792 Romae.
1152 1755 1292 1792 Fabret.
1326 1768 1359 1804 p.
1395 1757 1460 1793 77.

271 1831 370 1868 306.
433 1828 475 1869 C.
507 1828 682 1870 Marcius
716 1829 757 1870 C.
790 1829 831 1870 F.
864 1829 981 1884 Scrg.
1006 1829 1212 1871 Salvianus
1236 1829 1372 1871 Norba
1402 1829 1528 1872 Genio
1551 1830 1755 1872 centuriae

129 1888 217 1929 coh.
250 1888 298 1929 X.
331 1900 389 1942 pr.
421 1885 457 1943 7
487 1888 597 1929 Mari.
631 1888 756 1939 Bassi,
788 1888 826 1929 in
860 1901 936 1941 qua
970 1888 1145 1930 militarit
1176 1888 1225 1929 A.
1259 1889 1378 1930 XIIX.
1412 1894 1508 1931 voto
1550 1895 1754 1944 suscepto,

127 1948 273 1989 missus
305 1946 472 1989 honesta
505 1948 693 1988 missione
726 1948 787 1988 Pr.
820 1947 922 1988 Non.
956 1948 1169 1989 lanuarias.
1204 1948 1249 1996 Q.
1281 1949 1403 1990 Fabio
1437 1948 1657 1998 catullino,
1698 1949 1750 1990 M.

128 2006 264 2048 Flavio
296 2005 407 2060 Apro
441 2006 532 2048 Cos.
549 2003 591 2062 ⁹)
624 2006 770 2048 Animo
802 2007 928 2048 libens
962 2019 1069 2048 aram
1101 2020 1210 2048 suam
1231 2003 1285 2061 ¹⁰)
1317 2008 1486 2060 pecunia
1519 2008 1662 2060 posuit.
1695 2030 1751 2035 --

128 2068 202 2105 Ara
234 2079 435 2105 marmorea
470 2069 602 2105 Romae
636 2069 670 2105 in
703 2080 789 2105 muS.
823 2069 939 2106 Vatic.
982 2070 1083 2106 Grut.
1118 2069 1251 2106 1036.
1283 2069 1446 2107 Morcell.
1477 2069 1553 2106 Stil.
1585 2081 1620 2118 p.
1653 2067 1750 2107 278.

130 2127 344 2165 Kellerrnan.
377 2128 451 2164 Lat.
484 2140 518 2176 p.
551 2127 618 2165 55.
651 2140 682 2164 n.
720 2127 812 2165 123.

272 2205 368 2241 307.
431 2233 630 2242 .........
652 2199 706 2256 11)
739 2200 842 2257 Aug.
877 2203 990 2243 matri
1031 2201 1165 2256 Augg.
1201 2206 1240 2242 et
1270 2201 1371 2243 kast.
1393 2199 1449 2258 ¹²)
1482 2202 1508 2243 1.
1543 2202 1590 2243 O.
1623 2202 1677 2243 M.
1712 2207 1751 2243 et

128 2259 211 2302 Iun.
245 2261 316 2302 Re.
337 2258 392 2315 ¹3)
427 2265 466 2301 et
498 2260 639 2302 Miner.
672 2274 753 2303 sac.
788 2262 914 2303 Genio
948 2262 1034 2303 coli.
1067 2261 1125 2302 ΙΙΙ.
1160 2260 1254 2301 Brit.
1274 2258 1330 2316 ¹⁴)
1363 2274 1470 2302 aram
1504 2262 1547 2302 T.
1581 2261 1635 2302 Fl.
1667 2261 1750 2302 Fe-

129 2319 186 2360 lix
216 2319 346 2361 Pracf.
380 2333 432 2360 ex
463 2324 557 2362 voto
589 2322 735 2373 posuit,
768 2320 810 2360 L.
844 2321 894 2361 M.
917 2318 972 2375 ¹⁵)
1007 2320 1203 2361 dedicavit
1233 2320 1316 2361 Kal.
1348 2320 1445 2362 Dec.
1481 2320 1676 2362 Gentiano
1709 2325 1749 2361 et

128 2379 254 2421 Basso
288 2380 378 2420 COS.
400 2376 457 2434 ¹⁶]
490 2403 546 2407 —
578 2383 708 2429 Eining
740 2382 772 2419 in
806 2383 930 2419 Bavar.
972 2382 1167 2427 inferiore,
1211 2394 1304 2419 nunc
1336 2382 1369 2419 in
1404 2383 1576 2430 antiquar.
1609 2383 1747 2419 Monac.

129 2441 256 2489 Apian.
287 2454 321 2489 p.
355 2440 450 2478 442.
484 2441 580 2478 Grut.
622 2454 657 2489 p.
692 2441 757 2478 24.
802 2442 1006 2478 emendavit
1038 2446 1073 2477 et
1106 2441 1277 2488 explicuit
1319 2453 1353 2479 v.
1385 2442 1520 2479 Hefner
1561 2441 1627 2478 Die
1658 2445 1749 2478 rom.

130 2500 370 2547 Denkmffler,
402 2500 456 2537 in:
490 2500 716 2548 Oberbayer.
748 2501 893 2538 Archiv.
927 2502 985 2538 Vl.
1019 2513 1053 2549 p.
1091 2499 1183 2537 175.

272 2627 310 2672 1)
336 2629 497 2663 fortasse:
531 2629 709 2662 Martinus.
742 2628 896 2672 Hagenb.
929 2645 972 2650 -—
1007 2625 1046 2669 2)
1081 2626 1227 2668 milites,
1260 2627 1338 2661 vel:
1370 2625 1534 2660 militibus
1567 2623 1605 2666 (i.
1631 2636 1661 2659 e.
1685 2635 1749 2670 pro

130 2675 308 2719 militibus)
345 2677 488 2719 legionis
523 2676 627 2710 XXX.
659 2676 793 2720 Ellpiae
828 2677 994 2709 victricis.
1022 2692 1063 2696 Ἀ
1091 2672 1129 2716 3)
1156 2674 1398 2718 Triputienses.
1426 2691 1467 2696 ——
1494 2671 1533 2715 4)
1559 2672 1680 2717 Knapp
1715 2678 1750 2706 et

130 2722 301 2757 Leiclitlen
328 2724 466 2769 legunt:
499 2723 648 2757 Manilii.
685 2723 846 2757 Wiener.-
870 2723 976 2755 Msmi.
1001 2739 1045 2744 —
1074 2719 1112 2764 5)
1137 2722 1362 2766 primigeniae
1388 2722 1464 2774 piae
1491 2719 1610 2753 fidelis.
1638 2737 1680 2774 --.
1708 2718 1747 2763 6)

132 2781 216 2814 opus
243 2771 468 2815 perfecerunt.
497 2788 538 2792 -
566 2769 604 2813 7)
631 2769 926 2825 Caesari-snnostri
952 2780 1080 2802 servus.
1109 2786 1150 2791 —
1176 2767 1215 2811 8)
1241 2781 1302 2803 sua
1337 2767 1575 2849 {ticussiafdat
1601 2767 1751 2847 dedipat.

131 2864 169 2899 In
193 2815 505 2899 ffgnozerffhdoiriiuos
530 2817 877 2906 (Ιίνίἒιὲἐςιίἓῧῶἱῗιθ
887 2826 1052 2896 ὴὲἑὲῗὲῗη
1064 2814 1451 2897 Ρ1Ὶι(ι)11ειὲυῗ)οοῐηηειθ.)->
1467 2821 1751 2906 θῘὲῗΑῗλέυξῑίῗ

132 2922 207 3001 {¹33¹
241 2918 509 2994 etcfiastfflrpm.
536 2929 577 2934 —
607 2910 667 2954 13)
701 2913 852 2956 reginae.
878 2928 923 2933 —
952 2908 1010 2952 14)
1044 2909 1229 2945 Britonum.
1255 2925 1299 2935 -
1328 2910 1381 2943 15.
1407 2908 1520 2944 libens
1543 2911 1678 2945 merito.
1703 2925 1748 2932 --

221 2970 254 3004 p.
331 2971 357 2993 r.
456 2985 464 2994 .
