<?xml version="1.0" encoding="UTF-8"?>
<!DOCTYPE html PUBLIC "-//W3C//DTD XHTML 1.0 Transitional//EN"
    "http://www.w3.org/TR/xhtml1/DTD/xhtml1-transitional.dtd">
<html xmlns="http://www.w3.org/1999/xhtml" xml:lang="en" lang="en">
 <head>
  <title>
</title>
<meta http-equiv="Content-Type" content="text/html;charset=utf-8" />
  <meta name='ocr-system' content='tesseract 3.04.00' />
  <meta name='ocr-capabilities' content='ocr_page ocr_carea ocr_par ocr_line ocrx_word'/>
</head>
<body>
  <div class='ocr_page' id='page_1' title='image "./handbuchderrmi0103zelluoft_0390.png"; bbox 0 0 1877 3313; ppageno 0'>
   <div class='ocr_carea' id='block_1_1' title="bbox 94 177 1247 224">
    <p class='ocr_par' dir='ltr' id='par_1_1' title="bbox 94 177 1247 224">
     <span class='ocr_line' id='line_1_1' title="bbox 94 177 1247 224; baseline -0.003 -8"><span class='ocrx_word' id='word_1_1' title='bbox 94 180 182 223; x_wconf 76' lang='grc'><strong>370</strong></span> <span class='ocrx_word' id='word_1_2' title='bbox 541 177 646 213; x_wconf 91' lang='lat' dir='ltr'><strong>Inscr.</strong></span> <span class='ocrx_word' id='word_1_3' title='bbox 669 178 845 224; x_wconf 83' lang='lat' dir='ltr'><strong>profanae.</strong></span> <span class='ocrx_word' id='word_1_4' title='bbox 893 177 973 223; x_wconf 90' lang='lat' dir='ltr'><strong>Cap.</strong></span> <span class='ocrx_word' id='word_1_5' title='bbox 999 177 1040 213; x_wconf 90' lang='grc' dir='ltr'><strong>Π.</strong></span> <span class='ocrx_word' id='word_1_6' title='bbox 1086 177 1247 213; x_wconf 85' lang='lat' dir='ltr'><strong>Tabulae.</strong></span> 
     </span>
    </p>
   </div>
   <div class='ocr_carea' id='block_1_2' title="bbox 91 285 1710 1922">
    <p class='ocr_par' dir='ltr' id='par_1_2' title="bbox 91 285 1708 1336">
     <span class='ocr_line' id='line_1_2' title="bbox 96 285 1702 335; baseline -0.002 -9"><span class='ocrx_word' id='word_1_7' title='bbox 96 286 257 326; x_wconf 88' lang='lat' dir='ltr'><strong>Caesaris</strong></span> <span class='ocrx_word' id='word_1_8' title='bbox 299 285 417 323; x_wconf 91' lang='lat' dir='ltr'><strong>obitus</strong></span> <span class='ocrx_word' id='word_1_9' title='bbox 449 287 632 324; x_wconf 84' lang='lat' dir='ltr'><strong>nunciatus</strong></span> <span class='ocrx_word' id='word_1_10' title='bbox 679 287 723 324; x_wconf 91' lang='lat' dir='ltr'><strong>sit</strong></span> <span class='ocrx_word' id='word_1_11' title='bbox 755 299 865 335; x_wconf 91' lang='lat' dir='ltr'><strong>usque</strong></span> <span class='ocrx_word' id='word_1_12' title='bbox 898 287 940 323; x_wconf 88' lang='lat' dir='ltr'><strong>ad</strong></span> <span class='ocrx_word' id='word_1_13' title='bbox 973 298 1053 324; x_wconf 90' lang='lat' dir='ltr'><strong>eum</strong></span> <span class='ocrx_word' id='word_1_14' title='bbox 1084 287 1193 334; x_wconf 85' lang='lat' dir='ltr'><strong>diem,</strong></span> <span class='ocrx_word' id='word_1_15' title='bbox 1240 296 1312 335; x_wconf 91' lang='lat' dir='ltr'><strong>quo</strong></span> <span class='ocrx_word' id='word_1_16' title='bbox 1357 296 1439 323; x_wconf 89' lang='lat' dir='ltr'><strong>ossa</strong></span> <span class='ocrx_word' id='word_1_17' title='bbox 1478 285 1589 324; x_wconf 82' lang='lat' dir='ltr'><strong>relata</strong></span> <span class='ocrx_word' id='word_1_18' title='bbox 1631 285 1702 323; x_wconf 82' lang='lat' dir='ltr'><strong>sint</strong></span> 
     </span>
     <span class='ocr_line' id='line_1_3' title="bbox 95 344 1702 394; baseline -0.001 -10"><span class='ocrx_word' id='word_1_19' title='bbox 95 348 138 384; x_wconf 87' lang='lat' dir='ltr'><strong>ab</strong></span> <span class='ocrx_word' id='word_1_20' title='bbox 171 345 264 382; x_wconf 91' lang='lat' dir='ltr'><strong>omni</strong></span> <span class='ocrx_word' id='word_1_21' title='bbox 308 345 444 382; x_wconf 88' lang='lat' dir='ltr'><strong>laetitia</strong></span> <span class='ocrx_word' id='word_1_22' title='bbox 476 346 737 393; x_wconf 80' lang='lat' dir='ltr'><strong>abstineretur,</strong></span> <span class='ocrx_word' id='word_1_23' title='bbox 779 352 888 394; x_wconf 90' lang='lat' dir='ltr'><strong>utque</strong></span> <span class='ocrx_word' id='word_1_24' title='bbox 928 345 977 382; x_wconf 86' lang='lat' dir='ltr'><strong>itti</strong></span> <span class='ocrx_word' id='word_1_25' title='bbox 1019 346 1147 383; x_wconf 89' lang='lat' dir='ltr'><strong>eodem</strong></span> <span class='ocrx_word' id='word_1_26' title='bbox 1191 346 1301 383; x_wconf 89' lang='lat' dir='ltr'><strong>modo</strong></span> <span class='ocrx_word' id='word_1_27' title='bbox 1340 355 1412 393; x_wconf 89' lang='lat' dir='ltr'><strong>quo</strong></span> <span class='ocrx_word' id='word_1_28' title='bbox 1449 344 1558 382; x_wconf 83' lang='lat' dir='ltr'><strong>Lucio</strong></span> <span class='ocrx_word' id='word_1_29' title='bbox 1600 345 1702 382; x_wconf 79' lang='lat' dir='ltr'><strong>tratri</strong></span> 
     </span>
     <span class='ocr_line' id='line_1_4' title="bbox 93 403 1702 454; baseline -0.001 -13"><span class='ocrx_word' id='word_1_30' title='bbox 93 408 366 454; x_wconf 84' lang='lat' dir='ltr'><strong>parentaretur,</strong></span> <span class='ocrx_word' id='word_1_31' title='bbox 409 416 511 441; x_wconf 91' lang='lat' dir='ltr'><strong>arcus</strong></span> <span class='ocrx_word' id='word_1_32' title='bbox 542 404 686 453; x_wconf 89' lang='lat' dir='ltr'><strong>insuper</strong></span> <span class='ocrx_word' id='word_1_33' title='bbox 727 410 764 441; x_wconf 86' lang='lat' dir='ltr'><strong>et:</strong></span> <span class='ocrx_word' id='word_1_34' title='bbox 805 409 942 441; x_wconf 79' lang='lat' dir='ltr'><strong>statuae</strong></span> <span class='ocrx_word' id='word_1_35' title='bbox 982 409 1216 453; x_wconf 75' lang='lat' dir='ltr'><strong>ponerentur.</strong></span> <span class='ocrx_word' id='word_1_36' title='bbox 1278 405 1332 441; x_wconf 84' lang='lat' dir='ltr'><strong>De</strong></span> <span class='ocrx_word' id='word_1_37' title='bbox 1373 404 1489 441; x_wconf 84' lang='lat' dir='ltr'><strong>forma</strong></span> <span class='ocrx_word' id='word_1_38' title='bbox 1527 403 1702 442; x_wconf 85' lang='lat' dir='ltr'><strong>exteriori</strong></span> 
     </span>
     <span class='ocr_line' id='line_1_5' title="bbox 94 462 1702 510; baseline 0 -10"><span class='ocrx_word' id='word_1_39' title='bbox 94 463 293 500; x_wconf 86' lang='lat' dir='ltr'><strong>tabularum</strong></span> <span class='ocrx_word' id='word_1_40' title='bbox 326 468 362 500; x_wconf 88' lang='lat' dir='ltr'><strong>et</strong></span> <span class='ocrx_word' id='word_1_41' title='bbox 395 464 440 500; x_wconf 85' lang='lat' dir='ltr'><strong>de</strong></span> <span class='ocrx_word' id='word_1_42' title='bbox 471 462 650 501; x_wconf 92' lang='lat' dir='ltr'><strong>scribendi</strong></span> <span class='ocrx_word' id='word_1_43' title='bbox 680 465 820 501; x_wconf 88' lang='lat' dir='ltr'><strong>ratione</strong></span> <span class='ocrx_word' id='word_1_44' title='bbox 853 463 934 499; x_wconf 83' lang='lat' dir='ltr'><strong>addi</strong></span> <span class='ocrx_word' id='word_1_45' title='bbox 967 463 1002 499; x_wconf 92' lang='lat' dir='ltr'><strong>h.</strong></span> <span class='ocrx_word' id='word_1_46' title='bbox 1034 463 1056 499; x_wconf 88' lang='grc' dir='ltr'><strong>Ι.</strong></span> <span class='ocrx_word' id='word_1_47' title='bbox 1089 463 1240 500; x_wconf 87' lang='lat' dir='ltr'><strong>alienum</strong></span> <span class='ocrx_word' id='word_1_48' title='bbox 1273 474 1344 500; x_wconf 90' lang='lat' dir='ltr'><strong>non</strong></span> <span class='ocrx_word' id='word_1_49' title='bbox 1376 462 1469 509; x_wconf 87' lang='lat' dir='ltr'><strong>erit,</strong></span> <span class='ocrx_word' id='word_1_50' title='bbox 1500 473 1592 510; x_wconf 89' lang='lat' dir='ltr'><strong>quae</strong></span> <span class='ocrx_word' id='word_1_51' title='bbox 1623 463 1702 500; x_wconf 85' lang='lat' dir='ltr'><strong>Go-</strong></span> 
     </span>
     <span class='ocr_line' id='line_1_6' title="bbox 93 517 1703 573; baseline 0 -15"><span class='ocrx_word' id='word_1_52' title='bbox 93 522 166 558; x_wconf 91' lang='lat' dir='ltr'><strong>rius</strong></span> <span class='ocrx_word' id='word_1_53' title='bbox 198 522 319 559; x_wconf 76' lang='lat' dir='ltr'><strong>adfert</strong></span> <span class='ocrx_word' id='word_1_54' title='bbox 349 517 552 573; x_wconf 86' lang='lat' dir='ltr'><strong>(Inscriptt.</strong></span> <span class='ocrx_word' id='word_1_55' title='bbox 593 523 709 560; x_wconf 85' lang='lat' dir='ltr'><strong>Etrur.</strong></span> <span class='ocrx_word' id='word_1_56' title='bbox 741 523 775 558; x_wconf 88' lang='grc' dir='ltr'><strong>Ρ.</strong></span> <span class='ocrx_word' id='word_1_57' title='bbox 809 522 851 559; x_wconf 90' lang='lat' dir='ltr'><strong>II.</strong></span> <span class='ocrx_word' id='word_1_58' title='bbox 882 534 918 570; x_wconf 89' lang='lat' dir='ltr'><strong>p.</strong></span> <span class='ocrx_word' id='word_1_59' title='bbox 951 522 987 558; x_wconf 86' lang='grc'><strong>8.</strong></span> <span class='ocrx_word' id='word_1_60' title='bbox 1020 517 1105 573; x_wconf 80' lang='lat'><strong>9].:</strong></span> <span class='ocrx_word' id='word_1_61' title='bbox 1142 522 1297 570; x_wconf 71' lang='lat' dir='ltr'><strong>„alicubi</strong></span> <span class='ocrx_word' id='word_1_62' title='bbox 1330 521 1520 558; x_wconf 87' lang='lat' dir='ltr'><strong>observavi</strong></span> <span class='ocrx_word' id='word_1_63' title='bbox 1550 522 1613 559; x_wconf 82' lang='lat' dir='ltr'><strong>has</strong></span> <span class='ocrx_word' id='word_1_64' title='bbox 1640 526 1703 558; x_wconf 82' lang='lat' dir='ltr'><strong>ta-</strong></span> 
     </span>
     <span class='ocr_line' id='line_1_7' title="bbox 95 579 1703 629; baseline 0 -12"><span class='ocrx_word' id='word_1_65' title='bbox 95 581 198 617; x_wconf 89' lang='lat' dir='ltr'><strong>bulas</strong></span> <span class='ocrx_word' id='word_1_66' title='bbox 230 581 434 629; x_wconf 79' lang='lat' dir='ltr'><strong>perforatas</strong></span> <span class='ocrx_word' id='word_1_67' title='bbox 466 581 532 618; x_wconf 85' lang='lat' dir='ltr'><strong>sed</strong></span> <span class='ocrx_word' id='word_1_68' title='bbox 562 581 688 619; x_wconf 88' lang='lat' dir='ltr'><strong>clarius</strong></span> <span class='ocrx_word' id='word_1_69' title='bbox 721 593 797 618; x_wconf 89' lang='lat' dir='ltr'><strong>eam</strong></span> <span class='ocrx_word' id='word_1_70' title='bbox 829 592 920 628; x_wconf 90' lang='lat' dir='ltr'><strong>quae</strong></span> <span class='ocrx_word' id='word_1_71' title='bbox 953 581 997 616; x_wconf 93' lang='lat' dir='ltr'><strong>ad</strong></span> <span class='ocrx_word' id='word_1_72' title='bbox 1023 581 1164 617; x_wconf 90' lang='lat' dir='ltr'><strong>Lucium</strong></span> <span class='ocrx_word' id='word_1_73' title='bbox 1192 581 1383 617; x_wconf 89' lang='lat' dir='ltr'><strong>Caesarem</strong></span> <span class='ocrx_word' id='word_1_74' title='bbox 1403 584 1557 629; x_wconf 85' lang='lat' dir='ltr'><strong>spectat,</strong></span> <span class='ocrx_word' id='word_1_75' title='bbox 1587 579 1703 628; x_wconf 87' lang='lat' dir='ltr'><strong>siqui-</strong></span> 
     </span>
     <span class='ocr_line' id='line_1_8' title="bbox 95 638 1704 689; baseline 0 -13"><span class='ocrx_word' id='word_1_76' title='bbox 95 639 175 676; x_wconf 88' lang='lat' dir='ltr'><strong>dem</strong></span> <span class='ocrx_word' id='word_1_77' title='bbox 209 639 246 676; x_wconf 92' lang='lat' dir='ltr'><strong>in</strong></span> <span class='ocrx_word' id='word_1_78' title='bbox 275 639 392 688; x_wconf 91' lang='lat' dir='ltr'><strong>primo</strong></span> <span class='ocrx_word' id='word_1_79' title='bbox 433 651 539 677; x_wconf 89' lang='lat' dir='ltr'><strong>versu</strong></span> <span class='ocrx_word' id='word_1_80' title='bbox 569 645 652 689; x_wconf 90' lang='lat' dir='ltr'><strong>post</strong></span> <span class='ocrx_word' id='word_1_81' title='bbox 683 640 774 677; x_wconf 89' lang='lat' dir='ltr'><strong>haec</strong></span> <span class='ocrx_word' id='word_1_82' title='bbox 806 640 915 676; x_wconf 89' lang='lat' dir='ltr'><strong>verba</strong></span> <span class='ocrx_word' id='word_1_83' title='bbox 949 639 1011 687; x_wconf 74' lang='lat' dir='ltr'><strong>„in</strong></span> <span class='ocrx_word' id='word_1_84' title='bbox 1042 638 1152 677; x_wconf 66' lang='grc' dir='ltr'><strong>ΐονοιι</strong></span> <span class='ocrx_word' id='word_1_85' title='bbox 1185 639 1310 676; x_wconf 89' lang='lat' dir='ltr'><strong>visitur</strong></span> <span class='ocrx_word' id='word_1_86' title='bbox 1339 640 1525 686; x_wconf 82' lang='lat' dir='ltr'><strong>foramen,</strong></span> <span class='ocrx_word' id='word_1_87' title='bbox 1565 639 1601 676; x_wconf 89' lang='lat' dir='ltr'><strong>in</strong></span> <span class='ocrx_word' id='word_1_88' title='bbox 1631 649 1704 687; x_wconf 89' lang='lat' dir='ltr'><strong>quo</strong></span> 
     </span>
     <span class='ocr_line' id='line_1_9' title="bbox 95 697 1704 747; baseline -0.001 -12"><span class='ocrx_word' id='word_1_89' title='bbox 95 698 231 746; x_wconf 83' lang='lat' dir='ltr'><strong>plumbi</strong></span> <span class='ocrx_word' id='word_1_90' title='bbox 263 697 438 745; x_wconf 77' lang='lat' dir='ltr'><strong>fragmina</strong></span> <span class='ocrx_word' id='word_1_91' title='bbox 470 704 681 747; x_wconf 75' lang='lat' dir='ltr'><strong>supersunt,</strong></span> <span class='ocrx_word' id='word_1_92' title='bbox 723 704 761 735; x_wconf 85' lang='lat' dir='ltr'><strong>ut</strong></span> <span class='ocrx_word' id='word_1_93' title='bbox 792 698 873 735; x_wconf 86' lang='lat' dir='ltr'><strong>hinc</strong></span> <span class='ocrx_word' id='word_1_94' title='bbox 904 698 1045 735; x_wconf 88' lang='lat' dir='ltr'><strong>ostendi</strong></span> <span class='ocrx_word' id='word_1_95' title='bbox 1075 698 1189 747; x_wconf 89' lang='lat' dir='ltr'><strong>possit</strong></span> <span class='ocrx_word' id='word_1_96' title='bbox 1220 699 1312 735; x_wconf 86' lang='lat' dir='ltr'><strong>haec</strong></span> <span class='ocrx_word' id='word_1_97' title='bbox 1343 698 1490 736; x_wconf 87' lang='lat' dir='ltr'><strong>decreta</strong></span> <span class='ocrx_word' id='word_1_98' title='bbox 1519 698 1553 735; x_wconf 89' lang='lat' dir='ltr'><strong>in</strong></span> <span class='ocrx_word' id='word_1_99' title='bbox 1584 698 1704 746; x_wconf 88' lang='lat' dir='ltr'><strong>aliquo</strong></span> 
     </span>
     <span class='ocr_line' id='line_1_10' title="bbox 91 755 1705 806; baseline -0.001 -12"><span class='ocrx_word' id='word_1_100' title='bbox 91 757 177 794; x_wconf 89' lang='lat' dir='ltr'><strong>loco</strong></span> <span class='ocrx_word' id='word_1_101' title='bbox 209 757 343 794; x_wconf 87' lang='lat' dir='ltr'><strong>celebri</strong></span> <span class='ocrx_word' id='word_1_102' title='bbox 375 769 418 794; x_wconf 84' lang='lat' dir='ltr'><strong>ac</strong></span> <span class='ocrx_word' id='word_1_103' title='bbox 448 758 642 806; x_wconf 87' lang='lat' dir='ltr'><strong>conspicuo</strong></span> <span class='ocrx_word' id='word_1_104' title='bbox 689 757 758 794; x_wconf 81' lang='lat' dir='ltr'><strong>fixa</strong></span> <span class='ocrx_word' id='word_1_105' title='bbox 791 755 937 794; x_wconf 79' lang='lat' dir='ltr'><strong>suisse.‘²</strong></span> <span class='ocrx_word' id='word_1_106' title='bbox 972 778 1027 783; x_wconf 85' lang='lat'>—</span> <span class='ocrx_word' id='word_1_107' title='bbox 1063 758 1177 805; x_wconf 80' lang='lat' dir='ltr'><strong>„Illud</strong></span> <span class='ocrx_word' id='word_1_108' title='bbox 1211 768 1356 805; x_wconf 87' lang='lat' dir='ltr'><strong>quoque</strong></span> <span class='ocrx_word' id='word_1_109' title='bbox 1386 757 1614 794; x_wconf 81' lang='lat' dir='ltr'><strong>indicandum</strong></span> <span class='ocrx_word' id='word_1_110' title='bbox 1643 756 1705 793; x_wconf 83' lang='lat' dir='ltr'><strong>vi-</strong></span> 
     </span>
     <span class='ocr_line' id='line_1_11' title="bbox 96 814 1704 865; baseline 0 -13"><span class='ocrx_word' id='word_1_111' title='bbox 96 815 201 853; x_wconf 90' lang='lat' dir='ltr'><strong>detur</strong></span> <span class='ocrx_word' id='word_1_112' title='bbox 231 815 265 853; x_wconf 91' lang='lat' dir='ltr'><strong>in</strong></span> <span class='ocrx_word' id='word_1_113' title='bbox 297 815 350 853; x_wconf 89' lang='lat' dir='ltr'><strong>his</strong></span> <span class='ocrx_word' id='word_1_114' title='bbox 380 816 517 853; x_wconf 88' lang='lat' dir='ltr'><strong>Pisanis</strong></span> <span class='ocrx_word' id='word_1_115' title='bbox 547 817 698 862; x_wconf 86' lang='lat' dir='ltr'><strong>tabulis,</strong></span> <span class='ocrx_word' id='word_1_116' title='bbox 730 817 920 863; x_wconf 85' lang='lat' dir='ltr'><strong>Augusteo</strong></span> <span class='ocrx_word' id='word_1_117' title='bbox 951 827 1043 853; x_wconf 76' lang='lat' dir='ltr'><strong>aevo</strong></span> <span class='ocrx_word' id='word_1_118' title='bbox 1075 816 1241 865; x_wconf 90' lang='lat' dir='ltr'><strong>scriptis,</strong></span> <span class='ocrx_word' id='word_1_119' title='bbox 1282 827 1368 864; x_wconf 87' lang='lat' dir='ltr'><strong>quas</strong></span> <span class='ocrx_word' id='word_1_120' title='bbox 1399 828 1472 854; x_wconf 91' lang='lat' dir='ltr'><strong>non</strong></span> <span class='ocrx_word' id='word_1_121' title='bbox 1502 815 1615 853; x_wconf 86' lang='lat' dir='ltr'><strong>semel</strong></span> <span class='ocrx_word' id='word_1_122' title='bbox 1644 814 1704 852; x_wconf 77' lang='lat' dir='ltr'><strong>di-</strong></span> 
     </span>
     <span class='ocr_line' id='line_1_12' title="bbox 93 874 1706 924; baseline 0.001 -14"><span class='ocrx_word' id='word_1_123' title='bbox 93 874 326 922; x_wconf 85' lang='lat' dir='ltr'><strong>ligentissime</strong></span> <span class='ocrx_word' id='word_1_124' title='bbox 359 880 397 912; x_wconf 86' lang='lat' dir='ltr'><strong>et</strong></span> <span class='ocrx_word' id='word_1_125' title='bbox 427 875 666 913; x_wconf 87' lang='lat' dir='ltr'><strong>oculatissime</strong></span> <span class='ocrx_word' id='word_1_126' title='bbox 693 875 884 913; x_wconf 83' lang='lat' dir='ltr'><strong>observavi</strong></span> <span class='ocrx_word' id='word_1_127' title='bbox 916 875 1026 912; x_wconf 85' lang='lat' dir='ltr'><strong>multo</strong></span> <span class='ocrx_word' id='word_1_128' title='bbox 1058 875 1180 923; x_wconf 87' lang='lat' dir='ltr'><strong>plures</strong></span> <span class='ocrx_word' id='word_1_129' title='bbox 1212 875 1401 913; x_wconf 89' lang='lat' dir='ltr'><strong>observari</strong></span> <span class='ocrx_word' id='word_1_130' title='bbox 1435 875 1570 924; x_wconf 82' lang='lat' dir='ltr'><strong>apices,</strong></span> <span class='ocrx_word' id='word_1_131' title='bbox 1601 885 1706 923; x_wconf 74' lang='lat' dir='ltr'><strong>qvam</strong></span> 
     </span>
     <span class='ocr_line' id='line_1_13' title="bbox 93 933 1706 983; baseline 0 -13"><span class='ocrx_word' id='word_1_132' title='bbox 93 933 360 980; x_wconf 88' lang='lat' dir='ltr'><strong>pronuntiarint</strong></span> <span class='ocrx_word' id='word_1_133' title='bbox 391 934 563 971; x_wconf 84' lang='lat' dir='ltr'><strong>Celtarius</strong></span> <span class='ocrx_word' id='word_1_134' title='bbox 594 934 629 971; x_wconf 87' lang='lat' dir='ltr'><strong>in</strong></span> <span class='ocrx_word' id='word_1_135' title='bbox 662 934 908 983; x_wconf 87' lang='lat' dir='ltr'><strong>Orthograph.</strong></span> <span class='ocrx_word' id='word_1_136' title='bbox 940 933 1012 970; x_wconf 87' lang='lat' dir='ltr'><strong>Lat.</strong></span> <span class='ocrx_word' id='word_1_137' title='bbox 1045 938 1081 970; x_wconf 90' lang='lat' dir='ltr'><strong>et</strong></span> <span class='ocrx_word' id='word_1_138' title='bbox 1110 935 1297 972; x_wconf 88' lang='lat' dir='ltr'><strong>Fabrettus</strong></span> <span class='ocrx_word' id='word_1_139' title='bbox 1319 934 1495 982; x_wconf 87' lang='lat' dir='ltr'><strong>Inscriptt.</strong></span> <span class='ocrx_word' id='word_1_140' title='bbox 1525 938 1596 971; x_wconf 84' lang='lat' dir='ltr'><strong>ant.</strong></span> <span class='ocrx_word' id='word_1_141' title='bbox 1626 945 1706 981; x_wconf 79' lang='lat' dir='ltr'><strong>cap.</strong></span> 
     </span>
     <span class='ocr_line' id='line_1_14' title="bbox 93 991 1705 1042; baseline 0 -13"><span class='ocrx_word' id='word_1_142' title='bbox 93 991 154 1029; x_wconf 90' lang='lat'><strong>111.</strong></span> <span class='ocrx_word' id='word_1_143' title='bbox 183 1005 218 1041; x_wconf 88' lang='lat' dir='ltr'><strong>p.</strong></span> <span class='ocrx_word' id='word_1_144' title='bbox 253 992 358 1039; x_wconf 74' lang='lat'>1683</span> <span class='ocrx_word' id='word_1_145' title='bbox 388 1004 466 1030; x_wconf 90' lang='lat' dir='ltr'><strong>nam</strong></span> <span class='ocrx_word' id='word_1_146' title='bbox 497 992 532 1030; x_wconf 90' lang='lat' dir='ltr'><strong>in</strong></span> <span class='ocrx_word' id='word_1_147' title='bbox 562 993 655 1030; x_wconf 91' lang='lat' dir='ltr'><strong>Lucii</strong></span> <span class='ocrx_word' id='word_1_148' title='bbox 682 993 842 1030; x_wconf 83' lang='lat' dir='ltr'><strong>Caesaris</strong></span> <span class='ocrx_word' id='word_1_149' title='bbox 870 993 1018 1030; x_wconf 86' lang='lat' dir='ltr'><strong>decreto</strong></span> <span class='ocrx_word' id='word_1_150' title='bbox 1055 1004 1160 1041; x_wconf 92' lang='lat' dir='ltr'><strong>supra</strong></span> <span class='ocrx_word' id='word_1_151' title='bbox 1183 994 1337 1042; x_wconf 89' lang='lat' dir='ltr'><strong>quinque</strong></span> <span class='ocrx_word' id='word_1_152' title='bbox 1358 1004 1484 1039; x_wconf 88' lang='lat' dir='ltr'><strong>voces,</strong></span> <span class='ocrx_word' id='word_1_153' title='bbox 1514 993 1548 1030; x_wconf 91' lang='lat' dir='ltr'><strong>in</strong></span> <span class='ocrx_word' id='word_1_154' title='bbox 1570 992 1705 1030; x_wconf 81' lang='lat' dir='ltr'><strong>Gaiano</strong></span> 
     </span>
     <span class='ocr_line' id='line_1_15' title="bbox 95 1051 1704 1100; baseline -0.001 -13"><span class='ocrx_word' id='word_1_155' title='bbox 95 1063 203 1099; x_wconf 88' lang='lat' dir='ltr'><strong>snpra</strong></span> <span class='ocrx_word' id='word_1_156' title='bbox 235 1051 359 1088; x_wconf 88' lang='lat' dir='ltr'><strong>decem</strong></span> <span class='ocrx_word' id='word_1_157' title='bbox 392 1051 520 1100; x_wconf 84' lang='lat' dir='ltr'><strong>sculpti</strong></span> <span class='ocrx_word' id='word_1_158' title='bbox 562 1057 656 1089; x_wconf 90' lang='lat' dir='ltr'><strong>sunt.</strong></span> <span class='ocrx_word' id='word_1_159' title='bbox 716 1052 793 1088; x_wconf 89' lang='lat' dir='ltr'><strong>Tria</strong></span> <span class='ocrx_word' id='word_1_160' title='bbox 826 1052 964 1100; x_wconf 90' lang='lat' dir='ltr'><strong>apicum</strong></span> <span class='ocrx_word' id='word_1_161' title='bbox 995 1063 1130 1099; x_wconf 87' lang='lat' dir='ltr'><strong>genera</strong></span> <span class='ocrx_word' id='word_1_162' title='bbox 1163 1052 1197 1089; x_wconf 88' lang='lat' dir='ltr'><strong>in</strong></span> <span class='ocrx_word' id='word_1_163' title='bbox 1224 1052 1276 1090; x_wconf 88' lang='lat' dir='ltr'><strong>his</strong></span> <span class='ocrx_word' id='word_1_164' title='bbox 1297 1052 1424 1089; x_wconf 88' lang='lat' dir='ltr'><strong>tabulis</strong></span> <span class='ocrx_word' id='word_1_165' title='bbox 1447 1053 1704 1089; x_wconf 80' lang='lat' dir='ltr'><strong>observantur:</strong></span> 
     </span>
     <span class='ocr_line' id='line_1_16' title="bbox 93 1110 1706 1159; baseline 0 -13"><span class='ocrx_word' id='word_1_166' title='bbox 93 1110 228 1158; x_wconf 88' lang='lat' dir='ltr'><strong>primus</strong></span> <span class='ocrx_word' id='word_1_167' title='bbox 259 1121 428 1156; x_wconf 86' lang='lat' dir='ltr'><strong>graecum</strong></span> <span class='ocrx_word' id='word_1_168' title='bbox 461 1115 644 1148; x_wconf 86' lang='lat' dir='ltr'><strong>accentum</strong></span> <span class='ocrx_word' id='word_1_169' title='bbox 676 1115 817 1147; x_wconf 91' lang='lat' dir='ltr'><strong>acutum</strong></span> <span class='ocrx_word' id='word_1_170' title='bbox 847 1111 983 1156; x_wconf 86' lang='lat' dir='ltr'><strong>refert,</strong></span> <span class='ocrx_word' id='word_1_171' title='bbox 1015 1111 1189 1148; x_wconf 89' lang='lat' dir='ltr'><strong>secundus</strong></span> <span class='ocrx_word' id='word_1_172' title='bbox 1221 1121 1393 1159; x_wconf 86' lang='lat' dir='ltr'><strong>gravem,</strong></span> <span class='ocrx_word' id='word_1_173' title='bbox 1431 1110 1557 1148; x_wconf 89' lang='lat' dir='ltr'><strong>tertius</strong></span> <span class='ocrx_word' id='word_1_174' title='bbox 1588 1111 1706 1147; x_wconf 88' lang='lat' dir='ltr'><strong>lenem</strong></span> 
     </span>
     <span class='ocr_line' id='line_1_17' title="bbox 95 1168 1708 1218; baseline -0.001 -13"><span class='ocrx_word' id='word_1_175' title='bbox 95 1168 369 1218; x_wconf 79' lang='lat' dir='ltr'><strong>aspirationem,</strong></span> <span class='ocrx_word' id='word_1_176' title='bbox 401 1181 490 1217; x_wconf 89' lang='lat' dir='ltr'><strong>quos</strong></span> <span class='ocrx_word' id='word_1_177' title='bbox 522 1169 698 1206; x_wconf 89' lang='lat' dir='ltr'><strong>interdum</strong></span> <span class='ocrx_word' id='word_1_178' title='bbox 731 1170 846 1206; x_wconf 72' lang='lat' dir='ltr'><strong>variat</strong></span> <span class='ocrx_word' id='word_1_179' title='bbox 875 1169 989 1206; x_wconf 84' lang='lat' dir='ltr'><strong>Noris.</strong></span> <span class='ocrx_word' id='word_1_180' title='bbox 1052 1170 1212 1217; x_wconf 87' lang='lat' dir='ltr'><strong>Itemque</strong></span> <span class='ocrx_word' id='word_1_181' title='bbox 1243 1181 1315 1207; x_wconf 91' lang='lat' dir='ltr'><strong>non</strong></span> <span class='ocrx_word' id='word_1_182' title='bbox 1346 1180 1430 1206; x_wconf 84' lang='lat' dir='ltr'><strong>raro</strong></span> <span class='ocrx_word' id='word_1_183' title='bbox 1457 1169 1627 1218; x_wconf 87' lang='lat' dir='ltr'><strong>scriptum</strong></span> <span class='ocrx_word' id='word_1_184' title='bbox 1653 1172 1708 1204; x_wconf 87' lang='lat' dir='ltr'><strong>est</strong></span> 
     </span>
     <span class='ocr_line' id='line_1_18' title="bbox 95 1226 1707 1277; baseline -0.001 -13"><span class='ocrx_word' id='word_1_185' title='bbox 95 1227 129 1264; x_wconf 89' lang='lat' dir='ltr'>A</span> <span class='ocrx_word' id='word_1_186' title='bbox 165 1227 300 1276; x_wconf 87' lang='lat' dir='ltr'><strong>absque</strong></span> <span class='ocrx_word' id='word_1_187' title='bbox 332 1233 533 1265; x_wconf 87' lang='lat' dir='ltr'><strong>transversa</strong></span> <span class='ocrx_word' id='word_1_188' title='bbox 565 1229 696 1265; x_wconf 89' lang='lat' dir='ltr'><strong>lineola</strong></span> <span class='ocrx_word' id='word_1_189' title='bbox 728 1234 765 1264; x_wconf 91' lang='lat' dir='ltr'><strong>ut</strong></span> <span class='ocrx_word' id='word_1_190' title='bbox 797 1240 966 1276; x_wconf 86' lang='lat' dir='ltr'><strong>graecum</strong></span> <span class='ocrx_word' id='word_1_191' title='bbox 998 1226 1033 1266; x_wconf 83' lang='lat' dir='ltr'><strong>A</strong></span> <span class='ocrx_word' id='word_1_192' title='bbox 1057 1229 1211 1276; x_wconf 76' lang='lat' dir='ltr'><strong>reserat,</strong></span> <span class='ocrx_word' id='word_1_193' title='bbox 1253 1227 1351 1277; x_wconf 84' lang='lat' dir='ltr'><strong>quod</strong></span> <span class='ocrx_word' id='word_1_194' title='bbox 1382 1228 1562 1266; x_wconf 88' lang='lat' dir='ltr'><strong>scribendi</strong></span> <span class='ocrx_word' id='word_1_195' title='bbox 1592 1239 1707 1276; x_wconf 85' lang='lat' dir='ltr'><strong>genus</strong></span> 
     </span>
     <span class='ocr_line' id='line_1_19' title="bbox 94 1284 1704 1336; baseline 0 -13"><span class='ocrx_word' id='word_1_196' title='bbox 94 1286 130 1324; x_wconf 89' lang='lat' dir='ltr'><strong>in</strong></span> <span class='ocrx_word' id='word_1_197' title='bbox 163 1286 238 1324; x_wconf 88' lang='lat' dir='ltr'><strong>aliis</strong></span> <span class='ocrx_word' id='word_1_198' title='bbox 271 1287 446 1336; x_wconf 90' lang='lat' dir='ltr'><strong>lapidibus</strong></span> <span class='ocrx_word' id='word_1_199' title='bbox 479 1287 643 1334; x_wconf 88' lang='lat' dir='ltr'><strong>augustei</strong></span> <span class='ocrx_word' id='word_1_200' title='bbox 675 1288 822 1333; x_wconf 82' lang='lat' dir='ltr'><strong>saecuti,</strong></span> <span class='ocrx_word' id='word_1_201' title='bbox 850 1288 1014 1335; x_wconf 84' lang='lat' dir='ltr'><strong>ensisque</strong></span> <span class='ocrx_word' id='word_1_202' title='bbox 1040 1287 1074 1324; x_wconf 89' lang='lat' dir='ltr'><strong>in</strong></span> <span class='ocrx_word' id='word_1_203' title='bbox 1102 1288 1248 1325; x_wconf 90' lang='lat' dir='ltr'><strong>nummis</strong></span> <span class='ocrx_word' id='word_1_204' title='bbox 1275 1286 1406 1324; x_wconf 90' lang='lat' dir='ltr'><strong>eruditi</strong></span> <span class='ocrx_word' id='word_1_205' title='bbox 1429 1284 1704 1324; x_wconf 82' lang='lat' dir='ltr'><strong>observarunt.‘·‘</strong></span> 
     </span>
    </p>

    <p class='ocr_par' dir='ltr' id='par_1_3' title="bbox 94 1345 1710 1922">
     <span class='ocr_line' id='line_1_20' title="bbox 236 1345 1707 1395; baseline 0 -13"><span class='ocrx_word' id='word_1_206' title='bbox 236 1346 452 1395; x_wconf 89' lang='lat' dir='ltr'><strong>Saepissime</strong></span> <span class='ocrx_word' id='word_1_207' title='bbox 494 1346 586 1383; x_wconf 88' lang='lat' dir='ltr'><strong>haec</strong></span> <span class='ocrx_word' id='word_1_208' title='bbox 625 1351 855 1384; x_wconf 80' lang='lat' dir='ltr'><strong>monumenta</strong></span> <span class='ocrx_word' id='word_1_209' title='bbox 899 1346 993 1383; x_wconf 89' lang='lat' dir='ltr'><strong>edita</strong></span> <span class='ocrx_word' id='word_1_210' title='bbox 1026 1351 1128 1393; x_wconf 85' lang='lat' dir='ltr'><strong>sunt,</strong></span> <span class='ocrx_word' id='word_1_211' title='bbox 1169 1351 1359 1395; x_wconf 84' lang='lat' dir='ltr'><strong>postquam</strong></span> <span class='ocrx_word' id='word_1_212' title='bbox 1389 1345 1523 1395; x_wconf 86' lang='lat' dir='ltr'><strong>primus</strong></span> <span class='ocrx_word' id='word_1_213' title='bbox 1553 1346 1707 1383; x_wconf 86' lang='lat' dir='ltr'><strong>Picbena</strong></span> 
     </span>
     <span class='ocr_line' id='line_1_21' title="bbox 95 1404 1707 1453; baseline 0 -12"><span class='ocrx_word' id='word_1_214' title='bbox 95 1404 131 1441; x_wconf 92' lang='lat' dir='ltr'><strong>in</strong></span> <span class='ocrx_word' id='word_1_215' title='bbox 172 1404 267 1441; x_wconf 90' lang='lat' dir='ltr'><strong>notis</strong></span> <span class='ocrx_word' id='word_1_216' title='bbox 310 1405 354 1441; x_wconf 84' lang='lat' dir='ltr'><strong>ad</strong></span> <span class='ocrx_word' id='word_1_217' title='bbox 396 1404 507 1441; x_wconf 86' lang='lat' dir='ltr'><strong>Taciti</strong></span> <span class='ocrx_word' id='word_1_218' title='bbox 549 1405 674 1442; x_wconf 86' lang='lat' dir='ltr'><strong>Annal.</strong></span> <span class='ocrx_word' id='word_1_219' title='bbox 717 1405 789 1442; x_wconf 90' lang='lat' dir='ltr'><strong>Lib.</strong></span> <span class='ocrx_word' id='word_1_220' title='bbox 831 1405 856 1441; x_wconf 93' lang='lat'><strong>1.</strong></span> <span class='ocrx_word' id='word_1_221' title='bbox 898 1405 1069 1451; x_wconf 79' lang='lat' dir='ltr'><strong>vulgavit.</strong></span> <span class='ocrx_word' id='word_1_222' title='bbox 1139 1406 1307 1453; x_wconf 87' lang='lat' dir='ltr'><strong>Reliquos</strong></span> <span class='ocrx_word' id='word_1_223' title='bbox 1350 1405 1511 1442; x_wconf 89' lang='lat' dir='ltr'><strong>editores</strong></span> <span class='ocrx_word' id='word_1_224' title='bbox 1554 1415 1707 1442; x_wconf 88' lang='lat' dir='ltr'><strong>enume-</strong></span> 
     </span>
     <span class='ocr_line' id='line_1_22' title="bbox 94 1462 1706 1512; baseline 0 -13"><span class='ocrx_word' id='word_1_225' title='bbox 94 1466 176 1499; x_wconf 89' lang='lat' dir='ltr'><strong>rant</strong></span> <span class='ocrx_word' id='word_1_226' title='bbox 206 1463 381 1500; x_wconf 89' lang='lat' dir='ltr'><strong>Haubold.</strong></span> <span class='ocrx_word' id='word_1_227' title='bbox 442 1464 594 1500; x_wconf 81' lang='lat' dir='ltr'><strong>Monuni.</strong></span> <span class='ocrx_word' id='word_1_228' title='bbox 638 1464 770 1511; x_wconf 84' lang='lat' dir='ltr'><strong>legalia</strong></span> <span class='ocrx_word' id='word_1_229' title='bbox 811 1476 845 1512; x_wconf 90' lang='lat' dir='ltr'><strong>p.</strong></span> <span class='ocrx_word' id='word_1_230' title='bbox 892 1463 971 1499; x_wconf 73' lang='lat'><strong>179</strong></span> <span class='ocrx_word' id='word_1_231' title='bbox 1015 1468 1052 1500; x_wconf 90' lang='lat' dir='ltr'><strong>et</strong></span> <span class='ocrx_word' id='word_1_232' title='bbox 1083 1464 1204 1501; x_wconf 86' lang='lat' dir='ltr'><strong>Btume</strong></span> <span class='ocrx_word' id='word_1_233' title='bbox 1235 1465 1308 1501; x_wconf 86' lang='lat' dir='ltr'><strong>lter</strong></span> <span class='ocrx_word' id='word_1_234' title='bbox 1340 1463 1438 1501; x_wconf 85' lang='lat' dir='ltr'><strong>Italic</strong></span> <span class='ocrx_word' id='word_1_235' title='bbox 1468 1463 1512 1500; x_wconf 92' lang='lat'><strong>11.</strong></span> <span class='ocrx_word' id='word_1_236' title='bbox 1542 1476 1577 1512; x_wconf 89' lang='lat' dir='ltr'><strong>p.</strong></span> <span class='ocrx_word' id='word_1_237' title='bbox 1613 1462 1706 1500; x_wconf 82' lang='lat'><strong>110.</strong></span> 
     </span>
     <span class='ocr_line' id='line_1_23' title="bbox 96 1521 1707 1571; baseline -0.001 -13"><span class='ocrx_word' id='word_1_238' title='bbox 96 1521 221 1569; x_wconf 89' lang='lat' dir='ltr'><strong>quibus</strong></span> <span class='ocrx_word' id='word_1_239' title='bbox 253 1521 436 1558; x_wconf 89' lang='lat' dir='ltr'><strong>addendus</strong></span> <span class='ocrx_word' id='word_1_240' title='bbox 479 1526 533 1558; x_wconf 89' lang='lat' dir='ltr'><strong>est</strong></span> <span class='ocrx_word' id='word_1_241' title='bbox 571 1522 696 1569; x_wconf 86' lang='lat' dir='ltr'><strong>Egger</strong></span> <span class='ocrx_word' id='word_1_242' title='bbox 734 1522 807 1559; x_wconf 90' lang='lat' dir='ltr'><strong>Lat.</strong></span> <span class='ocrx_word' id='word_1_243' title='bbox 851 1533 1005 1559; x_wconf 87' lang='lat' dir='ltr'><strong>sermon.</strong></span> <span class='ocrx_word' id='word_1_244' title='bbox 1037 1523 1138 1570; x_wconf 88' lang='lat' dir='ltr'><strong>reliq.</strong></span> <span class='ocrx_word' id='word_1_245' title='bbox 1170 1535 1204 1571; x_wconf 92' lang='lat' dir='ltr'><strong>p.</strong></span> <span class='ocrx_word' id='word_1_246' title='bbox 1239 1522 1332 1559; x_wconf 75' lang='lat'><strong>334.</strong></span> <span class='ocrx_word' id='word_1_247' title='bbox 1380 1521 1584 1560; x_wconf 89' lang='lat' dir='ltr'><strong>Primarinm</strong></span> <span class='ocrx_word' id='word_1_248' title='bbox 1617 1533 1707 1571; x_wconf 89' lang='lat' dir='ltr'><strong>opus</strong></span> 
     </span>
     <span class='ocr_line' id='line_1_24' title="bbox 96 1580 1706 1628; baseline -0.001 -11"><span class='ocrx_word' id='word_1_249' title='bbox 96 1584 174 1617; x_wconf 88' lang='lat' dir='ltr'><strong>est:</strong></span> <span class='ocrx_word' id='word_1_250' title='bbox 236 1580 459 1628; x_wconf 87' lang='lat' dir='ltr'><strong>Cenotaphia</strong></span> <span class='ocrx_word' id='word_1_251' title='bbox 490 1580 613 1617; x_wconf 90' lang='lat' dir='ltr'><strong>Pisana</strong></span> <span class='ocrx_word' id='word_1_252' title='bbox 641 1580 714 1618; x_wconf 77' lang='lat' dir='ltr'><strong>Caii</strong></span> <span class='ocrx_word' id='word_1_253' title='bbox 756 1585 791 1617; x_wconf 90' lang='lat' dir='ltr'><strong>et</strong></span> <span class='ocrx_word' id='word_1_254' title='bbox 832 1581 928 1617; x_wconf 89' lang='lat' dir='ltr'><strong>Lucii</strong></span> <span class='ocrx_word' id='word_1_255' title='bbox 959 1581 1151 1618; x_wconf 86' lang='lat' dir='ltr'><strong>Caesarum</strong></span> <span class='ocrx_word' id='word_1_256' title='bbox 1192 1581 1499 1618; x_wconf 86' lang='lat' dir='ltr'><strong>dissertationibus</strong></span> <span class='ocrx_word' id='word_1_257' title='bbox 1532 1581 1706 1618; x_wconf 87' lang='lat' dir='ltr'><strong>illustrata</strong></span> 
     </span>
     <span class='ocr_line' id='line_1_25' title="bbox 96 1634 1708 1692; baseline 0 -16"><span class='ocrx_word' id='word_1_258' title='bbox 96 1640 142 1676; x_wconf 89' lang='lat' dir='ltr'><strong>ab</strong></span> <span class='ocrx_word' id='word_1_259' title='bbox 175 1639 217 1676; x_wconf 89' lang='lat' dir='ltr'><strong>H.</strong></span> <span class='ocrx_word' id='word_1_260' title='bbox 248 1639 404 1676; x_wconf 79' lang='lat' dir='ltr'><strong>Norisio.</strong></span> <span class='ocrx_word' id='word_1_261' title='bbox 428 1639 556 1676; x_wconf 87' lang='lat' dir='ltr'><strong>Venet.</strong></span> <span class='ocrx_word' id='word_1_262' title='bbox 593 1638 799 1676; x_wconf 79' lang='lat' dir='ltr'><strong>1681.s01.</strong></span> <span class='ocrx_word' id='word_1_263' title='bbox 833 1634 949 1690; x_wconf 82' lang='lat' dir='ltr'><strong>(opp.</strong></span> <span class='ocrx_word' id='word_1_264' title='bbox 973 1640 1009 1676; x_wconf 92' lang='lat' dir='ltr'><strong>T.</strong></span> <span class='ocrx_word' id='word_1_265' title='bbox 1041 1636 1129 1692; x_wconf 75' lang='lat'><strong>111.)</strong></span> <span class='ocrx_word' id='word_1_266' title='bbox 1191 1640 1276 1676; x_wconf 89' lang='lat' dir='ltr'><strong>Pisis</strong></span> <span class='ocrx_word' id='word_1_267' title='bbox 1312 1639 1433 1676; x_wconf 82' lang='lat'><strong>1764.</strong></span> <span class='ocrx_word' id='word_1_268' title='bbox 1466 1640 1509 1676; x_wconf 92' lang='lat'><strong>11.</strong></span> <span class='ocrx_word' id='word_1_269' title='bbox 1541 1640 1579 1677; x_wconf 82' lang='lat'><strong>4.</strong></span> <span class='ocrx_word' id='word_1_270' title='bbox 1610 1644 1647 1677; x_wconf 86' lang='lat' dir='ltr'><strong>et</strong></span> <span class='ocrx_word' id='word_1_271' title='bbox 1673 1639 1708 1676; x_wconf 92' lang='lat' dir='ltr'><strong>in</strong></span> 
     </span>
     <span class='ocr_line' id='line_1_26' title="bbox 95 1697 1708 1746; baseline 0 -11"><span class='ocrx_word' id='word_1_272' title='bbox 95 1697 288 1735; x_wconf 87' lang='lat' dir='ltr'><strong>Burmanni</strong></span> <span class='ocrx_word' id='word_1_273' title='bbox 320 1698 488 1734; x_wconf 82' lang='lat' dir='ltr'><strong>Tliesaur.</strong></span> <span class='ocrx_word' id='word_1_274' title='bbox 522 1698 644 1746; x_wconf 87' lang='lat' dir='ltr'><strong>Antiq.</strong></span> <span class='ocrx_word' id='word_1_275' title='bbox 677 1698 747 1734; x_wconf 86' lang='lat' dir='ltr'><strong>ital.</strong></span> <span class='ocrx_word' id='word_1_276' title='bbox 778 1699 876 1735; x_wconf 92' lang='lat' dir='ltr'><strong>Tom.</strong></span> <span class='ocrx_word' id='word_1_277' title='bbox 909 1698 999 1734; x_wconf 91' lang='lat' dir='ltr'><strong>VIII.</strong></span> <span class='ocrx_word' id='word_1_278' title='bbox 1031 1699 1066 1735; x_wconf 93' lang='lat' dir='ltr'><strong>P.</strong></span> <span class='ocrx_word' id='word_1_279' title='bbox 1102 1698 1138 1735; x_wconf 88' lang='lat'><strong>3.</strong></span> <span class='ocrx_word' id='word_1_280' title='bbox 1170 1699 1293 1746; x_wconf 78' lang='lat' dir='ltr'><strong>Neque</strong></span> <span class='ocrx_word' id='word_1_281' title='bbox 1324 1709 1413 1736; x_wconf 92' lang='lat' dir='ltr'><strong>vero</strong></span> <span class='ocrx_word' id='word_1_282' title='bbox 1441 1698 1599 1736; x_wconf 71' lang='lat' dir='ltr'><strong>Norisius</strong></span> <span class='ocrx_word' id='word_1_283' title='bbox 1622 1703 1708 1735; x_wconf 80' lang='lat' dir='ltr'><strong>tex-</strong></span> 
     </span>
     <span class='ocr_line' id='line_1_27' title="bbox 95 1757 1710 1806; baseline 0.001 -13"><span class='ocrx_word' id='word_1_284' title='bbox 95 1761 169 1793; x_wconf 85' lang='lat' dir='ltr'><strong>tum</strong></span> <span class='ocrx_word' id='word_1_285' title='bbox 202 1757 429 1794; x_wconf 87' lang='lat' dir='ltr'><strong>decretorum</strong></span> <span class='ocrx_word' id='word_1_286' title='bbox 462 1761 533 1793; x_wconf 76' lang='lat' dir='ltr'><strong>tam</strong></span> <span class='ocrx_word' id='word_1_287' title='bbox 565 1761 733 1793; x_wconf 87' lang='lat' dir='ltr'><strong>accurate</strong></span> <span class='ocrx_word' id='word_1_288' title='bbox 765 1768 868 1804; x_wconf 89' lang='lat' dir='ltr'><strong>quam</strong></span> <span class='ocrx_word' id='word_1_289' title='bbox 901 1757 1097 1804; x_wconf 87' lang='lat' dir='ltr'><strong>oportebat</strong></span> <span class='ocrx_word' id='word_1_290' title='bbox 1134 1757 1338 1805; x_wconf 81' lang='lat' dir='ltr'><strong>expressit,</strong></span> <span class='ocrx_word' id='word_1_291' title='bbox 1377 1757 1536 1806; x_wconf 88' lang='lat' dir='ltr'><strong>pluribus</strong></span> <span class='ocrx_word' id='word_1_292' title='bbox 1568 1757 1658 1794; x_wconf 89' lang='lat' dir='ltr'><strong>locis</strong></span> <span class='ocrx_word' id='word_1_293' title='bbox 1690 1768 1710 1794; x_wconf 84' lang='lat' dir='ltr'><strong>a</strong></span> 
     </span>
     <span class='ocr_line' id='line_1_28' title="bbox 97 1810 1709 1867; baseline 0 -15"><span class='ocrx_word' id='word_1_294' title='bbox 97 1815 208 1852; x_wconf 91' lang='lat' dir='ltr'><strong>Gorio</strong></span> <span class='ocrx_word' id='word_1_295' title='bbox 239 1815 261 1852; x_wconf 91' lang='grc'><strong>1.</strong></span> <span class='ocrx_word' id='word_1_296' title='bbox 295 1815 318 1852; x_wconf 94' lang='grc' dir='ltr'><strong>Ι.</strong></span> <span class='ocrx_word' id='word_1_297' title='bbox 351 1819 548 1853; x_wconf 89' lang='lat' dir='ltr'><strong>correctus.</strong></span> <span class='ocrx_word' id='word_1_298' title='bbox 609 1815 828 1852; x_wconf 84' lang='lat' dir='ltr'><strong>Hauboldius</strong></span> <span class='ocrx_word' id='word_1_299' title='bbox 862 1820 979 1852; x_wconf 87' lang='lat' dir='ltr'><strong>tamen</strong></span> <span class='ocrx_word' id='word_1_300' title='bbox 1013 1810 1059 1867; x_wconf 80' lang='lat' dir='ltr'><strong>[l.</strong></span> <span class='ocrx_word' id='word_1_301' title='bbox 1094 1812 1140 1867; x_wconf 85' lang='lat' dir='ltr'><strong>l.)</strong></span> <span class='ocrx_word' id='word_1_302' title='bbox 1170 1816 1299 1852; x_wconf 75' lang='lat' dir='ltr'><strong>Norisii</strong></span> <span class='ocrx_word' id='word_1_303' title='bbox 1332 1821 1454 1864; x_wconf 72' lang='lat' dir='ltr'><strong>typum</strong></span> <span class='ocrx_word' id='word_1_304' title='bbox 1486 1815 1606 1862; x_wconf 86' lang='lat' dir='ltr'><strong>dedit,</strong></span> <span class='ocrx_word' id='word_1_305' title='bbox 1645 1815 1709 1853; x_wconf 87' lang='lat' dir='ltr'><strong>sed</strong></span> 
     </span>
     <span class='ocr_line' id='line_1_29' title="bbox 97 1874 1710 1922; baseline 0 -10"><span class='ocrx_word' id='word_1_306' title='bbox 97 1874 249 1912; x_wconf 89' lang='lat' dir='ltr'><strong>Orellius</strong></span> <span class='ocrx_word' id='word_1_307' title='bbox 280 1886 313 1912; x_wconf 92' lang='lat' dir='ltr'><strong>n.</strong></span> <span class='ocrx_word' id='word_1_308' title='bbox 347 1874 441 1912; x_wconf 72' lang='lat'><strong>642.</strong></span> <span class='ocrx_word' id='word_1_309' title='bbox 474 1875 622 1912; x_wconf 87' lang='lat' dir='ltr'><strong>meliore</strong></span> <span class='ocrx_word' id='word_1_310' title='bbox 653 1874 803 1911; x_wconf 87' lang='lat' dir='ltr'><strong>consilio</strong></span> <span class='ocrx_word' id='word_1_311' title='bbox 849 1874 959 1921; x_wconf 87' lang='lat' dir='ltr'><strong>Gorii,</strong></span> <span class='ocrx_word' id='word_1_312' title='bbox 991 1886 1095 1922; x_wconf 83' lang='lat' dir='ltr'><strong>quem</strong></span> <span class='ocrx_word' id='word_1_313' title='bbox 1123 1875 1264 1922; x_wconf 90' lang='lat' dir='ltr'><strong>quidem</strong></span> <span class='ocrx_word' id='word_1_314' title='bbox 1292 1879 1328 1912; x_wconf 89' lang='lat' dir='ltr'><strong>et</strong></span> <span class='ocrx_word' id='word_1_315' title='bbox 1352 1886 1418 1912; x_wconf 91' lang='lat' dir='ltr'><strong>nos</strong></span> <span class='ocrx_word' id='word_1_316' title='bbox 1445 1875 1558 1912; x_wconf 90' lang='lat' dir='ltr'><strong>secuti</strong></span> <span class='ocrx_word' id='word_1_317' title='bbox 1581 1886 1710 1912; x_wconf 87' lang='lat' dir='ltr'><strong>sumus.</strong></span> 
     </span>
    </p>
   </div>
   <div class='ocr_carea' id='block_1_3' title="bbox 97 2011 1714 2714">
    <p class='ocr_par' dir='ltr' id='par_1_4' title="bbox 97 2011 1714 2714">
     <span class='ocr_line' id='line_1_30' title="bbox 251 2011 1709 2069; baseline 0 -15"><span class='ocrx_word' id='word_1_318' title='bbox 251 2013 296 2054; x_wconf 92' lang='lat' dir='ltr'><strong>D.</strong></span> <span class='ocrx_word' id='word_1_319' title='bbox 318 2011 355 2069; x_wconf 82' lang='lat'><strong>¹)</strong></span> <span class='ocrx_word' id='word_1_320' title='bbox 398 2013 494 2055; x_wconf 83' lang='lat' dir='ltr'><strong>XIII.</strong></span> <span class='ocrx_word' id='word_1_321' title='bbox 538 2013 584 2054; x_wconf 83' lang='grc' dir='ltr'><strong>Κ.</strong></span> <span class='ocrx_word' id='word_1_322' title='bbox 628 2014 780 2055; x_wconf 88' lang='lat' dir='ltr'><strong>octobr.</strong></span> <span class='ocrx_word' id='word_1_323' title='bbox 822 2012 945 2064; x_wconf 88' lang='lat' dir='ltr'><strong>Pisis,</strong></span> <span class='ocrx_word' id='word_1_324' title='bbox 986 2013 1023 2052; x_wconf 87' lang='lat' dir='ltr'><strong>in</strong></span> <span class='ocrx_word' id='word_1_325' title='bbox 1066 2012 1178 2064; x_wconf 85' lang='lat' dir='ltr'><strong>soro,</strong></span> <span class='ocrx_word' id='word_1_326' title='bbox 1222 2014 1259 2054; x_wconf 87' lang='lat' dir='ltr'><strong>in</strong></span> <span class='ocrx_word' id='word_1_327' title='bbox 1301 2013 1525 2069; x_wconf 85' lang='lat' dir='ltr'><strong>Augusteo.</strong></span> <span class='ocrx_word' id='word_1_328' title='bbox 1585 2013 1709 2056; x_wconf 87' lang='lat' dir='ltr'><strong>Scrib.</strong></span> 
     </span>
     <span class='ocr_line' id='line_1_31' title="bbox 98 2070 1708 2127; baseline 0 -13"><span class='ocrx_word' id='word_1_329' title='bbox 98 2070 306 2126; x_wconf 82' lang='lat' dir='ltr'><strong>adfuer.²)</strong></span> <span class='ocrx_word' id='word_1_330' title='bbox 341 2072 388 2121; x_wconf 85' lang='lat' dir='ltr'><strong>Q.</strong></span> <span class='ocrx_word' id='word_1_331' title='bbox 421 2072 592 2113; x_wconf 82' lang='lat' dir='ltr'><strong>Petillius</strong></span> <span class='ocrx_word' id='word_1_332' title='bbox 625 2073 671 2121; x_wconf 87' lang='lat' dir='ltr'><strong>Q.</strong></span> <span class='ocrx_word' id='word_1_333' title='bbox 705 2072 770 2122; x_wconf 72' lang='lat' dir='ltr'><strong>F..</strong></span> <span class='ocrx_word' id='word_1_334' title='bbox 810 2071 850 2112; x_wconf 94' lang='lat' dir='ltr'><strong>P.</strong></span> <span class='ocrx_word' id='word_1_335' title='bbox 883 2071 1063 2112; x_wconf 88' lang='lat' dir='ltr'><strong>Rasinius</strong></span> <span class='ocrx_word' id='word_1_336' title='bbox 1094 2072 1136 2112; x_wconf 88' lang='lat' dir='ltr'><strong>L.</strong></span> <span class='ocrx_word' id='word_1_337' title='bbox 1170 2072 1210 2113; x_wconf 90' lang='lat' dir='ltr'><strong>F.</strong></span> <span class='ocrx_word' id='word_1_338' title='bbox 1245 2071 1416 2125; x_wconf 86' lang='lat' dir='ltr'><strong>Bassus,</strong></span> <span class='ocrx_word' id='word_1_339' title='bbox 1454 2073 1505 2114; x_wconf 88' lang='lat' dir='ltr'><strong>M.</strong></span> <span class='ocrx_word' id='word_1_340' title='bbox 1538 2072 1708 2127; x_wconf 82' lang='lat' dir='ltr'><strong>Puppius</strong></span> 
     </span>
     <span class='ocr_line' id='line_1_32' title="bbox 97 2129 1710 2184; baseline -0.001 -10"><span class='ocrx_word' id='word_1_341' title='bbox 97 2133 149 2174; x_wconf 84' lang='lat' dir='ltr'><strong>M.</strong></span> <span class='ocrx_word' id='word_1_342' title='bbox 179 2132 242 2182; x_wconf 75' lang='lat' dir='ltr'><strong>R,</strong></span> <span class='ocrx_word' id='word_1_343' title='bbox 276 2132 322 2180; x_wconf 84' lang='lat' dir='ltr'><strong>Q.</strong></span> <span class='ocrx_word' id='word_1_344' title='bbox 357 2131 560 2173; x_wconf 81' lang='lat' dir='ltr'><strong>Sertorius</strong></span> <span class='ocrx_word' id='word_1_345' title='bbox 594 2131 640 2179; x_wconf 84' lang='lat' dir='ltr'><strong>Q.</strong></span> <span class='ocrx_word' id='word_1_346' title='bbox 672 2131 713 2172; x_wconf 87' lang='lat' dir='ltr'><strong>F.</strong></span> <span class='ocrx_word' id='word_1_347' title='bbox 746 2130 848 2179; x_wconf 88' lang='lat' dir='ltr'><strong>Pica,</strong></span> <span class='ocrx_word' id='word_1_348' title='bbox 881 2130 948 2171; x_wconf 88' lang='lat' dir='ltr'><strong>Cn.</strong></span> <span class='ocrx_word' id='word_1_349' title='bbox 981 2129 1169 2172; x_wconf 82' lang='lat' dir='ltr'><strong>Octavius</strong></span> <span class='ocrx_word' id='word_1_350' title='bbox 1201 2131 1270 2171; x_wconf 89' lang='lat' dir='ltr'><strong>Cn.</strong></span> <span class='ocrx_word' id='word_1_351' title='bbox 1304 2131 1344 2172; x_wconf 91' lang='lat' dir='ltr'><strong>F.</strong></span> <span class='ocrx_word' id='word_1_352' title='bbox 1375 2131 1523 2184; x_wconf 78' lang='lat' dir='ltr'><strong>Rufus,</strong></span> <span class='ocrx_word' id='word_1_353' title='bbox 1554 2131 1602 2172; x_wconf 92' lang='lat' dir='ltr'><strong>A.</strong></span> <span class='ocrx_word' id='word_1_354' title='bbox 1634 2130 1710 2172; x_wconf 81' lang='lat' dir='ltr'><strong>At-</strong></span> 
     </span>
     <span class='ocr_line' id='line_1_33' title="bbox 98 2186 1710 2244; baseline -0.001 -12"><span class='ocrx_word' id='word_1_355' title='bbox 98 2191 186 2232; x_wconf 92' lang='lat' dir='ltr'><strong>bius</strong></span> <span class='ocrx_word' id='word_1_356' title='bbox 218 2191 266 2232; x_wconf 92' lang='lat' dir='ltr'><strong>A.</strong></span> <span class='ocrx_word' id='word_1_357' title='bbox 297 2190 338 2230; x_wconf 90' lang='lat' dir='ltr'><strong>F.</strong></span> <span class='ocrx_word' id='word_1_358' title='bbox 370 2189 497 2231; x_wconf 88' lang='lat' dir='ltr'><strong>Gutta.</strong></span> <span class='ocrx_word' id='word_1_359' title='bbox 561 2189 678 2239; x_wconf 86' lang='lat' dir='ltr'><strong>Quod</strong></span> <span class='ocrx_word' id='word_1_360' title='bbox 721 2188 763 2229; x_wconf 91' lang='lat' dir='ltr'><strong>C.</strong></span> <span class='ocrx_word' id='word_1_361' title='bbox 794 2189 940 2230; x_wconf 91' lang='lat' dir='ltr'><strong>Canius</strong></span> <span class='ocrx_word' id='word_1_362' title='bbox 971 2188 1012 2228; x_wconf 88' lang='lat' dir='ltr'><strong>C.</strong></span> <span class='ocrx_word' id='word_1_363' title='bbox 1044 2188 1084 2229; x_wconf 89' lang='lat' dir='ltr'><strong>F.</strong></span> <span class='ocrx_word' id='word_1_364' title='bbox 1117 2189 1351 2231; x_wconf 83' lang='lat' dir='ltr'><strong>Saturninus</strong></span> <span class='ocrx_word' id='word_1_365' title='bbox 1393 2190 1425 2232; x_wconf 90' lang='lat' dir='ltr'><strong>II</strong></span> <span class='ocrx_word' id='word_1_366' title='bbox 1438 2191 1497 2231; x_wconf 90' lang='lat' dir='ltr'><strong>vir</strong></span> <span class='ocrx_word' id='word_1_367' title='bbox 1538 2190 1583 2230; x_wconf 91' lang='lat' dir='ltr'><strong>V.</strong></span> <span class='ocrx_word' id='word_1_368' title='bbox 1614 2189 1655 2231; x_wconf 90' lang='lat' dir='ltr'><strong>F.</strong></span> <span class='ocrx_word' id='word_1_369' title='bbox 1669 2186 1710 2244; x_wconf 80' lang='lat'><strong>³]</strong></span> 
     </span>
     <span class='ocr_line' id='line_1_34' title="bbox 100 2247 1711 2303; baseline 0 -14"><span class='ocrx_word' id='word_1_370' title='bbox 100 2248 150 2290; x_wconf 86' lang='lat' dir='ltr'><strong>de</strong></span> <span class='ocrx_word' id='word_1_371' title='bbox 181 2247 375 2303; x_wconf 85' lang='lat' dir='ltr'><strong>augendis</strong></span> <span class='ocrx_word' id='word_1_372' title='bbox 407 2248 625 2290; x_wconf 87' lang='lat' dir='ltr'><strong>honoribus</strong></span> <span class='ocrx_word' id='word_1_373' title='bbox 657 2249 699 2289; x_wconf 93' lang='lat' dir='ltr'><strong>L.</strong></span> <span class='ocrx_word' id='word_1_374' title='bbox 732 2247 927 2298; x_wconf 89' lang='lat' dir='ltr'><strong>Caesaris,</strong></span> <span class='ocrx_word' id='word_1_375' title='bbox 960 2247 1131 2300; x_wconf 84' lang='lat' dir='ltr'><strong>Augusti</strong></span> <span class='ocrx_word' id='word_1_376' title='bbox 1166 2249 1361 2301; x_wconf 80' lang='lat' dir='ltr'><strong>Caesaris,</strong></span> <span class='ocrx_word' id='word_1_377' title='bbox 1392 2249 1515 2302; x_wconf 91' lang='lat' dir='ltr'><strong>patris</strong></span> <span class='ocrx_word' id='word_1_378' title='bbox 1546 2249 1711 2302; x_wconf 86' lang='lat' dir='ltr'><strong>patriae,</strong></span> 
     </span>
     <span class='ocr_line' id='line_1_35' title="bbox 100 2305 1712 2363; baseline -0.001 -14"><span class='ocrx_word' id='word_1_379' title='bbox 100 2307 296 2362; x_wconf 86' lang='lat' dir='ltr'><strong>pontificis</strong></span> <span class='ocrx_word' id='word_1_380' title='bbox 327 2308 512 2358; x_wconf 75' lang='lat' dir='ltr'><strong>maxumi,</strong></span> <span class='ocrx_word' id='word_1_381' title='bbox 544 2307 776 2348; x_wconf 79' lang='lat' dir='ltr'><strong>tribuniciae</strong></span> <span class='ocrx_word' id='word_1_382' title='bbox 807 2307 1015 2360; x_wconf 87' lang='lat' dir='ltr'><strong>potestatis</strong></span> <span class='ocrx_word' id='word_1_383' title='bbox 1055 2305 1176 2358; x_wconf 60' lang='lat' dir='ltr'><strong>HV,</strong></span> <span class='ocrx_word' id='word_1_384' title='bbox 1208 2306 1282 2357; x_wconf 87' lang='lat' dir='ltr'><strong>fili,</strong></span> <span class='ocrx_word' id='word_1_385' title='bbox 1315 2309 1502 2363; x_wconf 86' lang='lat' dir='ltr'><strong>auguris,</strong></span> <span class='ocrx_word' id='word_1_386' title='bbox 1535 2306 1712 2349; x_wconf 87' lang='lat' dir='ltr'><strong>consutis</strong></span> 
     </span>
     <span class='ocr_line' id='line_1_36' title="bbox 102 2365 1712 2421; baseline -0.001 -15"><span class='ocrx_word' id='word_1_387' title='bbox 102 2366 312 2421; x_wconf 86' lang='lat' dir='ltr'><strong>designati,</strong></span> <span class='ocrx_word' id='word_1_388' title='bbox 343 2366 531 2420; x_wconf 90' lang='lat' dir='ltr'><strong>principis</strong></span> <span class='ocrx_word' id='word_1_389' title='bbox 560 2367 790 2416; x_wconf 82' lang='lat' dir='ltr'><strong>iuventutis,</strong></span> <span class='ocrx_word' id='word_1_390' title='bbox 822 2365 978 2419; x_wconf 89' lang='lat' dir='ltr'><strong>patroni</strong></span> <span class='ocrx_word' id='word_1_391' title='bbox 1009 2365 1189 2406; x_wconf 85' lang='lat' dir='ltr'><strong>coloniae</strong></span> <span class='ocrx_word' id='word_1_392' title='bbox 1219 2369 1402 2419; x_wconf 88' lang='lat' dir='ltr'><strong>nostrae,</strong></span> <span class='ocrx_word' id='word_1_393' title='bbox 1434 2366 1480 2415; x_wconf 84' lang='lat' dir='ltr'><strong>Q.</strong></span> <span class='ocrx_word' id='word_1_394' title='bbox 1511 2365 1559 2407; x_wconf 92' lang='lat' dir='ltr'><strong>D.</strong></span> <span class='ocrx_word' id='word_1_395' title='bbox 1590 2365 1635 2407; x_wconf 92' lang='lat' dir='ltr'><strong>E.</strong></span> <span class='ocrx_word' id='word_1_396' title='bbox 1667 2365 1712 2406; x_wconf 83' lang='lat' dir='ltr'><strong>R.</strong></span> 
     </span>
     <span class='ocr_line' id='line_1_37' title="bbox 100 2421 1712 2484; baseline -0.001 -18"><span class='ocrx_word' id='word_1_397' title='bbox 100 2425 142 2466; x_wconf 91' lang='lat' dir='ltr'><strong>F.</strong></span> <span class='ocrx_word' id='word_1_398' title='bbox 174 2425 215 2466; x_wconf 92' lang='lat' dir='ltr'><strong>P.</strong></span> <span class='ocrx_word' id='word_1_399' title='bbox 246 2425 293 2466; x_wconf 88' lang='lat' dir='ltr'><strong>D.</strong></span> <span class='ocrx_word' id='word_1_400' title='bbox 326 2424 370 2466; x_wconf 91' lang='lat' dir='ltr'><strong>E.</strong></span> <span class='ocrx_word' id='word_1_401' title='bbox 402 2425 446 2465; x_wconf 91' lang='lat' dir='ltr'><strong>R.</strong></span> <span class='ocrx_word' id='word_1_402' title='bbox 479 2425 507 2465; x_wconf 93' lang='lat'><strong>1.</strong></span> <span class='ocrx_word' id='word_1_403' title='bbox 541 2421 639 2478; x_wconf 51' lang='grc' dir='ltr'><strong>Ου’)</strong></span> <span class='ocrx_word' id='word_1_404' title='bbox 702 2424 798 2465; x_wconf 90' lang='lat' dir='ltr'><strong>Cum</strong></span> <span class='ocrx_word' id='word_1_405' title='bbox 830 2429 992 2465; x_wconf 84' lang='lat' dir='ltr'><strong>senatus</strong></span> <span class='ocrx_word' id='word_1_406' title='bbox 1023 2423 1157 2484; x_wconf 83' lang='lat' dir='ltr'><strong>populi</strong></span> <span class='ocrx_word' id='word_1_407' title='bbox 1198 2425 1376 2476; x_wconf 85' lang='lat' dir='ltr'><strong>romani,</strong></span> <span class='ocrx_word' id='word_1_408' title='bbox 1416 2426 1520 2466; x_wconf 89' lang='lat' dir='ltr'><strong>inter</strong></span> <span class='ocrx_word' id='word_1_409' title='bbox 1551 2429 1712 2466; x_wconf 86' lang='lat' dir='ltr'><strong>ceteros</strong></span> 
     </span>
     <span class='ocr_line' id='line_1_38' title="bbox 101 2479 1714 2537; baseline -0.001 -13"><span class='ocrx_word' id='word_1_410' title='bbox 101 2483 294 2537; x_wconf 88' lang='lat' dir='ltr'><strong>plurimos</strong></span> <span class='ocrx_word' id='word_1_411' title='bbox 325 2496 371 2524; x_wconf 89' lang='lat' dir='ltr'><strong>ac</strong></span> <span class='ocrx_word' id='word_1_412' title='bbox 404 2484 594 2525; x_wconf 78' lang='lat' dir='ltr'><strong>maximos</strong></span> <span class='ocrx_word' id='word_1_413' title='bbox 627 2483 802 2524; x_wconf 88' lang='lat' dir='ltr'><strong>honores</strong></span> <span class='ocrx_word' id='word_1_414' title='bbox 834 2482 875 2523; x_wconf 91' lang='lat' dir='ltr'><strong>L.</strong></span> <span class='ocrx_word' id='word_1_415' title='bbox 919 2483 1098 2523; x_wconf 86' lang='lat' dir='ltr'><strong>Caesaris</strong></span> <span class='ocrx_word' id='word_1_416' title='bbox 1115 2479 1169 2537; x_wconf 74' lang='lat'><strong>³),</strong></span> <span class='ocrx_word' id='word_1_417' title='bbox 1200 2482 1367 2536; x_wconf 87' lang='lat' dir='ltr'><strong>Augusti</strong></span> <span class='ocrx_word' id='word_1_418' title='bbox 1401 2484 1606 2534; x_wconf 89' lang='lat' dir='ltr'><strong>Caesaris,</strong></span> <span class='ocrx_word' id='word_1_419' title='bbox 1636 2495 1714 2537; x_wconf 83' lang='lat' dir='ltr'><strong>pa-</strong></span> 
     </span>
     <span class='ocr_line' id='line_1_39' title="bbox 102 2541 1713 2596; baseline 0.001 -14"><span class='ocrx_word' id='word_1_420' title='bbox 102 2543 173 2583; x_wconf 85' lang='lat' dir='ltr'><strong>tris</strong></span> <span class='ocrx_word' id='word_1_421' title='bbox 203 2543 376 2596; x_wconf 87' lang='lat' dir='ltr'><strong>patriae,</strong></span> <span class='ocrx_word' id='word_1_422' title='bbox 407 2542 601 2595; x_wconf 87' lang='lat' dir='ltr'><strong>pontificis</strong></span> <span class='ocrx_word' id='word_1_423' title='bbox 634 2542 812 2592; x_wconf 81' lang='lat' dir='ltr'><strong>maximi,</strong></span> <span class='ocrx_word' id='word_1_424' title='bbox 846 2541 1077 2582; x_wconf 88' lang='lat' dir='ltr'><strong>tribuniciae</strong></span> <span class='ocrx_word' id='word_1_425' title='bbox 1108 2542 1317 2594; x_wconf 87' lang='lat' dir='ltr'><strong>potestatis</strong></span> <span class='ocrx_word' id='word_1_426' title='bbox 1348 2541 1482 2594; x_wconf 84' lang='lat' dir='ltr'><strong>XXV,</strong></span> <span class='ocrx_word' id='word_1_427' title='bbox 1512 2541 1605 2592; x_wconf 91' lang='lat' dir='ltr'><strong>filio,</strong></span> <span class='ocrx_word' id='word_1_428' title='bbox 1636 2553 1713 2583; x_wconf 84' lang='lat' dir='ltr'><strong>au·-</strong></span> 
     </span>
     <span class='ocr_line' id='line_1_40' title="bbox 102 2597 1714 2655; baseline -0.001 -13"><span class='ocrx_word' id='word_1_429' title='bbox 102 2602 205 2655; x_wconf 89' lang='lat' dir='ltr'><strong>guri,</strong></span> <span class='ocrx_word' id='word_1_430' title='bbox 237 2600 390 2643; x_wconf 92' lang='lat' dir='ltr'><strong>consuli</strong></span> <span class='ocrx_word' id='word_1_431' title='bbox 423 2600 656 2655; x_wconf 83' lang='lat' dir='ltr'><strong>designato,</strong></span> <span class='ocrx_word' id='word_1_432' title='bbox 698 2612 770 2653; x_wconf 90' lang='lat' dir='ltr'><strong>per</strong></span> <span class='ocrx_word' id='word_1_433' title='bbox 803 2597 1043 2653; x_wconf 64' lang='lat' dir='ltr'><strong>cosesumss)</strong></span> <span class='ocrx_word' id='word_1_434' title='bbox 1078 2600 1248 2641; x_wconf 91' lang='lat' dir='ltr'><strong>omnium</strong></span> <span class='ocrx_word' id='word_1_435' title='bbox 1280 2599 1411 2642; x_wconf 88' lang='lat' dir='ltr'><strong>studio</strong></span> <span class='ocrx_word' id='word_1_436' title='bbox 1426 2597 1564 2654; x_wconf 79' lang='lat'><strong>⁷)....</strong></span> <span class='ocrx_word' id='word_1_437' title='bbox 1594 2603 1714 2651; x_wconf 83' lang='lat' dir='ltr'><strong>tetur,</strong></span> 
     </span>
     <span class='ocr_line' id='line_1_41' title="bbox 104 2655 1713 2714; baseline 0 -14"><span class='ocrx_word' id='word_1_438' title='bbox 104 2658 194 2701; x_wconf 85' lang='lat' dir='ltr'><strong>data</strong></span> <span class='ocrx_word' id='word_1_439' title='bbox 226 2672 323 2701; x_wconf 88' lang='lat' dir='ltr'><strong>cura</strong></span> <span class='ocrx_word' id='word_1_440' title='bbox 355 2658 396 2700; x_wconf 91' lang='lat' dir='ltr'><strong>C.</strong></span> <span class='ocrx_word' id='word_1_441' title='bbox 429 2659 552 2701; x_wconf 89' lang='lat' dir='ltr'><strong>Canio</strong></span> <span class='ocrx_word' id='word_1_442' title='bbox 583 2659 799 2703; x_wconf 88' lang='lat' dir='ltr'><strong>Saturnino</strong></span> <span class='ocrx_word' id='word_1_443' title='bbox 829 2659 949 2700; x_wconf 85' lang='lat' dir='ltr'><strong>IIvir.</strong></span> <span class='ocrx_word' id='word_1_444' title='bbox 982 2664 1021 2700; x_wconf 87' lang='lat' dir='ltr'><strong>et</strong></span> <span class='ocrx_word' id='word_1_445' title='bbox 1054 2658 1197 2700; x_wconf 86' lang='lat' dir='ltr'><strong>Decem</strong></span> <span class='ocrx_word' id='word_1_446' title='bbox 1218 2659 1352 2712; x_wconf 88' lang='lat' dir='ltr'><strong>primis</strong></span> <span class='ocrx_word' id='word_1_447' title='bbox 1383 2655 1610 2714; x_wconf 64' lang='lat' dir='ltr'><strong>eligendiss)</strong></span> <span class='ocrx_word' id='word_1_448' title='bbox 1642 2670 1713 2700; x_wconf 83' lang='lat' dir='ltr'><strong>as-</strong></span> 
     </span>
    </p>
   </div>
   <div class='ocr_carea' id='block_1_4' title="bbox 106 2798 1718 3036">
    <p class='ocr_par' dir='ltr' id='par_1_5' title="bbox 106 2798 1718 3036">
     <span class='ocr_line' id='line_1_42' title="bbox 246 2798 1714 2846; baseline 0 -12"><span class='ocrx_word' id='word_1_449' title='bbox 246 2802 284 2842; x_wconf 82' lang='grc'><strong>1)</strong></span> <span class='ocrx_word' id='word_1_450' title='bbox 309 2801 358 2835; x_wconf 85' lang='lat' dir='ltr'><strong>Ita</strong></span> <span class='ocrx_word' id='word_1_451' title='bbox 384 2801 513 2834; x_wconf 91' lang='lat' dir='ltr'><strong>initium</strong></span> <span class='ocrx_word' id='word_1_452' title='bbox 540 2802 778 2846; x_wconf 86' lang='lat' dir='ltr'><strong>inscriptionis,</strong></span> <span class='ocrx_word' id='word_1_453' title='bbox 803 2801 998 2835; x_wconf 74' lang='lat' dir='ltr'><strong>facillimum</strong></span> <span class='ocrx_word' id='word_1_454' title='bbox 1025 2801 1127 2842; x_wconf 88' lang='lat' dir='ltr'><strong>lectu,</strong></span> <span class='ocrx_word' id='word_1_455' title='bbox 1152 2800 1291 2842; x_wconf 84' lang='lat' dir='ltr'><strong>habere,</strong></span> <span class='ocrx_word' id='word_1_456' title='bbox 1317 2800 1430 2846; x_wconf 87' lang='lat' dir='ltr'><strong>prodit</strong></span> <span class='ocrx_word' id='word_1_457' title='bbox 1454 2800 1604 2835; x_wconf 84' lang='lat' dir='ltr'><strong>Blumius</strong></span> <span class='ocrx_word' id='word_1_458' title='bbox 1630 2798 1714 2842; x_wconf 84' lang='lat' dir='ltr'><strong>(Iter</strong></span> 
     </span>
     <span class='ocr_line' id='line_1_43' title="bbox 106 2846 1714 2893; baseline 0.001 -14"><span class='ocrx_word' id='word_1_459' title='bbox 106 2846 206 2880; x_wconf 88' lang='lat' dir='ltr'><strong>italic.</strong></span> <span class='ocrx_word' id='word_1_460' title='bbox 233 2847 384 2882; x_wconf 84' lang='lat' dir='ltr'><strong>Tom.11.</strong></span> <span class='ocrx_word' id='word_1_461' title='bbox 410 2858 443 2893; x_wconf 90' lang='lat' dir='ltr'><strong>p.</strong></span> <span class='ocrx_word' id='word_1_462' title='bbox 463 2847 564 2889; x_wconf 83' lang='lat'>111):</span> <span class='ocrx_word' id='word_1_463' title='bbox 590 2848 644 2881; x_wconf 84' lang='lat' dir='ltr'><strong>alii</strong></span> <span class='ocrx_word' id='word_1_464' title='bbox 670 2848 776 2882; x_wconf 81' lang='lat' dir='ltr'><strong>aliter.</strong></span> <span class='ocrx_word' id='word_1_465' title='bbox 805 2865 846 2871; x_wconf 89' lang='lat'>—</span> <span class='ocrx_word' id='word_1_466' title='bbox 871 2846 910 2890; x_wconf 84' lang='lat'><strong>2)</strong></span> <span class='ocrx_word' id='word_1_467' title='bbox 935 2849 1118 2882; x_wconf 83' lang='lat' dir='ltr'><strong>scribendo</strong></span> <span class='ocrx_word' id='word_1_468' title='bbox 1143 2848 1332 2882; x_wconf 80' lang='lat' dir='ltr'><strong>adfuerunt.</strong></span> <span class='ocrx_word' id='word_1_469' title='bbox 1359 2865 1402 2871; x_wconf 91' lang='lat'>—</span> <span class='ocrx_word' id='word_1_470' title='bbox 1428 2847 1468 2890; x_wconf 84' lang='lat'><strong>3)</strong></span> <span class='ocrx_word' id='word_1_471' title='bbox 1492 2847 1596 2882; x_wconf 84' lang='lat' dir='ltr'><strong>verba</strong></span> <span class='ocrx_word' id='word_1_472' title='bbox 1623 2847 1714 2881; x_wconf 78' lang='lat' dir='ltr'><strong>fecit.</strong></span> 
     </span>
     <span class='ocr_line' id='line_1_44' title="bbox 110 2893 1713 2940; baseline 0.001 -13"><span class='ocrx_word' id='word_1_473' title='bbox 110 2910 151 2916; x_wconf 90' lang='lat'><strong>·—</strong></span> <span class='ocrx_word' id='word_1_474' title='bbox 179 2893 218 2933; x_wconf 89' lang='grc'><strong>4)</strong></span> <span class='ocrx_word' id='word_1_475' title='bbox 244 2894 323 2940; x_wconf 87' lang='lat' dir='ltr'><strong>quid</strong></span> <span class='ocrx_word' id='word_1_476' title='bbox 351 2895 394 2928; x_wconf 90' lang='lat' dir='ltr'><strong>de</strong></span> <span class='ocrx_word' id='word_1_477' title='bbox 421 2905 460 2928; x_wconf 91' lang='lat' dir='ltr'><strong>ea</strong></span> <span class='ocrx_word' id='word_1_478' title='bbox 488 2906 524 2928; x_wconf 88' lang='lat' dir='ltr'><strong>re</strong></span> <span class='ocrx_word' id='word_1_479' title='bbox 548 2895 620 2928; x_wconf 84' lang='lat' dir='ltr'><strong>tieri</strong></span> <span class='ocrx_word' id='word_1_480' title='bbox 646 2895 798 2939; x_wconf 87' lang='lat' dir='ltr'><strong>placeret</strong></span> <span class='ocrx_word' id='word_1_481' title='bbox 824 2894 867 2928; x_wconf 89' lang='lat' dir='ltr'><strong>de</strong></span> <span class='ocrx_word' id='word_1_482' title='bbox 892 2906 934 2929; x_wconf 89' lang='lat' dir='ltr'><strong>ea</strong></span> <span class='ocrx_word' id='word_1_483' title='bbox 960 2906 998 2929; x_wconf 91' lang='lat' dir='ltr'><strong>re</strong></span> <span class='ocrx_word' id='word_1_484' title='bbox 1023 2896 1068 2928; x_wconf 89' lang='lat' dir='ltr'><strong>ita</strong></span> <span class='ocrx_word' id='word_1_485' title='bbox 1094 2901 1306 2929; x_wconf 86' lang='lat' dir='ltr'><strong>censuerunt.</strong></span> <span class='ocrx_word' id='word_1_486' title='bbox 1336 2912 1378 2918; x_wconf 85' lang='lat'><em>-</em></span> <span class='ocrx_word' id='word_1_487' title='bbox 1405 2893 1443 2934; x_wconf 80' lang='lat'><strong>5)</strong></span> <span class='ocrx_word' id='word_1_488' title='bbox 1470 2895 1634 2928; x_wconf 83' lang='lat' dir='ltr'><strong>mendose</strong></span> <span class='ocrx_word' id='word_1_489' title='bbox 1650 2904 1713 2938; x_wconf 84' lang='lat' dir='ltr'><strong>pro</strong></span> 
     </span>
     <span class='ocr_line' id='line_1_45' title="bbox 111 2939 1715 2983; baseline 0.001 -11"><span class='ocrx_word' id='word_1_490' title='bbox 111 2939 256 2974; x_wconf 77' lang='lat' dir='ltr'><strong>Caesari.</strong></span> <span class='ocrx_word' id='word_1_491' title='bbox 273 2958 313 2963; x_wconf 92' lang='lat'><strong>——</strong></span> <span class='ocrx_word' id='word_1_492' title='bbox 329 2941 367 2982; x_wconf 85' lang='lat'><strong>6)</strong></span> <span class='ocrx_word' id='word_1_493' title='bbox 388 2941 437 2975; x_wconf 85' lang='lat' dir='ltr'><strong>lta</strong></span> <span class='ocrx_word' id='word_1_494' title='bbox 465 2941 604 2981; x_wconf 78' lang='lat' dir='ltr'><strong>Gorius3</strong></span> <span class='ocrx_word' id='word_1_495' title='bbox 628 2953 819 2975; x_wconf 81' lang='lat' dir='ltr'><strong>consensum</strong></span> <span class='ocrx_word' id='word_1_496' title='bbox 838 2941 963 2976; x_wconf 91' lang='lat' dir='ltr'><strong>Donat.</strong></span> <span class='ocrx_word' id='word_1_497' title='bbox 978 2953 1144 2976; x_wconf 73' lang='lat' dir='ltr'><strong>comesum</strong></span> <span class='ocrx_word' id='word_1_498' title='bbox 1164 2941 1333 2976; x_wconf 82' lang='lat' dir='ltr'><strong>Haubold.</strong></span> <span class='ocrx_word' id='word_1_499' title='bbox 1359 2959 1400 2965; x_wconf 89' lang='lat'><em>-</em></span> <span class='ocrx_word' id='word_1_500' title='bbox 1420 2940 1459 2983; x_wconf 85' lang='lat'><strong>¹7)</strong></span> <span class='ocrx_word' id='word_1_501' title='bbox 1475 2941 1595 2975; x_wconf 77' lang='lat' dir='ltr'><strong>lacuna</strong></span> <span class='ocrx_word' id='word_1_502' title='bbox 1616 2942 1715 2975; x_wconf 79' lang='lat' dir='ltr'><strong>unius</strong></span> 
     </span>
     <span class='ocr_line' id='line_1_46' title="bbox 107 2986 1718 3036; baseline 0.002 -16"><span class='ocrx_word' id='word_1_503' title='bbox 107 2986 221 3031; x_wconf 89' lang='lat' dir='ltr'><strong>palmi.</strong></span> <span class='ocrx_word' id='word_1_504' title='bbox 231 3004 271 3012; x_wconf 85' lang='lat'><em>-</em></span> <span class='ocrx_word' id='word_1_505' title='bbox 282 2986 320 3031; x_wconf 90' lang='lat'><strong>8)</strong></span> <span class='ocrx_word' id='word_1_506' title='bbox 331 2987 468 3033; x_wconf 75' lang='lat' dir='ltr'><strong>eliyeudi</strong></span> <span class='ocrx_word' id='word_1_507' title='bbox 480 2988 630 3023; x_wconf 78' lang='lat' dir='ltr'><strong>Donatus</strong></span> <span class='ocrx_word' id='word_1_508' title='bbox 639 2988 807 3033; x_wconf 82' lang='lat' dir='ltr'><strong>supplevit</strong></span> <span class='ocrx_word' id='word_1_509' title='bbox 818 3000 825 3031; x_wconf 77' lang='lat'>3</span> <span class='ocrx_word' id='word_1_510' title='bbox 840 2989 872 3023; x_wconf 94' lang='lat' dir='ltr'><strong>in</strong></span> <span class='ocrx_word' id='word_1_511' title='bbox 883 2988 995 3034; x_wconf 91' lang='lat' dir='ltr'><strong>lapide</strong></span> <span class='ocrx_word' id='word_1_512' title='bbox 1006 2995 1132 3024; x_wconf 86' lang='lat' dir='ltr'><strong>tantum</strong></span> <span class='ocrx_word' id='word_1_513' title='bbox 1143 2990 1273 3036; x_wconf 89' lang='lat' dir='ltr'><strong>priores</strong></span> <span class='ocrx_word' id='word_1_514' title='bbox 1283 2987 1381 3026; x_wconf 81' lang='lat' dir='ltr'><strong>verbi</strong></span> <span class='ocrx_word' id='word_1_515' title='bbox 1392 2988 1512 3024; x_wconf 83' lang='lat' dir='ltr'><strong>literae</strong></span> <span class='ocrx_word' id='word_1_516' title='bbox 1521 2993 1718 3033; x_wconf 75' lang='lat' dir='ltr'><strong>supersunt.</strong></span> 
     </span>
    </p>
   </div>
  </div>
 </body>
</html>
