<?xml version="1.0" encoding="UTF-8"?>
<!DOCTYPE html PUBLIC "-//W3C//DTD XHTML 1.0 Transitional//EN"
    "http://www.w3.org/TR/xhtml1/DTD/xhtml1-transitional.dtd">
<html xmlns="http://www.w3.org/1999/xhtml" xml:lang="en" lang="en">
 <head>
  <title>
</title>
<meta http-equiv="Content-Type" content="text/html;charset=utf-8" />
  <meta name='ocr-system' content='tesseract 3.04.00' />
  <meta name='ocr-capabilities' content='ocr_page ocr_carea ocr_par ocr_line ocrx_word'/>
</head>
<body>
  <div class='ocr_page' id='page_1' title='image "./handbuchderrmi0103zelluoft_0304.png"; bbox 0 0 1877 3313; ppageno 0'>
   <div class='ocr_carea' id='block_1_1' title="bbox 123 131 1282 184">
    <p class='ocr_par' dir='ltr' id='par_1_1' title="bbox 123 131 1282 184">
     <span class='ocr_line' id='line_1_1' title="bbox 123 131 1282 184; baseline -0.014 0"><span class='ocrx_word' id='word_1_1' title='bbox 123 140 208 184; x_wconf 78' lang='grc'><strong>284</strong></span> <span class='ocrx_word' id='word_1_2' title='bbox 572 135 679 170; x_wconf 90' lang='lat' dir='ltr'><strong>Inscr.</strong></span> <span class='ocrx_word' id='word_1_3' title='bbox 705 131 1008 180; x_wconf 65' lang='lat' dir='ltr'><strong>profanae.}{(3ap.</strong></span> <span class='ocrx_word' id='word_1_4' title='bbox 1033 132 1073 169; x_wconf 92' lang='lat' dir='ltr'><strong>II.</strong></span> <span class='ocrx_word' id='word_1_5' title='bbox 1121 133 1282 169; x_wconf 79' lang='lat' dir='ltr'>Tabulae.</span> 
     </span>
    </p>
   </div>
   <div class='ocr_carea' id='block_1_2' title="bbox 121 298 1727 651">
    <p class='ocr_par' dir='ltr' id='par_1_2' title="bbox 121 298 1727 651">
     <span class='ocr_line' id='line_1_2' title="bbox 261 298 1726 356; baseline -0.001 -12"><span class='ocrx_word' id='word_1_6' title='bbox 261 303 566 356; x_wconf 82' lang='lat' dir='ltr'><strong>Queiquomque</strong></span> <span class='ocrx_word' id='word_1_7' title='bbox 598 302 637 342; x_wconf 88' lang='lat' dir='ltr'><strong>in</strong></span> <span class='ocrx_word' id='word_1_8' title='bbox 669 314 808 344; x_wconf 85' lang='lat' dir='ltr'><strong>eorum</strong></span> <span class='ocrx_word' id='word_1_9' title='bbox 841 314 920 355; x_wconf 91' lang='lat' dir='ltr'><strong>quo</strong></span> <span class='ocrx_word' id='word_1_10' title='bbox 952 313 988 341; x_wconf 95' lang='lat' dir='ltr'><strong>o.</strong></span> <span class='ocrx_word' id='word_1_11' title='bbox 1020 314 1069 341; x_wconf 91' lang='lat' dir='ltr'><strong>m.</strong></span> <span class='ocrx_word' id='word_1_12' title='bbox 1102 313 1135 341; x_wconf 90' lang='lat' dir='ltr'><strong>c.</strong></span> <span class='ocrx_word' id='word_1_13' title='bbox 1168 313 1205 354; x_wconf 88' lang='lat' dir='ltr'><strong>p.</strong></span> <span class='ocrx_word' id='word_1_14' title='bbox 1237 299 1264 341; x_wconf 93' lang='lat' dir='ltr'><strong>f.</strong></span> <span class='ocrx_word' id='word_1_15' title='bbox 1297 313 1334 341; x_wconf 91' lang='lat' dir='ltr'><strong>v.</strong></span> <span class='ocrx_word' id='word_1_16' title='bbox 1357 313 1391 342; x_wconf 90' lang='lat' dir='ltr'><strong>c.</strong></span> <span class='ocrx_word' id='word_1_17' title='bbox 1412 313 1445 342; x_wconf 89' lang='lat' dir='ltr'><strong>c.</strong></span> <span class='ocrx_word' id='word_1_18' title='bbox 1468 306 1496 343; x_wconf 91' lang='lat' dir='ltr'><strong>t.</strong></span> <span class='ocrx_word' id='word_1_19' title='bbox 1529 314 1591 354; x_wconf 73' lang='lat' dir='ltr'><strong>ve,</strong></span> <span class='ocrx_word' id='word_1_20' title='bbox 1623 298 1726 356; x_wconf 75' lang='lat' dir='ltr'><strong>quae</strong></span> 
     </span>
     <span class='ocr_line' id='line_1_3' title="bbox 122 359 1725 414; baseline -0.001 -11"><span class='ocrx_word' id='word_1_21' title='bbox 122 363 162 404; x_wconf 87' lang='lat' dir='ltr'><strong>in</strong></span> <span class='ocrx_word' id='word_1_22' title='bbox 193 362 316 403; x_wconf 84' lang='lat' dir='ltr'><strong>Gallia</strong></span> <span class='ocrx_word' id='word_1_23' title='bbox 347 360 570 414; x_wconf 84' lang='lat' dir='ltr'><strong>Cisalpeina</strong></span> <span class='ocrx_word' id='word_1_24' title='bbox 600 365 693 402; x_wconf 89' lang='lat' dir='ltr'><strong>sunt</strong></span> <span class='ocrx_word' id='word_1_25' title='bbox 725 366 864 410; x_wconf 84' lang='lat' dir='ltr'><strong>erunt,</strong></span> <span class='ocrx_word' id='word_1_26' title='bbox 896 361 919 400; x_wconf 91' lang='lat' dir='ltr'><strong>i.</strong></span> <span class='ocrx_word' id='word_1_27' title='bbox 953 359 988 400; x_wconf 87' lang='lat' dir='ltr'><strong>d.</strong></span> <span class='ocrx_word' id='word_1_28' title='bbox 1021 372 1073 412; x_wconf 84' lang='lat' dir='ltr'><strong>p.‚</strong></span> <span class='ocrx_word' id='word_1_29' title='bbox 1104 359 1136 400; x_wconf 91' lang='lat' dir='ltr'><strong>is</strong></span> <span class='ocrx_word' id='word_1_30' title='bbox 1168 360 1271 400; x_wconf 86' lang='lat' dir='ltr'><strong>inter</strong></span> <span class='ocrx_word' id='word_1_31' title='bbox 1303 371 1375 400; x_wconf 89' lang='lat' dir='ltr'><strong>eos</strong></span> <span class='ocrx_word' id='word_1_32' title='bbox 1406 361 1496 413; x_wconf 85' lang='lat' dir='ltr'><strong>quei</strong></span> <span class='ocrx_word' id='word_1_33' title='bbox 1526 359 1576 400; x_wconf 92' lang='lat' dir='ltr'><strong>de</strong></span> <span class='ocrx_word' id='word_1_34' title='bbox 1607 360 1725 401; x_wconf 85' lang='lat' dir='ltr'><strong>fami-</strong></span> 
     </span>
     <span class='ocr_line' id='line_1_4' title="bbox 121 417 1726 476; baseline -0.001 -14"><span class='ocrx_word' id='word_1_35' title='bbox 121 422 170 462; x_wconf 83' lang='lat' dir='ltr'><strong>lia</strong></span> <span class='ocrx_word' id='word_1_36' title='bbox 190 418 226 476; x_wconf 82' lang='lat'><strong>¹)</strong></span> <span class='ocrx_word' id='word_1_37' title='bbox 260 420 496 462; x_wconf 86' lang='lat' dir='ltr'><strong>erciscunda</strong></span> <span class='ocrx_word' id='word_1_38' title='bbox 528 418 763 460; x_wconf 86' lang='lat' dir='ltr'><strong>deividunda</strong></span> <span class='ocrx_word' id='word_1_39' title='bbox 793 419 980 460; x_wconf 88' lang='lat' dir='ltr'><strong>iudicium</strong></span> <span class='ocrx_word' id='word_1_40' title='bbox 1011 419 1111 459; x_wconf 90' lang='lat' dir='ltr'><strong>sibei</strong></span> <span class='ocrx_word' id='word_1_41' title='bbox 1143 417 1253 458; x_wconf 88' lang='lat' dir='ltr'><strong>darei</strong></span> <span class='ocrx_word' id='word_1_42' title='bbox 1283 417 1486 470; x_wconf 88' lang='lat' dir='ltr'><strong>reddeive‚</strong></span> <span class='ocrx_word' id='word_1_43' title='bbox 1517 419 1554 459; x_wconf 93' lang='lat' dir='ltr'><strong>in</strong></span> <span class='ocrx_word' id='word_1_44' title='bbox 1587 431 1726 460; x_wconf 87' lang='lat' dir='ltr'><strong>eorum</strong></span> 
     </span>
     <span class='ocr_line' id='line_1_5' title="bbox 123 477 1727 533; baseline -0.001 -12"><span class='ocrx_word' id='word_1_45' title='bbox 123 492 204 533; x_wconf 87' lang='lat' dir='ltr'><strong>quo</strong></span> <span class='ocrx_word' id='word_1_46' title='bbox 235 492 273 520; x_wconf 94' lang='lat' dir='ltr'><strong>o.</strong></span> <span class='ocrx_word' id='word_1_47' title='bbox 305 493 355 520; x_wconf 89' lang='lat' dir='ltr'><strong>m.</strong></span> <span class='ocrx_word' id='word_1_48' title='bbox 390 491 424 519; x_wconf 89' lang='lat' dir='ltr'><strong>c.</strong></span> <span class='ocrx_word' id='word_1_49' title='bbox 456 491 493 532; x_wconf 90' lang='lat' dir='ltr'><strong>p.</strong></span> <span class='ocrx_word' id='word_1_50' title='bbox 527 477 552 518; x_wconf 78' lang='lat' dir='ltr'><strong>f.</strong></span> <span class='ocrx_word' id='word_1_51' title='bbox 591 491 627 518; x_wconf 95' lang='lat' dir='ltr'><strong>v.</strong></span> <span class='ocrx_word' id='word_1_52' title='bbox 660 491 694 519; x_wconf 90' lang='lat' dir='ltr'><strong>c.</strong></span> <span class='ocrx_word' id='word_1_53' title='bbox 727 490 760 518; x_wconf 88' lang='lat' dir='ltr'><strong>c.</strong></span> <span class='ocrx_word' id='word_1_54' title='bbox 794 483 819 518; x_wconf 84' lang='lat' dir='ltr'><strong>t.</strong></span> <span class='ocrx_word' id='word_1_55' title='bbox 851 490 924 528; x_wconf 79' lang='lat' dir='ltr'><strong>ve,</strong></span> <span class='ocrx_word' id='word_1_56' title='bbox 967 489 1070 530; x_wconf 86' lang='lat' dir='ltr'><strong>quae</strong></span> <span class='ocrx_word' id='word_1_57' title='bbox 1101 489 1132 517; x_wconf 89' lang='lat' dir='ltr'><strong>s.</strong></span> <span class='ocrx_word' id='word_1_58' title='bbox 1166 489 1197 517; x_wconf 87' lang='lat' dir='ltr'><strong>s.</strong></span> <span class='ocrx_word' id='word_1_59' title='bbox 1231 489 1278 528; x_wconf 88' lang='lat' dir='ltr'><strong>s.‚</strong></span> <span class='ocrx_word' id='word_1_60' title='bbox 1321 477 1633 530; x_wconf 79' lang='lat' dir='ltr'>postulaverint,</span> <span class='ocrx_word' id='word_1_61' title='bbox 1672 478 1727 519; x_wconf 84' lang='lat' dir='ltr'><strong>ita</strong></span> 
     </span>
     <span class='ocr_line' id='line_1_6' title="bbox 122 535 1725 588; baseline -0.001 -9"><span class='ocrx_word' id='word_1_62' title='bbox 122 539 183 579; x_wconf 90' lang='lat' dir='ltr'><strong>ius</strong></span> <span class='ocrx_word' id='word_1_63' title='bbox 215 537 358 579; x_wconf 89' lang='lat' dir='ltr'><strong>deicito</strong></span> <span class='ocrx_word' id='word_1_64' title='bbox 391 536 598 578; x_wconf 86' lang='lat' dir='ltr'><strong>decernito</strong></span> <span class='ocrx_word' id='word_1_65' title='bbox 630 535 771 578; x_wconf 85' lang='lat' dir='ltr'><strong>iudicia</strong></span> <span class='ocrx_word' id='word_1_66' title='bbox 802 536 892 577; x_wconf 87' lang='lat' dir='ltr'><strong>dato</strong></span> <span class='ocrx_word' id='word_1_67' title='bbox 924 536 1098 577; x_wconf 84' lang='lat' dir='ltr'><strong>iudicare</strong></span> <span class='ocrx_word' id='word_1_68' title='bbox 1130 535 1289 588; x_wconf 87' lang='lat' dir='ltr'><strong>iubeto,</strong></span> <span class='ocrx_word' id='word_1_69' title='bbox 1331 535 1412 577; x_wconf 90' lang='lat' dir='ltr'><strong>utei</strong></span> <span class='ocrx_word' id='word_1_70' title='bbox 1453 536 1493 577; x_wconf 89' lang='lat' dir='ltr'><strong>in</strong></span> <span class='ocrx_word' id='word_1_71' title='bbox 1525 548 1574 577; x_wconf 89' lang='lat' dir='ltr'><strong>eo</strong></span> <span class='ocrx_word' id='word_1_72' title='bbox 1605 548 1642 578; x_wconf 92' lang='lat' dir='ltr'><strong>o.</strong></span> <span class='ocrx_word' id='word_1_73' title='bbox 1674 549 1725 578; x_wconf 89' lang='lat' dir='ltr'><strong>m.</strong></span> 
     </span>
     <span class='ocr_line' id='line_1_7' title="bbox 128 595 1135 651; baseline -0.002 -14"><span class='ocrx_word' id='word_1_74' title='bbox 128 609 162 638; x_wconf 85' lang='lat' dir='ltr'><strong>e.</strong></span> <span class='ocrx_word' id='word_1_75' title='bbox 195 609 234 651; x_wconf 89' lang='lat' dir='ltr'><strong>p.</strong></span> <span class='ocrx_word' id='word_1_76' title='bbox 266 595 293 637; x_wconf 87' lang='lat' dir='ltr'><strong>f.</strong></span> <span class='ocrx_word' id='word_1_77' title='bbox 326 610 362 637; x_wconf 92' lang='lat' dir='ltr'><strong>v.</strong></span> <span class='ocrx_word' id='word_1_78' title='bbox 396 609 429 637; x_wconf 88' lang='lat' dir='ltr'><strong>c.</strong></span> <span class='ocrx_word' id='word_1_79' title='bbox 463 608 496 636; x_wconf 90' lang='lat' dir='ltr'><strong>c.</strong></span> <span class='ocrx_word' id='word_1_80' title='bbox 529 601 556 636; x_wconf 91' lang='lat' dir='ltr'><strong>t.</strong></span> <span class='ocrx_word' id='word_1_81' title='bbox 574 607 623 636; x_wconf 91' lang='lat' dir='ltr'><strong>ve</strong></span> <span class='ocrx_word' id='word_1_82' title='bbox 652 596 691 636; x_wconf 90' lang='lat' dir='ltr'><strong>in</strong></span> <span class='ocrx_word' id='word_1_83' title='bbox 723 607 803 647; x_wconf 91' lang='lat' dir='ltr'><strong>quo</strong></span> <span class='ocrx_word' id='word_1_84' title='bbox 834 595 867 636; x_wconf 91' lang='lat' dir='ltr'><strong>is</strong></span> <span class='ocrx_word' id='word_1_85' title='bbox 899 595 1135 649; x_wconf 88' lang='lat' dir='ltr'><strong>quoius....</strong></span> 
     </span>
    </p>
   </div>
   <div class='ocr_carea' id='block_1_3' title="bbox 862 735 987 772">
    <p class='ocr_par' dir='ltr' id='par_1_3' title="bbox 862 735 987 772">
     <span class='ocr_line' id='line_1_8' title="bbox 862 735 987 772; baseline 0 -1"><span class='ocrx_word' id='word_1_86' title='bbox 862 735 987 772; x_wconf 87' lang='lat' dir='ltr'>XXIII.</span> 
     </span>
    </p>
   </div>
   <div class='ocr_carea' id='block_1_4' title="bbox 121 793 1728 1254">
    <p class='ocr_par' dir='ltr' id='par_1_4' title="bbox 121 793 1728 1254">
     <span class='ocr_line' id='line_1_9' title="bbox 267 793 1726 844; baseline -0.001 -13"><span class='ocrx_word' id='word_1_87' title='bbox 267 795 473 843; x_wconf 87' lang='lat' dir='ltr'><strong>Quicunque</strong></span> <span class='ocrx_word' id='word_1_88' title='bbox 504 795 538 831; x_wconf 90' lang='lat' dir='ltr'><strong>in</strong></span> <span class='ocrx_word' id='word_1_89' title='bbox 570 805 693 832; x_wconf 89' lang='lat' dir='ltr'><strong>eorum</strong></span> <span class='ocrx_word' id='word_1_90' title='bbox 726 805 796 842; x_wconf 91' lang='lat' dir='ltr'><strong>quo</strong></span> <span class='ocrx_word' id='word_1_91' title='bbox 829 795 986 843; x_wconf 84' lang='lat' dir='ltr'><strong>oppido,</strong></span> <span class='ocrx_word' id='word_1_92' title='bbox 1028 794 1240 842; x_wconf 88' lang='lat' dir='ltr'><strong>municipio,</strong></span> <span class='ocrx_word' id='word_1_93' title='bbox 1281 793 1446 840; x_wconf 81' lang='lat' dir='ltr'><strong>colonia,</strong></span> <span class='ocrx_word' id='word_1_94' title='bbox 1487 794 1726 844; x_wconf 71' lang='lat' dir='ltr'><strong>praefectura,</strong></span> 
     </span>
     <span class='ocr_line' id='line_1_10' title="bbox 124 852 1727 901; baseline -0.001 -10"><span class='ocrx_word' id='word_1_95' title='bbox 124 854 230 900; x_wconf 80' lang='lat' dir='ltr'><strong>foro,</strong></span> <span class='ocrx_word' id='word_1_96' title='bbox 261 855 365 900; x_wconf 90' lang='lat' dir='ltr'><strong>vico,</strong></span> <span class='ocrx_word' id='word_1_97' title='bbox 397 854 654 900; x_wconf 80' lang='lat' dir='ltr'><strong>conciliabulo,</strong></span> <span class='ocrx_word' id='word_1_98' title='bbox 686 854 902 899; x_wconf 79' lang='lat' dir='ltr'><strong>castellone,</strong></span> <span class='ocrx_word' id='word_1_99' title='bbox 942 865 1032 900; x_wconf 86' lang='lat' dir='ltr'><strong>quae</strong></span> <span class='ocrx_word' id='word_1_100' title='bbox 1063 854 1096 889; x_wconf 89' lang='lat' dir='ltr'><strong>in</strong></span> <span class='ocrx_word' id='word_1_101' title='bbox 1129 852 1238 889; x_wconf 87' lang='lat' dir='ltr'><strong>Gallia</strong></span> <span class='ocrx_word' id='word_1_102' title='bbox 1271 852 1447 901; x_wconf 81' lang='lat' dir='ltr'>Cisalpina</span> <span class='ocrx_word' id='word_1_103' title='bbox 1478 857 1580 899; x_wconf 86' lang='lat' dir='ltr'><strong>sunt,</strong></span> <span class='ocrx_word' id='word_1_104' title='bbox 1611 856 1727 899; x_wconf 87' lang='lat' dir='ltr'><strong>erunt,</strong></span> 
     </span>
     <span class='ocr_line' id='line_1_11' title="bbox 121 911 1726 961; baseline -0.001 -12"><span class='ocrx_word' id='word_1_105' title='bbox 121 913 188 950; x_wconf 87' lang='lat' dir='ltr'><strong>iuri</strong></span> <span class='ocrx_word' id='word_1_106' title='bbox 221 912 375 949; x_wconf 89' lang='lat' dir='ltr'><strong>dicundo</strong></span> <span class='ocrx_word' id='word_1_107' title='bbox 407 912 578 961; x_wconf 82' lang='lat' dir='ltr'><strong>praeerit,</strong></span> <span class='ocrx_word' id='word_1_108' title='bbox 608 912 636 949; x_wconf 91' lang='lat' dir='ltr'><strong>is</strong></span> <span class='ocrx_word' id='word_1_109' title='bbox 668 912 759 948; x_wconf 90' lang='lat' dir='ltr'><strong>inter</strong></span> <span class='ocrx_word' id='word_1_110' title='bbox 791 924 873 957; x_wconf 72' lang='grc' dir='ltr'><strong>θος,</strong></span> <span class='ocrx_word' id='word_1_111' title='bbox 905 912 963 959; x_wconf 82' lang='lat' dir='ltr'><strong>qui</strong></span> <span class='ocrx_word' id='word_1_112' title='bbox 996 912 1041 948; x_wconf 90' lang='lat' dir='ltr'><strong>de</strong></span> <span class='ocrx_word' id='word_1_113' title='bbox 1073 911 1203 948; x_wconf 89' lang='lat' dir='ltr'><strong>familia</strong></span> <span class='ocrx_word' id='word_1_114' title='bbox 1234 911 1488 957; x_wconf 86' lang='lat' dir='ltr'><strong>herciscunda,</strong></span> <span class='ocrx_word' id='word_1_115' title='bbox 1521 911 1726 958; x_wconf 81' lang='lat' dir='ltr'><strong>diuidunda,</strong></span> 
     </span>
     <span class='ocr_line' id='line_1_12' title="bbox 123 969 1726 1018; baseline -0.001 -11"><span class='ocrx_word' id='word_1_116' title='bbox 123 970 289 1008; x_wconf 89' lang='lat' dir='ltr'><strong>iudicium</strong></span> <span class='ocrx_word' id='word_1_117' title='bbox 328 971 393 1008; x_wconf 84' lang='lat' dir='ltr'>sibi</span> <span class='ocrx_word' id='word_1_118' title='bbox 425 971 522 1017; x_wconf 84' lang='lat' dir='ltr'><strong>dari,</strong></span> <span class='ocrx_word' id='word_1_119' title='bbox 562 971 736 1017; x_wconf 81' lang='lat' dir='ltr'><strong>reddiue,</strong></span> <span class='ocrx_word' id='word_1_120' title='bbox 774 971 808 1006; x_wconf 91' lang='lat' dir='ltr'><strong>in</strong></span> <span class='ocrx_word' id='word_1_121' title='bbox 840 981 962 1006; x_wconf 90' lang='lat' dir='ltr'><strong>eorum</strong></span> <span class='ocrx_word' id='word_1_122' title='bbox 1006 981 1077 1017; x_wconf 90' lang='lat' dir='ltr'><strong>quo</strong></span> <span class='ocrx_word' id='word_1_123' title='bbox 1118 970 1275 1018; x_wconf 85' lang='lat' dir='ltr'><strong>oppido,</strong></span> <span class='ocrx_word' id='word_1_124' title='bbox 1318 969 1530 1018; x_wconf 86' lang='lat' dir='ltr'><strong>municipio,</strong></span> <span class='ocrx_word' id='word_1_125' title='bbox 1571 970 1726 1017; x_wconf 89' lang='lat' dir='ltr'><strong>colonia,</strong></span> 
     </span>
     <span class='ocr_line' id='line_1_13' title="bbox 123 1029 1728 1079; baseline -0.001 -14"><span class='ocrx_word' id='word_1_126' title='bbox 123 1030 374 1079; x_wconf 76' lang='lat' dir='ltr'><strong>praefectura,</strong></span> <span class='ocrx_word' id='word_1_127' title='bbox 408 1030 500 1074; x_wconf 84' lang='lat' dir='ltr'><strong>foro,</strong></span> <span class='ocrx_word' id='word_1_128' title='bbox 532 1029 635 1075; x_wconf 70' lang='lat' dir='ltr'><strong>vico,</strong></span> <span class='ocrx_word' id='word_1_129' title='bbox 667 1029 925 1071; x_wconf 73' lang='lat' dir='ltr'><strong>conciliabulo,</strong></span> <span class='ocrx_word' id='word_1_130' title='bbox 959 1029 1179 1073; x_wconf 83' lang='lat' dir='ltr'><strong>castellone,</strong></span> <span class='ocrx_word' id='word_1_131' title='bbox 1210 1039 1299 1075; x_wconf 89' lang='lat' dir='ltr'><strong>quae</strong></span> <span class='ocrx_word' id='word_1_132' title='bbox 1331 1040 1437 1076; x_wconf 85' lang='lat' dir='ltr'><strong>supra</strong></span> <span class='ocrx_word' id='word_1_133' title='bbox 1470 1029 1602 1077; x_wconf 90' lang='lat' dir='ltr'><strong>scripta</strong></span> <span class='ocrx_word' id='word_1_134' title='bbox 1634 1033 1728 1075; x_wconf 87' lang='lat' dir='ltr'><strong>sunt,</strong></span> 
     </span>
     <span class='ocr_line' id='line_1_14' title="bbox 122 1086 1726 1137; baseline 0 -13"><span class='ocrx_word' id='word_1_135' title='bbox 122 1088 406 1137; x_wconf 84' lang='lat' dir='ltr'><strong>postulauerint‚</strong></span> <span class='ocrx_word' id='word_1_136' title='bbox 436 1089 485 1125; x_wconf 89' lang='lat' dir='ltr'><strong>ita</strong></span> <span class='ocrx_word' id='word_1_137' title='bbox 517 1088 568 1125; x_wconf 91' lang='lat' dir='ltr'><strong>ius</strong></span> <span class='ocrx_word' id='word_1_138' title='bbox 602 1088 732 1134; x_wconf 78' lang='lat' dir='ltr'>dicito,</span> <span class='ocrx_word' id='word_1_139' title='bbox 767 1088 976 1133; x_wconf 77' lang='lat' dir='ltr'><strong>decernim,</strong></span> <span class='ocrx_word' id='word_1_140' title='bbox 1008 1087 1133 1123; x_wconf 88' lang='lat' dir='ltr'><strong>iudicia</strong></span> <span class='ocrx_word' id='word_1_141' title='bbox 1168 1087 1277 1133; x_wconf 79' lang='lat' dir='ltr'><strong>dato,</strong></span> <span class='ocrx_word' id='word_1_142' title='bbox 1309 1086 1466 1124; x_wconf 89' lang='lat' dir='ltr'><strong>iudicare</strong></span> <span class='ocrx_word' id='word_1_143' title='bbox 1496 1087 1639 1133; x_wconf 78' lang='lat' dir='ltr'><strong>iubeto,</strong></span> <span class='ocrx_word' id='word_1_144' title='bbox 1676 1088 1726 1125; x_wconf 90' lang='lat' dir='ltr'><strong>uti</strong></span> 
     </span>
     <span class='ocr_line' id='line_1_15' title="bbox 123 1146 1728 1196; baseline 0 -13"><span class='ocrx_word' id='word_1_145' title='bbox 123 1148 158 1183; x_wconf 87' lang='lat' dir='ltr'><strong>in</strong></span> <span class='ocrx_word' id='word_1_146' title='bbox 192 1158 236 1183; x_wconf 93' lang='lat' dir='ltr'><strong>eo</strong></span> <span class='ocrx_word' id='word_1_147' title='bbox 269 1147 426 1196; x_wconf 82' lang='lat' dir='ltr'><strong>oppido,</strong></span> <span class='ocrx_word' id='word_1_148' title='bbox 458 1147 670 1195; x_wconf 85' lang='lat' dir='ltr'><strong>municipio,</strong></span> <span class='ocrx_word' id='word_1_149' title='bbox 701 1147 865 1193; x_wconf 81' lang='lat' dir='ltr'><strong>colonia,</strong></span> <span class='ocrx_word' id='word_1_150' title='bbox 896 1146 1143 1195; x_wconf 72' lang='lat' dir='ltr'><strong>praefectura,</strong></span> <span class='ocrx_word' id='word_1_151' title='bbox 1186 1146 1290 1193; x_wconf 80' lang='lat' dir='ltr'><strong>soro,</strong></span> <span class='ocrx_word' id='word_1_152' title='bbox 1332 1146 1437 1193; x_wconf 76' lang='lat' dir='ltr'><strong>vico,</strong></span> <span class='ocrx_word' id='word_1_153' title='bbox 1479 1146 1728 1194; x_wconf 84' lang='lat' dir='ltr'><strong>conciliabulo,</strong></span> 
     </span>
     <span class='ocr_line' id='line_1_16' title="bbox 122 1205 786 1254; baseline -0.002 -12"><span class='ocrx_word' id='word_1_154' title='bbox 122 1206 342 1253; x_wconf 82' lang='lat' dir='ltr'><strong>castellove,</strong></span> <span class='ocrx_word' id='word_1_155' title='bbox 374 1206 408 1243; x_wconf 89' lang='lat' dir='ltr'><strong>in</strong></span> <span class='ocrx_word' id='word_1_156' title='bbox 441 1217 511 1254; x_wconf 90' lang='lat' dir='ltr'><strong>quo</strong></span> <span class='ocrx_word' id='word_1_157' title='bbox 544 1206 595 1251; x_wconf 79' lang='lat' dir='ltr'><strong>is,</strong></span> <span class='ocrx_word' id='word_1_158' title='bbox 626 1205 786 1242; x_wconf 83' lang='lat' dir='ltr'><strong>cuius...</strong></span> 
     </span>
    </p>
   </div>
   <div class='ocr_carea' id='block_1_5' title="bbox 728 1320 1119 1354">
    <p class='ocr_par' dir='ltr' id='par_1_5' title="bbox 728 1320 1119 1354">
     <span class='ocr_line' id='line_1_17' title="bbox 728 1320 1119 1354; baseline -0.003 0"><span class='ocrx_word' id='word_1_159' title='bbox 728 1320 890 1354; x_wconf 79' lang='lat' dir='ltr'><strong>&#39;rabula</strong></span> <span class='ocrx_word' id='word_1_160' title='bbox 919 1320 1119 1354; x_wconf 78' lang='lat' dir='ltr'><strong>Bautiua.</strong></span> 
     </span>
    </p>
   </div>
   <div class='ocr_carea' id='block_1_6' title="bbox 123 1417 1728 2760">
    <p class='ocr_par' dir='ltr' id='par_1_6' title="bbox 123 1417 1728 2760">
     <span class='ocr_line' id='line_1_18' title="bbox 266 1417 1726 1469; baseline -0.001 -13"><span class='ocrx_word' id='word_1_161' title='bbox 266 1419 387 1456; x_wconf 73' lang='lat'><strong>1684.</strong></span> <span class='ocrx_word' id='word_1_162' title='bbox 429 1420 467 1457; x_wconf 88' lang='lat' dir='ltr'><strong>In</strong></span> <span class='ocrx_word' id='word_1_163' title='bbox 484 1424 586 1469; x_wconf 85' lang='lat' dir='ltr'><strong>parte</strong></span> <span class='ocrx_word' id='word_1_164' title='bbox 605 1430 729 1456; x_wconf 85' lang='lat' dir='ltr'><strong>aversa</strong></span> <span class='ocrx_word' id='word_1_165' title='bbox 747 1419 889 1455; x_wconf 85' lang='lat' dir='ltr'><strong>tabulae</strong></span> <span class='ocrx_word' id='word_1_166' title='bbox 907 1430 1039 1455; x_wconf 81' lang='lat' dir='ltr'><strong>aeneae</strong></span> <span class='ocrx_word' id='word_1_167' title='bbox 1057 1429 1171 1467; x_wconf 85' lang='lat' dir='ltr'><strong>prope</strong></span> <span class='ocrx_word' id='word_1_168' title='bbox 1190 1417 1363 1455; x_wconf 83' lang='lat' dir='ltr'><strong>Lucaniae</strong></span> <span class='ocrx_word' id='word_1_169' title='bbox 1381 1417 1560 1455; x_wconf 87' lang='lat' dir='ltr'><strong>civitatem</strong></span> <span class='ocrx_word' id='word_1_170' title='bbox 1580 1417 1634 1454; x_wconf 92' lang='lat' dir='ltr'><strong>cui</strong></span> <span class='ocrx_word' id='word_1_171' title='bbox 1654 1428 1726 1455; x_wconf 94' lang='lat' dir='ltr'><strong>no-</strong></span> 
     </span>
     <span class='ocr_line' id='line_1_19' title="bbox 125 1477 1726 1526; baseline -0.001 -11"><span class='ocrx_word' id='word_1_172' title='bbox 125 1489 204 1515; x_wconf 87' lang='lat' dir='ltr'><strong>men</strong></span> <span class='ocrx_word' id='word_1_173' title='bbox 221 1483 274 1515; x_wconf 82' lang='lat' dir='ltr'><strong>est</strong></span> <span class='ocrx_word' id='word_1_174' title='bbox 297 1478 439 1526; x_wconf 90' lang='lat' dir='ltr'><strong>Oppido</strong></span> <span class='ocrx_word' id='word_1_175' title='bbox 463 1478 679 1515; x_wconf 76' lang='lat' dir='ltr'><strong>anno1793</strong></span> <span class='ocrx_word' id='word_1_176' title='bbox 706 1482 886 1526; x_wconf 74' lang='lat' dir='ltr'><strong>repertae,</strong></span> <span class='ocrx_word' id='word_1_177' title='bbox 909 1478 1006 1514; x_wconf 88' lang='lat' dir='ltr'><strong>cuius</strong></span> <span class='ocrx_word' id='word_1_178' title='bbox 1025 1478 1174 1514; x_wconf 82' lang='lat' dir='ltr'><strong>adversa</strong></span> <span class='ocrx_word' id='word_1_179' title='bbox 1193 1490 1274 1526; x_wconf 90' lang='lat' dir='ltr'><strong>pars</strong></span> <span class='ocrx_word' id='word_1_180' title='bbox 1293 1478 1476 1514; x_wconf 88' lang='lat' dir='ltr'><strong>decretum</strong></span> <span class='ocrx_word' id='word_1_181' title='bbox 1500 1477 1726 1514; x_wconf 85' lang='lat' dir='ltr'><strong>Bantinorum</strong></span> 
     </span>
     <span class='ocr_line' id='line_1_20' title="bbox 126 1535 1726 1586; baseline -0.001 -12"><span class='ocrx_word' id='word_1_182' title='bbox 126 1537 204 1575; x_wconf 85' lang='lat' dir='ltr'><strong>sive</strong></span> <span class='ocrx_word' id='word_1_183' title='bbox 235 1537 380 1574; x_wconf 85' lang='lat' dir='ltr'><strong>Bautiae</strong></span> <span class='ocrx_word' id='word_1_184' title='bbox 413 1537 544 1586; x_wconf 90' lang='lat' dir='ltr'><strong>Oppidi</strong></span> <span class='ocrx_word' id='word_1_185' title='bbox 576 1549 661 1574; x_wconf 89' lang='lat' dir='ltr'><strong>osca</strong></span> <span class='ocrx_word' id='word_1_186' title='bbox 695 1537 816 1584; x_wconf 86' lang='lat' dir='ltr'><strong>lingua</strong></span> <span class='ocrx_word' id='word_1_187' title='bbox 849 1538 1016 1585; x_wconf 88' lang='lat' dir='ltr'><strong>scriptum</strong></span> <span class='ocrx_word' id='word_1_188' title='bbox 1048 1537 1228 1582; x_wconf 63' lang='lat' dir='ltr'><strong>continet.</strong></span> <span class='ocrx_word' id='word_1_189' title='bbox 1271 1537 1364 1582; x_wconf 85' lang='lat' dir='ltr'><strong>legis</strong></span> <span class='ocrx_word' id='word_1_190' title='bbox 1407 1547 1575 1573; x_wconf 87' lang='lat' dir='ltr'><strong>romanae</strong></span> <span class='ocrx_word' id='word_1_191' title='bbox 1618 1535 1726 1582; x_wconf 77' lang='lat' dir='ltr'><strong>frag-</strong></span> 
     </span>
     <span class='ocr_line' id='line_1_21' title="bbox 123 1596 1726 1644; baseline -0.001 -12"><span class='ocrx_word' id='word_1_192' title='bbox 123 1600 278 1633; x_wconf 78' lang='lat' dir='ltr'><strong>mentum</strong></span> <span class='ocrx_word' id='word_1_193' title='bbox 320 1596 529 1644; x_wconf 88' lang='lat' dir='ltr'><strong>insculptum</strong></span> <span class='ocrx_word' id='word_1_194' title='bbox 571 1596 711 1642; x_wconf 86' lang='lat' dir='ltr'><strong>legitur.</strong></span> <span class='ocrx_word' id='word_1_195' title='bbox 760 1596 1022 1641; x_wconf 84' lang='lat' dir='ltr'><strong>Argumentum</strong></span> <span class='ocrx_word' id='word_1_196' title='bbox 1064 1596 1154 1642; x_wconf 87' lang='lat' dir='ltr'><strong>legis</strong></span> <span class='ocrx_word' id='word_1_197' title='bbox 1198 1600 1233 1632; x_wconf 89' lang='lat' dir='ltr'><strong>et</strong></span> <span class='ocrx_word' id='word_1_198' title='bbox 1273 1607 1402 1632; x_wconf 87' lang='lat' dir='ltr'><strong>nomen</strong></span> <span class='ocrx_word' id='word_1_199' title='bbox 1444 1596 1616 1632; x_wconf 89' lang='lat' dir='ltr'><strong>incertum</strong></span> <span class='ocrx_word' id='word_1_200' title='bbox 1657 1598 1726 1641; x_wconf 81' lang='lat' dir='ltr'><strong>est,</strong></span> 
     </span>
     <span class='ocr_line' id='line_1_22' title="bbox 123 1653 1726 1703; baseline 0 -12"><span class='ocrx_word' id='word_1_201' title='bbox 123 1655 253 1703; x_wconf 90' lang='lat' dir='ltr'><strong>quippe</strong></span> <span class='ocrx_word' id='word_1_202' title='bbox 286 1655 381 1691; x_wconf 92' lang='lat' dir='ltr'><strong>cuius</strong></span> <span class='ocrx_word' id='word_1_203' title='bbox 414 1655 497 1691; x_wconf 89' lang='lat' dir='ltr'><strong>nihil</strong></span> <span class='ocrx_word' id='word_1_204' title='bbox 527 1659 673 1702; x_wconf 87' lang='lat' dir='ltr'><strong>praeter</strong></span> <span class='ocrx_word' id='word_1_205' title='bbox 703 1653 921 1691; x_wconf 84' lang='lat' dir='ltr'><strong>sanctionem</strong></span> <span class='ocrx_word' id='word_1_206' title='bbox 953 1655 985 1691; x_wconf 93' lang='lat' dir='ltr'><strong>in</strong></span> <span class='ocrx_word' id='word_1_207' title='bbox 1018 1654 1108 1701; x_wconf 84' lang='lat' dir='ltr'><strong>legis</strong></span> <span class='ocrx_word' id='word_1_208' title='bbox 1141 1655 1295 1691; x_wconf 80' lang='lat' dir='ltr'><strong>clausula</strong></span> <span class='ocrx_word' id='word_1_209' title='bbox 1319 1654 1473 1691; x_wconf 85' lang='lat' dir='ltr'><strong>additam</strong></span> <span class='ocrx_word' id='word_1_210' title='bbox 1495 1653 1726 1701; x_wconf 85' lang='lat' dir='ltr'><strong>relinquatur.</strong></span> 
     </span>
     <span class='ocr_line' id='line_1_23' title="bbox 123 1712 1726 1761; baseline -0.001 -11"><span class='ocrx_word' id='word_1_211' title='bbox 123 1713 288 1750; x_wconf 82' lang='lat' dir='ltr'><strong>Klenzius</strong></span> <span class='ocrx_word' id='word_1_212' title='bbox 321 1713 410 1760; x_wconf 83' lang='lat' dir='ltr'><strong>legis</strong></span> <span class='ocrx_word' id='word_1_213' title='bbox 443 1714 579 1750; x_wconf 83' lang='lat' dir='ltr'><strong>Aciliae</strong></span> <span class='ocrx_word' id='word_1_214' title='bbox 612 1714 656 1750; x_wconf 92' lang='lat' dir='ltr'><strong>de</strong></span> <span class='ocrx_word' id='word_1_215' title='bbox 687 1713 893 1761; x_wconf 87' lang='lat' dir='ltr'><strong>repetundis</strong></span> <span class='ocrx_word' id='word_1_216' title='bbox 936 1714 1171 1759; x_wconf 81' lang='lat' dir='ltr'><strong>fragmentum</strong></span> <span class='ocrx_word' id='word_1_217' title='bbox 1209 1725 1288 1750; x_wconf 89' lang='lat' dir='ltr'><strong>esse</strong></span> <span class='ocrx_word' id='word_1_218' title='bbox 1329 1718 1475 1758; x_wconf 81' lang='lat' dir='ltr'><strong>censet3</strong></span> <span class='ocrx_word' id='word_1_219' title='bbox 1526 1712 1726 1749; x_wconf 83' lang='lat' dir='ltr'><strong>Huschkius</strong></span> 
     </span>
     <span class='ocr_line' id='line_1_24' title="bbox 124 1767 1725 1824; baseline -0.001 -16"><span class='ocrx_word' id='word_1_220' title='bbox 124 1767 348 1824; x_wconf 78' lang='lat' dir='ltr'><strong>(Schneider</strong></span> <span class='ocrx_word' id='word_1_221' title='bbox 371 1772 456 1808; x_wconf 82' lang='lat' dir='ltr'><strong>Krit.</strong></span> <span class='ocrx_word' id='word_1_222' title='bbox 477 1772 702 1809; x_wconf 70' lang='lat' dir='ltr'><strong>Jahn-bucher</strong></span> <span class='ocrx_word' id='word_1_223' title='bbox 728 1771 848 1808; x_wconf 73' lang='lat'><strong>1842.</strong></span> <span class='ocrx_word' id='word_1_224' title='bbox 871 1784 904 1820; x_wconf 89' lang='lat' dir='ltr'><strong>p.</strong></span> <span class='ocrx_word' id='word_1_225' title='bbox 928 1767 1037 1822; x_wconf 17' lang='lat'>2917)</span> <span class='ocrx_word' id='word_1_226' title='bbox 1072 1772 1162 1819; x_wconf 87' lang='lat' dir='ltr'><strong>legis</strong></span> <span class='ocrx_word' id='word_1_227' title='bbox 1196 1773 1314 1809; x_wconf 80' lang='lat' dir='ltr'><strong>Liviae</strong></span> <span class='ocrx_word' id='word_1_228' title='bbox 1339 1772 1383 1808; x_wconf 92' lang='lat' dir='ltr'><strong>de</strong></span> <span class='ocrx_word' id='word_1_229' title='bbox 1407 1771 1560 1817; x_wconf 79' lang='lat' dir='ltr'><strong>ambitu3</strong></span> <span class='ocrx_word' id='word_1_230' title='bbox 1590 1771 1725 1819; x_wconf 90' lang='lat' dir='ltr'><strong>Zump-</strong></span> 
     </span>
     <span class='ocr_line' id='line_1_25' title="bbox 124 1825 1726 1882; baseline -0.002 -12"><span class='ocrx_word' id='word_1_231' title='bbox 124 1832 190 1870; x_wconf 88' lang='lat' dir='ltr'><strong>tius</strong></span> <span class='ocrx_word' id='word_1_232' title='bbox 223 1825 301 1881; x_wconf 82' lang='lat' dir='ltr'><strong>(De</strong></span> <span class='ocrx_word' id='word_1_233' title='bbox 333 1831 471 1877; x_wconf 83' lang='lat' dir='ltr'><strong>legibus</strong></span> <span class='ocrx_word' id='word_1_234' title='bbox 503 1831 710 1878; x_wconf 80' lang='lat' dir='ltr'><strong>iudiciisque</strong></span> <span class='ocrx_word' id='word_1_235' title='bbox 742 1831 927 1878; x_wconf 87' lang='lat' dir='ltr'><strong>repeluud.</strong></span> <span class='ocrx_word' id='word_1_236' title='bbox 969 1831 1084 1866; x_wconf 83' lang='lat' dir='ltr'><strong>Berol.</strong></span> <span class='ocrx_word' id='word_1_237' title='bbox 1120 1831 1241 1867; x_wconf 69' lang='lat'><strong>1845.</strong></span> <span class='ocrx_word' id='word_1_238' title='bbox 1273 1843 1306 1879; x_wconf 86' lang='lat' dir='ltr'><strong>p.</strong></span> <span class='ocrx_word' id='word_1_239' title='bbox 1340 1826 1420 1882; x_wconf 80' lang='lat'><strong>25)</strong></span> <span class='ocrx_word' id='word_1_240' title='bbox 1455 1830 1546 1877; x_wconf 87' lang='lat' dir='ltr'><strong>legis</strong></span> <span class='ocrx_word' id='word_1_241' title='bbox 1579 1830 1726 1867; x_wconf 81' lang='lat' dir='ltr'><strong>alicuius</strong></span> 
     </span>
     <span class='ocr_line' id='line_1_26' title="bbox 123 1888 1727 1937; baseline -0.001 -10"><span class='ocrx_word' id='word_1_242' title='bbox 123 1890 308 1937; x_wconf 55' lang='lat' dir='ltr'><strong>agrariam</strong></span> <span class='ocrx_word' id='word_1_243' title='bbox 340 1889 555 1936; x_wconf 76' lang='lat' dir='ltr'><strong>Gotuingins</strong></span> <span class='ocrx_word' id='word_1_244' title='bbox 588 1890 677 1936; x_wconf 82' lang='lat' dir='ltr'><strong>legis</strong></span> <span class='ocrx_word' id='word_1_245' title='bbox 709 1889 854 1925; x_wconf 86' lang='lat' dir='ltr'><strong>alicuius</strong></span> <span class='ocrx_word' id='word_1_246' title='bbox 886 1889 1103 1935; x_wconf 86' lang='lat' dir='ltr'><strong>iudiciariae,</strong></span> <span class='ocrx_word' id='word_1_247' title='bbox 1138 1890 1293 1926; x_wconf 84' lang='lat' dir='ltr'><strong>sortasse</strong></span> <span class='ocrx_word' id='word_1_248' title='bbox 1325 1889 1493 1927; x_wconf 89' lang='lat' dir='ltr'><strong>Plautiae.</strong></span> <span class='ocrx_word' id='word_1_249' title='bbox 1525 1888 1727 1926; x_wconf 88' lang='lat' dir='ltr'><strong>Ediderunt</strong></span> 
     </span>
     <span class='ocr_line' id='line_1_27' title="bbox 123 1947 1727 1997; baseline -0.001 -12"><span class='ocrx_word' id='word_1_250' title='bbox 123 1950 213 1986; x_wconf 86' lang='lat' dir='ltr'><strong>hanc</strong></span> <span class='ocrx_word' id='word_1_251' title='bbox 245 1949 386 1985; x_wconf 83' lang='lat' dir='ltr'><strong>tabulae</strong></span> <span class='ocrx_word' id='word_1_252' title='bbox 418 1949 587 1985; x_wconf 84' lang='lat' dir='ltr'><strong>Bantiuae</strong></span> <span class='ocrx_word' id='word_1_253' title='bbox 620 1953 755 1997; x_wconf 86' lang='lat' dir='ltr'><strong>partem</strong></span> <span class='ocrx_word' id='word_1_254' title='bbox 788 1948 951 1984; x_wconf 82' lang='lat' dir='ltr'><strong>latinam:</strong></span> <span class='ocrx_word' id='word_1_255' title='bbox 994 1948 1112 1984; x_wconf 75' lang='lat' dir='ltr'><strong>Marini</strong></span> <span class='ocrx_word' id='word_1_256' title='bbox 1145 1948 1217 1984; x_wconf 82' lang='lat' dir='ltr'><strong>Au.</strong></span> <span class='ocrx_word' id='word_1_257' title='bbox 1250 1949 1357 1985; x_wconf 83' lang='lat' dir='ltr'><strong>arval.</strong></span> <span class='ocrx_word' id='word_1_258' title='bbox 1403 1949 1436 1985; x_wconf 73' lang='lat' dir='ltr'><strong>P.</strong></span> <span class='ocrx_word' id='word_1_259' title='bbox 1469 1948 1509 1984; x_wconf 89' lang='lat' dir='ltr'><strong>Il.</strong></span> <span class='ocrx_word' id='word_1_260' title='bbox 1552 1959 1586 1996; x_wconf 90' lang='lat' dir='ltr'><strong>p.</strong></span> <span class='ocrx_word' id='word_1_261' title='bbox 1620 1947 1727 1994; x_wconf 79' lang='lat'>5693</span> 
     </span>
     <span class='ocr_line' id='line_1_28' title="bbox 123 2006 1726 2055; baseline -0.002 -10"><span class='ocrx_word' id='word_1_262' title='bbox 123 2007 245 2045; x_wconf 91' lang='lat' dir='ltr'><strong>Rosini</strong></span> <span class='ocrx_word' id='word_1_263' title='bbox 277 2008 486 2044; x_wconf 85' lang='lat' dir='ltr'><strong>Dissertatio</strong></span> <span class='ocrx_word' id='word_1_264' title='bbox 511 2008 687 2054; x_wconf 82' lang='lat' dir='ltr'><strong>isagogic.</strong></span> <span class='ocrx_word' id='word_1_265' title='bbox 711 2007 754 2043; x_wconf 88' lang='lat' dir='ltr'><strong>ad</strong></span> <span class='ocrx_word' id='word_1_266' title='bbox 779 2007 1032 2043; x_wconf 78' lang='lat' dir='ltr'><strong>Herculaneus,</strong></span> <span class='ocrx_word' id='word_1_267' title='bbox 1064 2007 1240 2043; x_wconf 86' lang='lat' dir='ltr'><strong>volumina</strong></span> <span class='ocrx_word' id='word_1_268' title='bbox 1273 2021 1306 2055; x_wconf 92' lang='lat' dir='ltr'><strong>p.</strong></span> <span class='ocrx_word' id='word_1_269' title='bbox 1332 2007 1410 2054; x_wconf 76' lang='lat'><strong>383</strong></span> <span class='ocrx_word' id='word_1_270' title='bbox 1441 2006 1582 2044; x_wconf 89' lang='lat' dir='ltr'><strong>Guarini</strong></span> <span class='ocrx_word' id='word_1_271' title='bbox 1614 2006 1726 2042; x_wconf 90' lang='lat' dir='ltr'><strong>Com-</strong></span> 
     </span>
     <span class='ocr_line' id='line_1_29' title="bbox 123 2065 1726 2113; baseline -0.002 -9"><span class='ocrx_word' id='word_1_272' title='bbox 123 2070 273 2104; x_wconf 85' lang='lat' dir='ltr'><strong>mentar.</strong></span> <span class='ocrx_word' id='word_1_273' title='bbox 305 2067 337 2102; x_wconf 93' lang='lat' dir='ltr'><strong>in</strong></span> <span class='ocrx_word' id='word_1_274' title='bbox 371 2071 531 2103; x_wconf 82' lang='lat' dir='ltr'><strong>veterum</strong></span> <span class='ocrx_word' id='word_1_275' title='bbox 564 2070 790 2108; x_wconf 79' lang='lat' dir='ltr'><strong>monumenta</strong></span> <span class='ocrx_word' id='word_1_276' title='bbox 822 2067 1000 2102; x_wconf 88' lang='lat' dir='ltr'><strong>nonnulla.</strong></span> <span class='ocrx_word' id='word_1_277' title='bbox 1033 2066 1179 2113; x_wconf 74' lang='lat' dir='ltr'><strong>Neapol.</strong></span> <span class='ocrx_word' id='word_1_278' title='bbox 1217 2066 1337 2103; x_wconf 47' lang='lat'><strong>1820.</strong></span> <span class='ocrx_word' id='word_1_279' title='bbox 1369 2078 1400 2103; x_wconf 93' lang='lat' dir='ltr'><strong>n.</strong></span> <span class='ocrx_word' id='word_1_280' title='bbox 1426 2067 1451 2102; x_wconf 90' lang='grc'>4</span> <span class='ocrx_word' id='word_1_281' title='bbox 1475 2070 1511 2102; x_wconf 86' lang='lat' dir='ltr'><strong>et</strong></span> <span class='ocrx_word' id='word_1_282' title='bbox 1535 2066 1583 2111; x_wconf 78' lang='lat'><strong>53</strong></span> <span class='ocrx_word' id='word_1_283' title='bbox 1615 2065 1726 2101; x_wconf 87' lang='lat' dir='ltr'><strong>Dirk-</strong></span> 
     </span>
     <span class='ocr_line' id='line_1_30' title="bbox 124 2118 1725 2175; baseline -0.001 -13"><span class='ocrx_word' id='word_1_284' title='bbox 124 2138 186 2162; x_wconf 86' lang='lat' dir='ltr'><strong>seu</strong></span> <span class='ocrx_word' id='word_1_285' title='bbox 218 2125 387 2172; x_wconf 73' lang='lat' dir='ltr'><strong>Beitrage</strong></span> <span class='ocrx_word' id='word_1_286' title='bbox 420 2137 482 2161; x_wconf 84' lang='lat' dir='ltr'><strong>zur</strong></span> <span class='ocrx_word' id='word_1_287' title='bbox 513 2126 639 2161; x_wconf 74' lang='lat' dir='ltr'><strong>Kuncle</strong></span> <span class='ocrx_word' id='word_1_288' title='bbox 672 2126 736 2161; x_wconf 89' lang='lat' dir='ltr'><strong>des</strong></span> <span class='ocrx_word' id='word_1_289' title='bbox 763 2128 851 2161; x_wconf 70' lang='lat' dir='ltr'><strong>rom.</strong></span> <span class='ocrx_word' id='word_1_290' title='bbox 874 2125 1036 2161; x_wconf 86' lang='lat' dir='ltr'><strong>Rechtes.</strong></span> <span class='ocrx_word' id='word_1_291' title='bbox 1060 2137 1092 2172; x_wconf 89' lang='lat' dir='ltr'><strong>p.</strong></span> <span class='ocrx_word' id='word_1_292' title='bbox 1120 2124 1221 2169; x_wconf 67' lang='lat'><strong>1183</strong></span> <span class='ocrx_word' id='word_1_293' title='bbox 1253 2125 1407 2173; x_wconf 84' lang='lat' dir='ltr'><strong>inprimis</strong></span> <span class='ocrx_word' id='word_1_294' title='bbox 1429 2125 1563 2161; x_wconf 84' lang='lat' dir='ltr'><strong>Klenze</strong></span> <span class='ocrx_word' id='word_1_295' title='bbox 1586 2118 1725 2175; x_wconf 81' lang='lat' dir='ltr'><strong>(Rhei-</strong></span> 
     </span>
     <span class='ocr_line' id='line_1_31' title="bbox 124 2182 1728 2231; baseline -0.001 -11"><span class='ocrx_word' id='word_1_296' title='bbox 124 2184 234 2221; x_wconf 89' lang='lat' dir='ltr'><strong>nisch.</strong></span> <span class='ocrx_word' id='word_1_297' title='bbox 266 2185 420 2220; x_wconf 82' lang='lat' dir='ltr'><strong>Museum</strong></span> <span class='ocrx_word' id='word_1_298' title='bbox 454 2185 508 2220; x_wconf 72' lang='lat' dir='ltr'><strong>ssu·</strong></span> <span class='ocrx_word' id='word_1_299' title='bbox 542 2184 748 2230; x_wconf 81' lang='lat' dir='ltr'><strong>Philologie.</strong></span> <span class='ocrx_word' id='word_1_300' title='bbox 786 2182 905 2219; x_wconf 67' lang='lat'><strong>1828.</strong></span> <span class='ocrx_word' id='word_1_301' title='bbox 944 2184 969 2219; x_wconf 94' lang='grc' dir='ltr'><strong>Ι.</strong></span> <span class='ocrx_word' id='word_1_302' title='bbox 1003 2183 1083 2219; x_wconf 79' lang='lat' dir='ltr'><strong>nest</strong></span> <span class='ocrx_word' id='word_1_303' title='bbox 1115 2196 1148 2231; x_wconf 90' lang='lat' dir='ltr'><strong>p.</strong></span> <span class='ocrx_word' id='word_1_304' title='bbox 1181 2183 1247 2219; x_wconf 63' lang='lat'><strong>25.</strong></span> <span class='ocrx_word' id='word_1_305' title='bbox 1279 2189 1315 2219; x_wconf 91' lang='lat' dir='ltr'><strong>et</strong></span> <span class='ocrx_word' id='word_1_306' title='bbox 1346 2184 1379 2220; x_wconf 88' lang='lat' dir='ltr'><strong>in</strong></span> <span class='ocrx_word' id='word_1_307' title='bbox 1412 2182 1549 2220; x_wconf 79' lang='lat' dir='ltr'><strong>Klenzii</strong></span> <span class='ocrx_word' id='word_1_308' title='bbox 1582 2182 1728 2219; x_wconf 90' lang='lat' dir='ltr'><strong>Disser-</strong></span> 
     </span>
     <span class='ocr_line' id='line_1_32' title="bbox 123 2237 1728 2292; baseline -0.001 -13"><span class='ocrx_word' id='word_1_309' title='bbox 123 2243 283 2279; x_wconf 87' lang='lat' dir='ltr'><strong>tatiouib.</strong></span> <span class='ocrx_word' id='word_1_310' title='bbox 316 2243 491 2291; x_wconf 85' lang='lat' dir='ltr'><strong>philolog.</strong></span> <span class='ocrx_word' id='word_1_311' title='bbox 538 2243 601 2279; x_wconf 91' lang='lat' dir='ltr'><strong>Ed.</strong></span> <span class='ocrx_word' id='word_1_312' title='bbox 633 2243 843 2279; x_wconf 83' lang='lat' dir='ltr'><strong>Lachmann.</strong></span> <span class='ocrx_word' id='word_1_313' title='bbox 875 2243 991 2278; x_wconf 87' lang='lat' dir='ltr'><strong>Berol.</strong></span> <span class='ocrx_word' id='word_1_314' title='bbox 1019 2241 1138 2278; x_wconf 71' lang='lat'><strong>1539.</strong></span> <span class='ocrx_word' id='word_1_315' title='bbox 1170 2254 1203 2289; x_wconf 90' lang='lat' dir='ltr'><strong>p.</strong></span> <span class='ocrx_word' id='word_1_316' title='bbox 1233 2237 1424 2292; x_wconf 69' lang='lat'><strong>1—24.),</strong></span> <span class='ocrx_word' id='word_1_317' title='bbox 1456 2242 1553 2278; x_wconf 83' lang='lat' dir='ltr'><strong>cuius</strong></span> <span class='ocrx_word' id='word_1_318' title='bbox 1585 2241 1728 2289; x_wconf 85' lang='lat' dir='ltr'><strong>quidem</strong></span> 
     </span>
     <span class='ocr_line' id='line_1_33' title="bbox 126 2300 1726 2349; baseline -0.001 -11"><span class='ocrx_word' id='word_1_319' title='bbox 126 2302 372 2349; x_wconf 86' lang='lat' dir='ltr'><strong>supplementa</strong></span> <span class='ocrx_word' id='word_1_320' title='bbox 405 2301 578 2337; x_wconf 84' lang='lat' dir='ltr'><strong>Ilaubold.</strong></span> <span class='ocrx_word' id='word_1_321' title='bbox 611 2302 824 2337; x_wconf 83' lang='lat' dir='ltr'><strong>Monument.</strong></span> <span class='ocrx_word' id='word_1_322' title='bbox 856 2301 960 2347; x_wconf 84' lang='lat' dir='ltr'><strong>legal.</strong></span> <span class='ocrx_word' id='word_1_323' title='bbox 993 2313 1026 2349; x_wconf 91' lang='lat' dir='ltr'><strong>p.</strong></span> <span class='ocrx_word' id='word_1_324' title='bbox 1059 2301 1122 2337; x_wconf 72' lang='lat'><strong>74.</strong></span> <span class='ocrx_word' id='word_1_325' title='bbox 1155 2305 1190 2336; x_wconf 94' lang='lat' dir='ltr'><strong>et</strong></span> <span class='ocrx_word' id='word_1_326' title='bbox 1222 2300 1346 2347; x_wconf 87' lang='lat' dir='ltr'><strong>Egger</strong></span> <span class='ocrx_word' id='word_1_327' title='bbox 1376 2301 1487 2347; x_wconf 67' lang='lat' dir='ltr'><strong>lteliq.</strong></span> <span class='ocrx_word' id='word_1_328' title='bbox 1514 2311 1668 2336; x_wconf 87' lang='lat' dir='ltr'><strong>sermon.</strong></span> <span class='ocrx_word' id='word_1_329' title='bbox 1692 2312 1726 2348; x_wconf 92' lang='lat' dir='ltr'><strong>p.</strong></span> 
     </span>
     <span class='ocr_line' id='line_1_34' title="bbox 126 2358 1727 2406; baseline -0.001 -10"><span class='ocrx_word' id='word_1_330' title='bbox 126 2360 221 2397; x_wconf 78' lang='lat'><strong>250.</strong></span> <span class='ocrx_word' id='word_1_331' title='bbox 254 2360 515 2405; x_wconf 78' lang='lat' dir='ltr'><strong>adhibuerunt,</strong></span> <span class='ocrx_word' id='word_1_332' title='bbox 557 2360 646 2396; x_wconf 83' lang='lat' dir='ltr'><strong>sicut</strong></span> <span class='ocrx_word' id='word_1_333' title='bbox 678 2365 714 2396; x_wconf 88' lang='lat' dir='ltr'><strong>et</strong></span> <span class='ocrx_word' id='word_1_334' title='bbox 756 2369 821 2395; x_wconf 89' lang='lat' dir='ltr'><strong>uos</strong></span> <span class='ocrx_word' id='word_1_335' title='bbox 865 2359 1080 2396; x_wconf 83' lang='lat' dir='ltr'><strong>adhibemus.</strong></span> <span class='ocrx_word' id='word_1_336' title='bbox 1129 2360 1254 2395; x_wconf 92' lang='lat' dir='ltr'><strong>Denuo</strong></span> <span class='ocrx_word' id='word_1_337' title='bbox 1297 2358 1486 2406; x_wconf 81' lang='lat' dir='ltr'><strong>fragmenti</strong></span> <span class='ocrx_word' id='word_1_338' title='bbox 1529 2359 1641 2394; x_wconf 86' lang='lat' dir='ltr'><strong>verba</strong></span> <span class='ocrx_word' id='word_1_339' title='bbox 1683 2358 1727 2394; x_wconf 85' lang='lat' dir='ltr'><strong>ad</strong></span> 
     </span>
     <span class='ocr_line' id='line_1_35' title="bbox 127 2413 1728 2469; baseline -0.002 -14"><span class='ocrx_word' id='word_1_340' title='bbox 127 2420 280 2455; x_wconf 86' lang='lat' dir='ltr'><strong>tabulam</strong></span> <span class='ocrx_word' id='word_1_341' title='bbox 323 2430 468 2455; x_wconf 84' lang='lat' dir='ltr'><strong>aeneam</strong></span> <span class='ocrx_word' id='word_1_342' title='bbox 512 2419 659 2466; x_wconf 80' lang='lat' dir='ltr'><strong>Neapoli</strong></span> <span class='ocrx_word' id='word_1_343' title='bbox 701 2423 915 2454; x_wconf 83' lang='lat' dir='ltr'><strong>asservatam</strong></span> <span class='ocrx_word' id='word_1_344' title='bbox 958 2419 1083 2465; x_wconf 79' lang='lat' dir='ltr'><strong>exegit</strong></span> <span class='ocrx_word' id='word_1_345' title='bbox 1129 2417 1343 2464; x_wconf 78' lang='lat' dir='ltr'><strong>Gotuingius</strong></span> <span class='ocrx_word' id='word_1_346' title='bbox 1389 2413 1596 2469; x_wconf 76' lang='lat' dir='ltr'><strong>(Funl&#39;zehn</strong></span> <span class='ocrx_word' id='word_1_347' title='bbox 1638 2421 1728 2453; x_wconf 74' lang='lat' dir='ltr'><strong>rom.</strong></span> 
     </span>
     <span class='ocr_line' id='line_1_36' title="bbox 123 2472 1727 2529; baseline -0.002 -15"><span class='ocrx_word' id='word_1_348' title='bbox 123 2477 282 2514; x_wconf 83' lang='lat' dir='ltr'><strong>Urkund.</strong></span> <span class='ocrx_word' id='word_1_349' title='bbox 314 2489 396 2525; x_wconf 83' lang='lat' dir='ltr'><strong>pag.</strong></span> <span class='ocrx_word' id='word_1_350' title='bbox 430 2472 510 2529; x_wconf 70' lang='lat'><strong>44]</strong></span> <span class='ocrx_word' id='word_1_351' title='bbox 554 2477 718 2524; x_wconf 83' lang='lat' dir='ltr'><strong>idemque</strong></span> <span class='ocrx_word' id='word_1_352' title='bbox 750 2477 795 2513; x_wconf 91' lang='lat' dir='ltr'><strong>‹le</strong></span> <span class='ocrx_word' id='word_1_353' title='bbox 827 2477 998 2514; x_wconf 79' lang='lat' dir='ltr'><strong>universis</strong></span> <span class='ocrx_word' id='word_1_354' title='bbox 1041 2476 1093 2513; x_wconf 79' lang='lat' dir='ltr'><strong>rei</strong></span> <span class='ocrx_word' id='word_1_355' title='bbox 1125 2475 1236 2512; x_wconf 87' lang='lat' dir='ltr'><strong>causis</strong></span> <span class='ocrx_word' id='word_1_356' title='bbox 1279 2476 1457 2524; x_wconf 84' lang='lat' dir='ltr'><strong>exposuit.</strong></span> <span class='ocrx_word' id='word_1_357' title='bbox 1507 2475 1626 2523; x_wconf 81' lang='lat' dir='ltr'><strong>Nuper</strong></span> <span class='ocrx_word' id='word_1_358' title='bbox 1657 2475 1727 2512; x_wconf 84' lang='lat' dir='ltr'><strong>ad-</strong></span> 
     </span>
     <span class='ocr_line' id='line_1_37' title="bbox 124 2535 1728 2584; baseline -0.002 -11"><span class='ocrx_word' id='word_1_359' title='bbox 124 2536 266 2573; x_wconf 86' lang='lat' dir='ltr'><strong>modum</strong></span> <span class='ocrx_word' id='word_1_360' title='bbox 298 2540 485 2584; x_wconf 86' lang='lat' dir='ltr'><strong>postquam</strong></span> <span class='ocrx_word' id='word_1_361' title='bbox 518 2536 699 2572; x_wconf 80' lang='lat' dir='ltr'><strong>Avellinus</strong></span> <span class='ocrx_word' id='word_1_362' title='bbox 730 2535 911 2583; x_wconf 84' lang='lat' dir='ltr'><strong>particulis</strong></span> <span class='ocrx_word' id='word_1_363' title='bbox 955 2535 1044 2572; x_wconf 88' lang='lat' dir='ltr'><strong>binis</strong></span> <span class='ocrx_word' id='word_1_364' title='bbox 1078 2547 1094 2570; x_wconf 86' lang='lat' dir='ltr'><strong>a</strong></span> <span class='ocrx_word' id='word_1_365' title='bbox 1129 2547 1168 2570; x_wconf 92' lang='lat' dir='ltr'><strong>se</strong></span> <span class='ocrx_word' id='word_1_366' title='bbox 1200 2535 1352 2571; x_wconf 85' lang='lat' dir='ltr'><strong>inventis</strong></span> <span class='ocrx_word' id='word_1_367' title='bbox 1385 2535 1455 2571; x_wconf 89' lang='lat' dir='ltr'><strong>hoc</strong></span> <span class='ocrx_word' id='word_1_368' title='bbox 1487 2535 1728 2581; x_wconf 79' lang='lat' dir='ltr'><strong>fragmentum</strong></span> 
     </span>
     <span class='ocr_line' id='line_1_38' title="bbox 125 2589 1727 2646; baseline -0.001 -15"><span class='ocrx_word' id='word_1_369' title='bbox 125 2595 248 2640; x_wconf 87' lang='lat' dir='ltr'><strong>auxit,</strong></span> <span class='ocrx_word' id='word_1_370' title='bbox 288 2606 306 2630; x_wconf 87' lang='lat' dir='ltr'><strong>a</strong></span> <span class='ocrx_word' id='word_1_371' title='bbox 339 2594 569 2630; x_wconf 84' lang='lat' dir='ltr'><strong>Mommsenio</strong></span> <span class='ocrx_word' id='word_1_372' title='bbox 602 2589 832 2646; x_wconf 70' lang='lat' dir='ltr'><strong>[Nachtritge</strong></span> <span class='ocrx_word' id='word_1_373' title='bbox 874 2606 913 2630; x_wconf 85' lang='lat' dir='ltr'><strong>zu</strong></span> <span class='ocrx_word' id='word_1_374' title='bbox 947 2595 1014 2631; x_wconf 87' lang='lat' dir='ltr'><strong>den</strong></span> <span class='ocrx_word' id='word_1_375' title='bbox 1056 2593 1244 2630; x_wconf 83' lang='lat' dir='ltr'><strong>oskischen</strong></span> <span class='ocrx_word' id='word_1_376' title='bbox 1287 2593 1435 2630; x_wconf 89' lang='lat' dir='ltr'><strong>Studien</strong></span> <span class='ocrx_word' id='word_1_377' title='bbox 1467 2593 1521 2629; x_wconf 93' lang='lat' dir='ltr'><strong>in:</strong></span> <span class='ocrx_word' id='word_1_378' title='bbox 1563 2592 1727 2639; x_wconf 81' lang='lat' dir='ltr'><strong>savigny</strong></span> 
     </span>
     <span class='ocr_line' id='line_1_39' title="bbox 124 2646 1728 2704; baseline -0.001 -15"><span class='ocrx_word' id='word_1_379' title='bbox 124 2653 326 2690; x_wconf 84' lang='lat' dir='ltr'><strong>Zeitschrift</strong></span> <span class='ocrx_word' id='word_1_380' title='bbox 358 2653 413 2689; x_wconf 73' lang='lat' dir='ltr'><strong>fiir</strong></span> <span class='ocrx_word' id='word_1_381' title='bbox 443 2653 655 2700; x_wconf 84' lang='lat' dir='ltr'><strong>geschichtl.</strong></span> <span class='ocrx_word' id='word_1_382' title='bbox 687 2652 914 2689; x_wconf 85' lang='lat' dir='ltr'><strong>Rechtswiss.</strong></span> <span class='ocrx_word' id='word_1_383' title='bbox 947 2652 1041 2690; x_wconf 85' lang='lat' dir='ltr'>XIII.</span> <span class='ocrx_word' id='word_1_384' title='bbox 1075 2653 1109 2689; x_wconf 85' lang='grc'><strong>7.</strong></span> <span class='ocrx_word' id='word_1_385' title='bbox 1137 2664 1170 2700; x_wconf 91' lang='lat' dir='ltr'><strong>p.</strong></span> <span class='ocrx_word' id='word_1_386' title='bbox 1195 2646 1304 2704; x_wconf 82' lang='lat'>362)</span> <span class='ocrx_word' id='word_1_387' title='bbox 1337 2652 1467 2701; x_wconf 90' lang='lat' dir='ltr'><strong>publici</strong></span> <span class='ocrx_word' id='word_1_388' title='bbox 1498 2650 1581 2688; x_wconf 91' lang='lat' dir='ltr'><strong>iuris</strong></span> <span class='ocrx_word' id='word_1_389' title='bbox 1613 2650 1728 2697; x_wconf 79' lang='lat' dir='ltr'><strong>factis,</strong></span> 
     </span>
     <span class='ocr_line' id='line_1_40' title="bbox 126 2709 1727 2760; baseline -0.001 -13"><span class='ocrx_word' id='word_1_390' title='bbox 126 2712 326 2748; x_wconf 85' lang='lat' dir='ltr'><strong>Rudorffius</strong></span> <span class='ocrx_word' id='word_1_391' title='bbox 359 2712 428 2748; x_wconf 89' lang='lat' dir='ltr'><strong>hoc</strong></span> <span class='ocrx_word' id='word_1_392' title='bbox 470 2711 560 2758; x_wconf 86' lang='lat' dir='ltr'><strong>legis</strong></span> <span class='ocrx_word' id='word_1_393' title='bbox 604 2712 841 2758; x_wconf 78' lang='lat' dir='ltr'><strong>fragmentum</strong></span> <span class='ocrx_word' id='word_1_394' title='bbox 883 2711 1000 2748; x_wconf 90' lang='lat' dir='ltr'><strong>denuo</strong></span> <span class='ocrx_word' id='word_1_395' title='bbox 1043 2711 1201 2747; x_wconf 86' lang='lat' dir='ltr'><strong>excussit</strong></span> <span class='ocrx_word' id='word_1_396' title='bbox 1233 2715 1268 2747; x_wconf 89' lang='lat' dir='ltr'><strong>et</strong></span> <span class='ocrx_word' id='word_1_397' title='bbox 1298 2710 1550 2760; x_wconf 85' lang='lat' dir='ltr'><strong>supplementis</strong></span> <span class='ocrx_word' id='word_1_398' title='bbox 1592 2709 1727 2746; x_wconf 81' lang='lat' dir='ltr'><strong>sarcire</strong></span> 
     </span>
    </p>
   </div>
   <div class='ocr_carea' id='block_1_7' title="bbox 122 2769 1726 2880">
    <p class='ocr_par' dir='ltr' id='par_1_7' title="bbox 122 2769 1726 2880">
     <span class='ocr_line' id='line_1_41' title="bbox 124 2769 1726 2819; baseline 0 -14"><span class='ocrx_word' id='word_1_399' title='bbox 124 2769 279 2816; x_wconf 81' lang='lat' dir='ltr'><strong>studuit,</strong></span> <span class='ocrx_word' id='word_1_400' title='bbox 322 2781 412 2817; x_wconf 87' lang='lat' dir='ltr'><strong>quae</strong></span> <span class='ocrx_word' id='word_1_401' title='bbox 444 2781 520 2806; x_wconf 92' lang='lat' dir='ltr'><strong>cum</strong></span> <span class='ocrx_word' id='word_1_402' title='bbox 553 2770 687 2806; x_wconf 85' lang='lat' dir='ltr'><strong>Klenzii</strong></span> <span class='ocrx_word' id='word_1_403' title='bbox 718 2770 973 2819; x_wconf 88' lang='lat' dir='ltr'><strong>supplementis</strong></span> <span class='ocrx_word' id='word_1_404' title='bbox 1016 2770 1202 2807; x_wconf 87' lang='lat' dir='ltr'><strong>coniuncta</strong></span> <span class='ocrx_word' id='word_1_405' title='bbox 1234 2769 1266 2805; x_wconf 92' lang='lat' dir='ltr'><strong>in</strong></span> <span class='ocrx_word' id='word_1_406' title='bbox 1300 2781 1397 2806; x_wconf 90' lang='lat' dir='ltr'><strong>usum</strong></span> <span class='ocrx_word' id='word_1_407' title='bbox 1439 2773 1600 2806; x_wconf 85' lang='lat' dir='ltr'><strong>nostrum</strong></span> <span class='ocrx_word' id='word_1_408' title='bbox 1631 2779 1726 2805; x_wconf 90' lang='lat' dir='ltr'><strong>con-</strong></span> 
     </span>
     <span class='ocr_line' id='line_1_42' title="bbox 122 2822 1422 2880; baseline 0.001 -17"><span class='ocrx_word' id='word_1_409' title='bbox 122 2828 288 2864; x_wconf 87' lang='lat' dir='ltr'><strong>vertimus</strong></span> <span class='ocrx_word' id='word_1_410' title='bbox 321 2823 390 2880; x_wconf 80' lang='lat' dir='ltr'><strong>(V.</strong></span> <span class='ocrx_word' id='word_1_411' title='bbox 422 2828 581 2875; x_wconf 80' lang='lat' dir='ltr'><strong>Savigny</strong></span> <span class='ocrx_word' id='word_1_412' title='bbox 614 2829 825 2866; x_wconf 83' lang='lat' dir='ltr'><strong>Zeitschril&#39;t.</strong></span> <span class='ocrx_word' id='word_1_413' title='bbox 858 2828 933 2865; x_wconf 87' lang='lat' dir='ltr'><strong>XV.</strong></span> <span class='ocrx_word' id='word_1_414' title='bbox 965 2826 1002 2866; x_wconf 84' lang='lat'><strong>2.</strong></span> <span class='ocrx_word' id='word_1_415' title='bbox 1036 2841 1070 2877; x_wconf 90' lang='lat' dir='ltr'><strong>p.</strong></span> <span class='ocrx_word' id='word_1_416' title='bbox 1104 2828 1186 2864; x_wconf 83' lang='lat'><strong>238</strong></span> <span class='ocrx_word' id='word_1_417' title='bbox 1220 2832 1257 2864; x_wconf 87' lang='lat' dir='ltr'><strong>et</strong></span> <span class='ocrx_word' id='word_1_418' title='bbox 1290 2822 1422 2879; x_wconf 64' lang='lat'><strong>271.)</strong></span> 
     </span>
    </p>
   </div>
   <div class='ocr_carea' id='block_1_8' title="bbox 128 2907 375 2912">
    <p class='ocr_par' dir='ltr' id='par_1_8' title="bbox 128 2907 375 2912">
     <span class='ocr_line' id='line_1_43' title="bbox 128 2907 375 2912; baseline 0 0"><span class='ocrx_word' id='word_1_419' title='bbox 128 2907 375 2912; x_wconf 95' lang='lat' dir='ltr'><strong> </strong></span> 
     </span>
    </p>
   </div>
   <div class='ocr_carea' id='block_1_9' title="bbox 264 2941 792 2986">
    <p class='ocr_par' dir='ltr' id='par_1_9' title="bbox 264 2941 792 2986">
     <span class='ocr_line' id='line_1_44' title="bbox 264 2941 792 2986; baseline 0.009 -12"><span class='ocrx_word' id='word_1_420' title='bbox 264 2941 302 2985; x_wconf 88' lang='lat'><strong>1)</strong></span> <span class='ocrx_word' id='word_1_421' title='bbox 328 2943 394 2978; x_wconf 82' lang='lat' dir='ltr'><strong>tab.</strong></span> <span class='ocrx_word' id='word_1_422' title='bbox 422 2942 602 2978; x_wconf 83' lang='lat' dir='ltr'><strong>mendose:</strong></span> <span class='ocrx_word' id='word_1_423' title='bbox 626 2942 792 2986; x_wconf 78' lang='lat' dir='ltr'><strong>lainiliae.</strong></span> 
     </span>
    </p>
   </div>
  </div>
 </body>
</html>
