1877 3313
209 193 293 238 174
366 194 469 229 Inscr.
493 193 663 238 profanae.
711 191 792 236 Cap.
817 192 841 226 Ι.
889 192 985 228 Tituli
1012 203 1150 238 operum
1176 192 1340 237 publicar.
1364 202 1432 226 non
1456 201 1634 227 sacrorum.

208 299 309 353 Aug.
334 296 564 339 Germanico
586 297 746 347 Dacico,
777 296 873 337 Pont
896 296 997 337 Max.
1034 297 1136 338 Trib.
1169 301 1310 349 potest.
1342 295 1471 337 XVIII.
1493 295 1582 349 Imp.
1603 296 1677 337 VII.
1699 295 1788 338 Cos.

206 358 266 396 vl.
298 357 336 396 P.
369 356 408 395 P.
441 354 654 396 fortissimo
685 355 849 407 Principi
881 355 918 397 S.
950 355 990 395 P.
1025 356 1068 402 Ο,
1100 355 1144 395 R.
1177 377 1231 382 —
1262 355 1300 394 In
1332 369 1414 393 arcu
1445 357 1641 404 triumphali
1671 358 1788 396 Bene-

208 422 372 454 ventano.
420 416 488 452 Vit.
531 416 649 462 Antiq.
691 415 881 452 Benevent.
921 416 1017 453 Toni.
1057 416 1082 452 Ι.
1123 428 1156 463 p.
1194 415 1289 452 253.
1343 415 1451 452 More.
1492 415 1567 452 Stil.
1607 414 1788 456 LXXVIII.

209 475 301 511 Orel.
337 474 428 510 788.

346 547 466 584 1496.
526 545 562 586 S.
595 546 635 585 P.
667 545 711 593 Q.
743 546 787 587 R.
817 545 909 599 Imp.
941 545 1053 586 Caes.
1085 545 1162 586 divi
1195 546 1348 586 Traiani
1366 545 1531 586 Parthici
1552 545 1593 585 F.
1615 545 1662 586 D.
1683 545 1789 586 Ner-

206 617 279 645 vae
311 616 398 656 nep.
431 604 599 645 Traiano
631 603 824 646 Hadriano
854 605 958 657 Aug.
990 604 1098 644 Pont.
1130 616 1232 644 max.
1265 604 1371 644 Trib.
1403 608 1482 656 pot.
1504 603 1546 643 II.
1578 603 1667 643 Cos.
1690 603 1733 643 ll.
1751 600 1787 657 ¹)

207 663 272 715 qui
301 663 446 715 primus
461 658 501 715 ²)
536 661 704 702 omnium
734 661 951 714 Principum
985 667 1022 701 et
1053 661 1161 702 solus
1192 661 1425 702 remittendo
1456 661 1680 702 sestertium
1712 673 1789 702 no-

204 721 290 760 vies
321 719 455 760 millies
487 723 652 759 centena
684 718 797 760 millia
826 719 871 759 N.
905 719 1075 759 debitum
1097 719 1202 759 fiscis
1217 716 1257 773 3)
1289 731 1367 760 non
1390 723 1620 772 praesentes
1644 723 1789 760 tantum

205 779 312 819 cives
345 789 439 818 suos
481 776 552 818 sed
583 781 623 818 et
653 780 834 830 posteros
866 789 1002 818 eorum
1019 775 1059 831 4)
1103 777 1294 829 praestitit
1335 777 1407 817 hac
1448 776 1677 828 liberalitate
1718 789 1789 817 se-

205 848 336 877 curos.
371 859 420 863 --
454 838 596 874 Romae.
627 838 782 874 Mazocli.
814 837 852 883 2,
889 837 921 873 1.
969 837 1074 873 Orell.
1113 838 1205 874 805.
1251 838 1304 873 Ex
1335 838 1526 882 Anonymo
1556 837 1788 874 Einsidelens.

204 897 273 933 Fea
305 897 450 932 Framm.
483 895 516 932 di
548 895 624 931 fast.
655 907 688 944 p.
720 895 805 931 CXI.
837 907 939 942 quem
971 895 1157 942 sequimur.
1189 896 1240 932 Cf.
1274 896 1413 932 Platner
1438 907 1470 932 u.
1488 895 1625 932 Bunsen
1645 894 1788 935 Beschr.

204 954 242 991 R.
273 954 332 991 111.
364 953 400 989 2.
432 965 464 1001 p.
501 952 591 990 179.

346 1028 467 1065 1497.
526 1025 617 1078 Imp.
649 1025 807 1066 Caesari
837 1025 914 1064 divi
945 1025 1097 1065 Traiani
1126 1024 1292 1065 Parthici
1322 1025 1372 1065 fil.
1404 1024 1480 1064 divi
1517 1025 1674 1065 Nervae
1710 1037 1788 1066 ne-

206 1085 287 1138 poti
318 1085 486 1125 Traiano
517 1083 711 1124 Hadriano
742 1083 844 1136 Aug
877 1082 1017 1123 Pontis.
1050 1083 1231 1133 maximo,
1264 1083 1457 1123 Tribunic.
1489 1087 1676 1134 potestat.
1700 1083 1786 1124 XX.

206 1141 654 1196 lmp.11.Cos.111.P
686 1141 724 1180 Ρ.
767 1141 939 1194 Magistri
982 1141 1154 1181 vicorum
1195 1140 1302 1180 urbis
1340 1141 1544 1193 regionum
1582 1132 1693 1181 XIII-I.
1736 1165 1785 1179 -.-

208 1203 340 1240 Romae
370 1203 403 1240 in
434 1202 508 1238 basi
539 1213 733 1238 marmorea
765 1201 989 1248 praegrandi.
1039 1200 1221 1236 Sinistrum
1260 1200 1352 1236 basis
1384 1201 1472 1237 latus
1502 1205 1575 1237 tres
1607 1201 1787 1248 regiones,

208 1262 370 1298 dextrum
401 1271 488 1296 vero
521 1260 605 1295 duas
637 1271 714 1295 cum
745 1259 814 1294 suis
847 1259 1080 1303 curatoribus,
1114 1258 1422 1295 denunciatoribus
1454 1263 1489 1294 et
1521 1258 1604 1295 vicis
1637 1260 1786 1295 horum-

206 1331 275 1366 que
307 1318 480 1364 magistris
512 1317 676 1354 continet.
709 1317 739 1352 A
773 1322 878 1360 tergo
911 1316 1064 1363 reliquas
1097 1317 1264 1362 regiones
1296 1317 1422 1352 eodem
1454 1317 1560 1353 modo
1593 1316 1786 1366 descriptas

205 1380 416 1424 exspectes3
457 1375 549 1411 nulla
590 1379 702 1410 tamen
735 1375 911 1410 literarum
944 1373 1094 1420 vestigia
1126 1374 1172 1410 ibi
1203 1379 1411 1422 supersunt,
1454 1374 1549 1421 quod
1580 1374 1671 1411 haec
1701 1386 1784 1424 pars

204 1434 293 1471 tituli
324 1433 398 1470 sive
429 1445 509 1469 casu
542 1433 693 1479 quodam
724 1432 980 1469 interveniente
1011 1432 1085 1468 sive
1117 1432 1279 1468 consulto
1324 1432 1450 1468 omissa
1481 1436 1558 1477 est,
1599 1432 1678 1480 quia
1719 1433 1786 1469 hae

205 1492 363 1539 reliquae
404 1491 570 1537 regiones
612 1490 797 1538 pauciores
839 1490 937 1526 vicos
979 1490 1036 1526 vel
1077 1490 1189 1526 nullos
1221 1489 1431 1536 insigniores
1464 1490 1646 1527 haberent.
1691 1490 1786 1527 Infra

203 1551 296 1588 hunc
328 1549 484 1586 vicorum
516 1548 664 1585 indicem
687 1547 924 1596 apposuimus,
956 1547 1151 1584 nominibus
1179 1552 1293 1584 tamen
1316 1548 1575 1593 magistrorum,
1606 1547 1664 1596 qui
1686 1547 1784 1584 unius

205 1608 371 1655 cuiusque
403 1606 471 1642 vici
502 1611 582 1642 sunt
614 1606 791 1653 quaterni,
824 1605 981 1650 omissi53
1013 1610 1048 1641 et
1080 1605 1220 1652 quidem
1250 1617 1295 1642 ex
1326 1605 1466 1642 sinistro
1498 1606 1628 1642 latere:

342 1661 381 1702 C.
415 1662 576 1702 Ceionio
617 1660 846 1713 Commodo,
886 1660 976 1701 Sex.
1018 1660 1211 1702 Vetuleno
1252 1661 1382 1702 Civica
1420 1661 1656 1714 Pompeiano
1696 1660 1783 1703 Cos.

919 1718 1015 1770 Reg.
1046 1718 1071 1758 1.

341 1778 430 1818 Cur.
462 1776 503 1817 L.
537 1775 691 1817 Curtius
722 1776 765 1816 L.
800 1776 838 1815 L.
871 1775 1075 1817 Iocundus.

340 1835 625 1875 Denunoiatorz
658 1835 696 1874 P.
728 1834 885 1874 Helvius
917 1834 956 1873 P.
991 1833 1032 1873 L.
1064 1834 1241 1875 Hermes.

340 1893 436 1933 Vico
469 1892 738 1932 Camenarum.
772 1890 996 1945 (Sequuntur
1027 1898 1177 1941 quatuor
1207 1894 1454 1942 magistrorum
1475 1894 1627 1941 nomina,
1658 1899 1695 1931 ut
1714 1895 1782 1932 de-

202 1953 323 2001 inceps
353 1964 449 2001 pone
480 1952 696 1998 singulorum
728 1951 883 1988 vicorum
916 1951 1073 1997 nomina,
1113 1952 1264 1988 omnium
1295 1952 1470 1989 hominum
1501 1947 1782 2004 libertinorum.)

202 2031 258 2039 ——
289 2009 384 2049 Vico
415 2008 623 2048 Drusiano.
656 2031 711 2036 —-
742 2007 837 2047 Vico
867 2006 1008 2059 Sulpici
1046 2007 1238 2059 superior.
1272 2031 1327 2036 ——
1359 2008 1454 2048 Vico
1497 2007 1644 2060 Sulpici
1673 2007 1782 2048 ulte-

201 2067 330 2107 rioris.
362 2088 416 2095 —
448 2066 544 2105 Vico
585 2065 780 2106 Fortunae
821 2064 1050 2116 obsequent.
1090 2087 1145 2092 ——
1177 2065 1271 2106 Vico
1310 2065 1547 2106 Pulverario.
1590 2089 1645 2095 —-
1686 2064 1781 2109 Vico

201 2124 339 2166 Honor
370 2128 408 2164 et
438 2124 582 2163 Virtus.
615 2146 668 2151 fl-
701 2123 796 2164 Vico
828 2122 958 2220 Tritfing
990 2134 1154 2220 magum.
1188 2146 1241 2151 —-
1274 2123 1370 2164 Vico
1402 2123 1565 2164 Fabrici.
1598 2147 1648 2153 —

961 2193 998 2232 g.
1069 2211 1077 2220 .

339 2237 426 2279 Cur.
459 2237 500 2278 C.
534 2237 740 2279 Cornelius
773 2237 812 2279 C.
844 2237 886 2277 L.
918 2236 1127 2289 Eucolpus.

337 2296 623 2336 Denunciator:
654 2296 697 2336 L.
733 2295 886 2336 Veleius
917 2295 959 2334 L.
992 2294 1031 2334 F.
1063 2295 1259 2335 Salutaris.

337 2354 436 2394 Vico
466 2353 569 2393 Padi.
599 2375 655 2381 —-
686 2354 782 2395 Vico
812 2353 1025 2394 Curi-arum.
1065 2373 1120 2380 —
1160 2353 1254 2392 Vico
1295 2352 1489 2393 Fortunae
1519 2353 1777 2409 respicientis.

204 2412 300 2453 Vico
330 2411 530 2454 Salutaris.
566 2435 615 2441 -
648 2412 744 2452 Vico
775 2410 978 2464 Apollinis.
1012 2430 1061 2436 —
1096 2410 1190 2451 Vico
1221 2410 1426 2464 Huiusque
1458 2410 1545 2452 diei.

875 2469 972 2521 Reg.
1008 2467 1101 2507 XIII.

339 2526 429 2568 Cur.
460 2527 500 2567 P.
533 2525 693 2567 Caesius
724 2527 762 2566 P.
795 2526 836 2567 L.
869 2526 1074 2566 Crescens.

340 2584 558 2625 Denuntiat.
590 2583 680 2624 Sex.
711 2585 878 2624 Licinius
910 2583 1000 2624 Sex.
1033 2582 1075 2622 L.
1107 2582 1316 2636 Eutychus.

336 2642 432 2682 Vico
473 2641 579 2682 Fidii.
615 2663 664 2669 —
698 2642 794 2682 Vico
835 2641 1113 2682 Frumentario.
1152 2662 1207 2668 --
1238 2642 1332 2683 Vico
1363 2640 1494 2687 Trium
1525 2641 1686 2688 viarum.
1722 2662 1772 2669 ——

204 2700 301 2741 Vico
332 2698 497 2740 Caeseti.
530 2720 579 2726 —-
614 2699 708 2739 Vico
740 2699 879 2740 Valeri.
914 2721 961 2727 —
997 2697 1092 2738 Vico
1123 2698 1214 2738 Laci
1245 2699 1392 2740 miliari.
1424 2722 1477 2728 —
1508 2699 1605 2740 Vico
1631 2699 1775 2741 Fortu-

341 2853 378 2898 1)
404 2855 469 2888 118
493 2860 568 2899 post
591 2853 668 2888 Chr.
693 2872 737 2878 —
761 2852 798 2896 2)
822 2854 905 2899 quod
926 2865 1019 2888 unm.
1045 2854 1192 2887 Mazoch:
1218 2871 1259 2877 —
1285 2852 1323 2896 3)
1345 2854 1414 2897 fisci
1430 2854 1575 2888 Mazoch.
1600 2854 1684 2888 lisois
1703 2853 1774 2889 Fen

201 2900 596 2981 Zierpgisczgtuxospiilliffil'izcgchet
618 2901 748 2944 privato
780 2902 1005 2946 Imperatoris.
1037 2918 1082 2928 η-
1112 2898 1151 2942 4)
1176 2911 1241 2934 non
1263 2906 1447 2945 praesentes
1468 2900 1559 2937 modo
1581 2900 1637 2935 sed
1660 2906 1689 2935 et
1707 2911 1772 2946 po·-
