1877 3313
368 148 398 191 §.
423 149 456 184 8,
506 148 654 186 Tabulae
678 151 856 188 historicae
883 153 1081 187 auctoritate
1106 153 1240 198 publica
1266 155 1423 200 scriptae.
1618 154 1704 198 357

98 259 213 298 dicem
243 269 364 297 rerum
396 271 415 296 a
446 271 486 297 se
516 264 722 308 gestarum,
764 261 907 298 tertium
946 261 1159 300 breviarium
1202 263 1309 300 totius
1353 263 1513 312 imperii,
1556 263 1593 301 id
1634 269 1703 312 est,

97 319 248 356 iudicem
290 319 336 355 de
376 318 519 355 militum
562 324 597 355 et
637 320 809 368 pecuniae
849 320 1014 368 publicae
1056 321 1167 369 copiis
1209 317 1383 372 (Suetou.
1415 324 1510 370 Aug.
1542 335 1572 360 c.
1610 322 1703 361 101.

97 377 205 414 Tacit.
236 376 361 414 Annal.
399 377 440 424 Ι..
485 376 548 415 11.
587 378 655 414 Dio
698 379 794 415 Cass.
838 379 938 425 LVI„
983 373 1074 430 33).
1135 380 1268 417 Horum
1307 382 1520 419 voluminum
1551 382 1701 430 primum

98 441 134 473 et
171 436 315 473 tertium
354 435 634 482 interciderunt;
676 438 824 474 alterum
866 438 1040 485 reliquum
1073 442 1126 474 est
1167 439 1201 474 in
1235 445 1458 477 monumento
1490 441 1698 487 Ancyrano.

96 496 278 541 Augustus
309 494 402 531 enim
443 496 536 532 hune
576 495 727 532 indicem
760 507 876 533 rerum
909 509 928 533 a
960 508 998 533 se
1030 501 1212 543 gestarum
1244 497 1276 534 in
1310 499 1451 535 aheneis
1484 499 1610 536 tabulis
1643 499 1702 536 in-

97 553 166 591 cidi
197 557 413 590 testamento
444 553 543 590 iussit
575 558 656 590 ante
689 555 910 592 mausoleum
942 567 1040 591 suum
1072 555 1280 592 statuendis.
1341 557 1462 605 Neque
1493 558 1561 594 liae
1591 559 1701 595 tabu-

97 613 153 649 lae
185 612 358 649 mausolei
389 616 542 648 aetatem
574 613 751 659 tuleruntg
783 614 847 650 sed
880 625 985 661 quum
1017 614 1164 662 plurima
1194 615 1360 661 Augusto
1392 615 1517 652 divinis
1549 616 1702 654 honori-

98 672 163 707 bus
197 675 325 708 ornato
358 671 492 718 templa
533 682 599 718 per
639 671 842 719 provincias
886 677 1178 718 exstruerentar,
1220 674 1362 711 occasio
1403 674 1485 711 inde
1526 679 1608 711 nata
1648 679 1704 711 est.

96 730 259 778 exempla
299 728 398 766 huius
447 728 570 766 indicis
611 731 848 778 propagandi.
923 731 1036 774 Quum
1064 731 1155 767 enim
1188 731 1342 768 Galatiae
1385 737 1471 781 post
1512 733 1701 780 Amyntam

94 799 222 833 regem
253 787 458 824 defunctum
490 800 520 824 a.
562 800 594 824 u.
636 801 665 824 c.
711 789 790 824 729
839 789 872 825 in
906 790 1113 837 provinciae
1155 790 1302 826 sormam
1344 791 1387 827 ab
1431 792 1596 838 Augusto
1637 804 1701 828 re—

97 848 224 884 dactae
256 848 361 883 urbes
394 846 585 895 primariae
618 847 792 884 communi
824 848 974 885 consilio
1018 849 1097 885 huic
1138 848 1288 897 principi
1321 850 1488 897 templum
1520 851 1702 897 Ancyrae,

96 900 297 957 (Augure)
339 905 374 941 in
416 906 610 953 metropoli
650 906 872 954 provinciae,
906 907 1180 953 dedicavissent,
1212 907 1244 943 in
1278 907 1434 944 eiusdem
1479 909 1599 957 templi
1632 921 1701 945 ve-

95 964 228 1001 stibulo
271 968 399 1012 postea
441 963 593 1000 indicem
642 964 735 1001 illum
783 977 899 1001 rerum
943 967 985 1002 ab
1027 967 1196 1012 Augusto
1239 971 1420 1012 gestarum
1467 979 1512 1004 ex
1556 967 1701 1004 aheneis

94 1022 221 1059 tabulis
252 1022 424 1059 mausolei
455 1023 634 1070 Augustei
666 1024 914 1071 transcriptum
946 1024 1051 1061 incidi
1095 1025 1294 1069 iusserunt,
1340 1037 1429 1072 quae
1469 1025 1609 1073 quidem
1641 1026 1701 1062 in-

95 1081 244 1129 scriptio
278 1081 346 1118 etsi
390 1092 462 1118 non
504 1081 646 1128 integra
689 1082 868 1129 hodieque
900 1087 1074 1131 superest.
1137 1083 1408 1131 conspiciuntur
1439 1084 1531 1121 enim
1561 1084 1594 1121 in
1626 1084 1702 1121 eius

94 1140 218 1188 templi
248 1140 434 1177 maximam
466 1144 602 1188 partem
636 1140 738 1176 diruti
770 1142 951 1188 reliquiis,
991 1142 1025 1178 in
1057 1146 1215 1178 antarum
1248 1147 1350 1190 parte
1382 1142 1542 1180 interiori
1573 1143 1700 1191 parie-

95 1199 189 1236 tibus
221 1199 429 1236 marmoreis
460 1199 658 1247 insculptae
689 1204 761 1235 tres
796 1200 980 1236 columnae
1011 1201 1220 1236 intrantibus
1253 1211 1271 1236 a
1304 1201 1404 1237 laeva
1427 1205 1499 1237 tres
1526 1214 1544 1238 a
1574 1202 1702 1238 dextra

96 1258 189 1294 illum
210 1257 322 1306 ipsum
353 1257 505 1294 indicem
538 1258 773 1294 continentes.
834 1258 1103 1295 Accuratiorem
1131 1258 1252 1306 templi
1281 1263 1317 1294 et
1352 1259 1589 1307 inscriptionis
1612 1261 1701 1296 des-

98 1316 311 1364 criptionem
330 1328 407 1352 cum
425 1316 665 1353 delineatione
683 1316 848 1353 vestibuli
865 1318 1039 1364 praebent
1056 1318 1185 1353 Texicr
1202 1317 1425 1364 Description
1444 1318 1487 1354 de
1506 1318 1614 1355 l'Asie
1630 1319 1701 1355 mi-

95 1386 218 1411 neure.
235 1375 260 1411 Ι.
277 1375 361 1412 Tab.
382 1375 446 1411 66.
464 1380 500 1412 et
517 1374 694 1411 Hamilton
713 1375 934 1411 Researches
951 1376 985 1411 in
1003 1375 1087 1412 Asia
1105 1375 1228 1412 minor.
1246 1376 1342 1412 Tom.
1360 1376 1385 1412 I.
1403 1389 1438 1424 p.
1451 1375 1546 1414 420.
1572 1377 1701 1425 Scrip-

95 1439 173 1470 tura
192 1433 225 1470 in
244 1434 358 1470 media
378 1438 413 1470 et
429 1434 543 1470 infima
561 1433 736 1481 parietum
753 1438 868 1481 parte,
885 1434 1035 1470 maxime
1052 1435 1186 1482 primae
1204 1435 1389 1470 columnae
1401 1434 1702 1483 sinistriparietis‚

95 1492 253 1542 pluribus
285 1492 374 1529 locis
406 1493 596 1528 obliterata
629 1496 684 1528 est
715 1493 773 1528 vel
805 1503 974 1529 cavorum
1006 1497 1043 1529 et
1070 1492 1279 1530 foraminum
1305 1493 1525 1530 detrimentis
1552 1495 1701 1541 hausta3

95 1563 198 1599 quam
244 1551 387 1599 quidem
433 1551 549 1587 labem
585 1551 804 1588 Hamiltonus
852 1556 1051 1588 structurae
1089 1551 1178 1589 vitio
1225 1552 1380 1599 quodam
1420 1552 1592 1589 accidisse
1629 1554 1701 1590 de-

91 1614 274 1647 monstrat.
317 1607 421 1646 Primi
448 1610 714 1658 descripserunt
735 1623 789 1647 an.
816 1609 926 1646 1554
948 1611 1083 1657 Anger.
1117 1610 1289 1647 Gislenius
1312 1611 1528 1659 Busbequius
1551 1616 1586 1648 et
1617 1612 1674 1649 Au

90 1669 207 1706 tonius
237 1668 444 1705 Wrantzius
476 1668 550 1705 sive
582 1669 769 1706 Verantius
792 1669 952 1706 Dalmata
980 1670 1171 1718 episcopus
1199 1670 1398 1716 Agriensis‚
1430 1682 1449 1706 a
1472 1670 1700 1708 Ferdinando

90 1729 328 1764 Romanorum
360 1739 449 1774 rege
482 1732 554 1763 tum
587 1728 630 1764 ad
663 1732 802 1776 portam
836 1728 1107 1765 Othonianicam
1140 1729 1249 1774 legati
1283 1723 1352 1780 [V.
1385 1729 1576 1776 Busbequii
1608 1729 1700 1778 Epi-

91 1787 170 1824 stol.
201 1781 267 1838 L).
326 1786 416 1823 Hinc
456 1791 537 1822 nata
568 1791 647 1823 sunt
687 1788 758 1823 (luo
799 1789 1007 1835 apographa
1047 1788 1299 1823 Verantianum
1331 1792 1367 1823 et
1398 1787 1698 1835 Busbeqfflanum,

91 1857 182 1894 quae
213 1849 329 1882 tamen
371 1845 432 1882 vix
471 1855 538 1893 pro
581 1845 728 1882 diversis
761 1846 903 1881 censeri
946 1851 1104 1894 possunt.
1165 1846 1297 1882 Neuter
1327 1846 1404 1894 ipse
1435 1851 1699 1883 monumentum

91 1903 214 1941 edidit.
275 1903 557 1951 Busbequianum
599 1904 797 1953 exemplum
838 1905 969 1952 primus
1002 1904 1114 1941 edidit
1145 1905 1187 1940 A.
1221 1905 1410 1951 Scliottus7
1455 1905 1512 1952 qui
1545 1906 1587 1941 ab
1620 1905 1698 1953 ipso

91 1962 292 2010 Busbequio
324 1963 468 2008 habuit,
512 1963 555 1998 ad
586 1963 708 1999 Aurei.
754 1963 937 2000 Victorem
978 1964 1166 2011 Antwerp.
1203 1962 1325 2009 1579,
1359 1963 1396 1999 8.
1445 1963 1699 2000 Verantianum

91 2023 142 2059 Io.
172 2021 403 2059 Leunclavius
445 2021 611 2058 Pandect.
639 2022 719 2058 hist.
751 2023 853 2058 Ture.
893 2022 1057 2059 Francos.
1093 2021 1215 2057 1588.
1249 2022 1285 2058 4.
1317 2033 1352 2069 p.
1386 2021 1480 2058 205.
1513 2032 1601 2069 quos
1634 2034 1697 2058 se-

92 2081 162 2118 cuti
193 2084 274 2117 sunt
303 2080 440 2129 Lipsius
472 2080 507 2116 iu
539 2080 697 2117 auctario
731 2081 775 2117 ad
808 2081 931 2117 Smetii
962 2080 1139 2128 Inscriptt.
1172 2080 1279 2127 antiq.
1325 2080 1437 2127 Lugd.
1470 2080 1542 2116 Bal.
1577 2079 1698 2117 1588.

91 2140 194 2176 Ianus
227 2139 397 2176 Gruterus
429 2140 596 2176 Thesaur.
638 2140 806 2187 inscriptt.
850 2140 1080 2186 Heidelberg.
1117 2138 1238 2175 1603.
1271 2151 1304 2186 p.
1337 2138 1503 2175 CCXXX.
1535 2138 1608 2185 alii,
1638 2138 1693 2175 in-

91 2198 211 2247 primis
242 2198 360 2247 plures
393 2198 554 2235 Suetonii
586 2198 753 2235 editores.
800 2198 960 2235 Alterum
993 2198 1239 2246 apographum
1271 2197 1519 2244 Busbequiano
1554 2202 1590 2233 et
1619 2197 1698 2233 Ve-

91 2257 252 2294 rantiano
301 2257 437 2293 auctius
482 2262 665 2305 repertum
708 2261 762 2293 est
803 2257 964 2304 sequenti
1003 2257 1126 2293 seculo
1169 2251 1334 2309 (1689)
1387 2256 1481 2292 inter
1517 2260 1698 2303 postumas

93 2317 231 2353 chartas
253 2315 407 2352 Danielis
436 2315 614 2361 Cossonii‚
646 2316 855 2352 mercatoris
889 2315 1098 2359 Hollandici,
1132 2315 1263 2351 editum
1296 2327 1314 2351 a
1346 2315 1480 2351 Iacobo
1513 2315 1698 2352 Gronovio

91 2374 126 2411 in
145 2375 314 2411 Memoria
338 2374 556 2411 Cossoniana
580 2375 692 2421 Lugd.
723 2375 796 2411 Bat.
815 2373 935 2410 1695.
957 2375 994 2410 4.
1017 2386 1050 2421 p.
1073 2372 1284 2409 47—138.
1326 2374 1535 2421 Exemplum
1557 2374 1699 2410 tertium

93 2433 314 2470 Cossoniano
331 2433 568 2481 praestantius
588 2434 709 2478 edidit,
728 2433 791 2469 sed
809 2433 950 2478 vitiose,
971 2433 1094 2469 Paulus
1112 2433 1222 2468 Lucas
1240 2432 1396 2479 Voyage
1418 2433 1503 2468 dans
1520 2432 1551 2467 la
1571 2432 1697 2478 Grtzce,

91 2491 203 2528 l'Asie
234 2492 414 2538 mineure,
445 2493 478 2529 la
508 2492 717 2528 Macedoine
750 2496 785 2528 et
815 2490 1000 2539 l'Afrique
1040 2491 1146 2527 Paris.
1169 2491 1206 2527 Τ.
1236 2491 1260 2526 Ι.
1294 2503 1324 2527 c.
1353 2490 1415 2527 16.
1437 2495 1472 2527 et
1495 2501 1578 2527 mox
1605 2491 1696 2527 Am-

93 2551 170 2588 stet.
195 2550 317 2587 1714.
343 2549 405 2587 12.
438 2551 608 2594 Quartum
636 2551 835 2598 exemplum
865 2554 931 2595 est,
954 2549 1050 2598 quod
1069 2549 1325 2586 Tournefortus
1347 2561 1365 2585 a
1388 2561 1426 2585 se
1448 2549 1697 2597 transcriptum

94 2620 172 2646 cum
197 2609 379 2646 Chishullo
407 2608 690 2655 communicavit,
723 2609 781 2656 qui
804 2608 959 2645 omnium
978 2608 1013 2645 id
1036 2609 1207 2657 optimum
1232 2620 1310 2644 esse
1332 2608 1489 2644 iudicans
1520 2607 1632 2644 edidit
1661 2608 1697 2645 in

93 2667 316 2715 Antiquitatt.
357 2668 484 2705 Asiatt.
522 2668 632 2705 Lond.
678 2667 799 2703 1728.
831 2667 893 2704 fol.
923 2680 958 2716 p.
994 2666 1073 2703 165
1108 2679 1207 2715 seqq.
1268 2667 1322 2703 Ex
1353 2666 1533 2702 Chishullo
1565 2677 1696 2703 monu-

96 2730 249 2763 mentum
283 2725 452 2775 deinceps
478 2727 699 2776 repetierunt
729 2726 912 2772 Ernestus,
944 2726 1096 2773 Brotier‚
1123 2725 1308 2763 Oberlinus
1336 2724 1379 2761 ad
1410 2724 1563 2761 Tacitum
1587 2719 1695 2777 (Vol.

94 2783 137 2820 ΙΙ.
167 2796 201 2832 p.
244 2780 380 2835 8370,
421 2785 489 2822 alii.
536 2787 621 2822 Post
661 2785 936 2821 Tournefortum
978 2786 1150 2822 Rostanus
1192 2783 1395 2821 Masitiensis
1426 2783 1695 2832 inscriptionem

95 2843 324 2888 Ancyranam
350 2844 525 2892 inspexit,
557 2854 706 2890 eamque
767 2842 926 2891 pluribus
958 2844 1046 2881 locis
1089 2855 1190 2891 quam
1223 2847 1326 2879 antea
1359 2842 1449 2878 male
1480 2842 1631 2879 habitam
1659 2847 1696 2879 et

98 2900 319 2940 obliteratam
337 2902 472 2941 invenit
502 2898 680 2955 (Histoire
705 2902 749 2939 de
769 2901 987 2940 1'Aeademie
1009 2902 1072 2939 des
1093 2902 1255 2950 Inscript.
1278 2901 1376 2938 Tcm.
1399 2900 1536 2938 XLvn.
1571 2900 1693 2938 1809.
