1877 3313
625 140 656 182 §.
682 140 714 175 4.
764 139 1004 185 Inscriptiones
1028 141 1235 176 terminales,
1653 141 1735 184 165

121 248 167 288 V.
199 245 293 301 Imp.
326 244 400 287 1111.
433 245 521 288 Cos.
553 246 612 288 ΙΙΙ.
643 246 686 287 L.
720 247 891 288 Messius
930 246 1117 289 Rusticus
1160 247 1329 289 Curator
1359 246 1460 288 alvei
1491 251 1531 287 et
1561 247 1736 302 riparum

121 306 275 347 Tiberis
308 310 348 345 et
379 305 602 346 cloacarum
634 306 743 346 urbis
774 306 853 346 RR.
883 307 1052 346 restituit
1075 307 1292 348 secundum
1315 305 1625 360 praecedentem
1647 313 1736 349 ter-

120 365 387 406 minationem.
421 365 539 406 Prox.
572 365 672 418 cipp.
705 363 794 418 ped.
827 363 974 404 XLIIII.
1017 389 1073 394 -—
1114 368 1190 405 Atti
1234 368 1320 406 dell'
1359 368 1538 405 accadem.
1579 381 1670 407 rom.
1703 370 1738 407 di

121 427 333 474 archeolog.
370 427 468 463 Tom.
499 426 558 463 IX.
590 439 624 474 p.
657 426 754 463 469.

264 501 386 540 1412.
446 499 539 553 Imp.
586 499 701 540 Caes.
744 501 794 541 M.
834 498 1020 540 Aurelius
1063 499 1288 541 Antoninus
1330 500 1432 555 Aug.
1473 501 1586 542 Pont.
1632 514 1737 542 max.

121 559 228 600 Trib.
260 564 405 612 potest.
437 559 509 599 XV
543 558 632 600 Cos.
666 558 724 598 Ill.
764 559 856 612 Imp.
891 558 1005 599 Caes.
1037 559 1081 598 L.
1115 559 1303 600 Aurelius
1336 560 1465 601 Verus
1495 559 1598 612 Aug.
1632 560 1738 601 Trib.

119 623 201 672 pot.
236 617 406 658 Cos....
440 618 632 658 terminos
667 622 864 657 vetustate
898 618 1095 671 collapsos
1127 619 1400 659 exaltaverunt
1431 620 1615 673 proximo
1649 623 1739 659 ter-

119 678 224 717 mino
256 676 424 729 ped....
458 677 611 729 positos
645 689 697 716 ex
728 677 966 716 auctoritate
998 676 1091 729 Imp.
1127 676 1238 718 Caes.
1273 677 1430 718 Nervae
1453 678 1609 718 Traiani
1635 677 1738 732 Aug.

120 739 285 776 curante
316 734 365 775 A.
398 735 596 775 Plaetorio
631 766 731 775 .....
764 735 846 775 lote
879 734 1168 789 Calpliurniano
1203 736 1332 777 Curat.
1377 736 1480 777 alvei
1512 737 1666 778 Tiberis
1700 742 1741 778 et

119 794 293 847 riparum
327 799 366 834 et
398 793 625 835 cloacarum
658 794 778 834 urbis.
813 818 868 822 ——
900 797 1046 834 Romae.
1100 798 1223 833 Murat.
1258 798 1357 844 455,
1392 798 1428 835 3.

264 872 386 910 1413.
448 869 580 911 Locus
599 870 829 923 adsignatus
849 871 896 911 ab
920 870 1045 924 Nigro
1069 875 1108 910 et
1129 870 1379 913 Cosconiano
1397 870 1486 912 Cur.
1504 883 1568 925 op.
1590 871 1683 925 pub.
1702 869 1738 926 ¹)

118 951 175 959 ·—-
207 932 289 969 Fab.
323 944 356 980 p.
392 931 486 968 712.
534 932 645 968 lIIorc.
680 931 744 980 Op.
778 944 834 980 ep.
866 932 908 968 II.
945 932 1038 968 139.

263 1007 384 1045 1414.
448 1005 492 1045 T.
526 1005 734 1053 Quinctius
767 1005 969 1059 Crispinus
1002 1005 1261 1056 Valerianus,
1300 1005 1339 1046 C.
1374 1006 1614 1060 Calpetanus
1646 1006 1740 1049 Sta-

118 1065 195 1105 tius
227 1064 371 1113 Rufus,
405 1064 446 1105 C.
478 1064 687 1104 Petronius
711 1064 935 1115 Umbrinus,
968 1064 1017 1105 M.
1043 1064 1210 1105 Cressus
1234 1065 1354 1120 Frugi
1378 1065 1591 1106 Curatores
1613 1065 1739 1108 locor.

118 1123 313 1178 publicor.
346 1122 544 1164 iudicand.
578 1135 629 1163 ex
662 1123 699 1165 S.
735 1123 775 1164 C.
809 1136 930 1164 causa
964 1124 1124 1177 cognita
1157 1135 1208 1164 ex
1239 1124 1394 1177 privato
1426 1125 1465 1165 in
1497 1125 1639 1179 public.
1666 1138 1740 1166 re-

118 1184 273 1224 stituer.
308 1204 364 1211 —-
397 1185 494 1221 Grut.
527 1197 561 1234 p.
596 1184 692 1221 200.
739 1185 848 1221 lIIorc.
881 1185 957 1221 Stil.
990 1185 1150 1222 CCLXII.

263 1260 385 1299 1415.
447 1259 553 1299 Finis
596 1259 700 1299 inter
740 1259 938 1312 publicum
979 1263 1019 1298 et
1060 1259 1269 1311 privatum.
1314 1282 1368 1288 -—
1410 1262 1533 1300 Murat.
1575 1275 1610 1312 p.
1643 1263 1741 1302 495.

117 1321 228 1358 Morc.
261 1321 326 1370 Op.
359 1332 416 1369 ep.
448 1320 492 1357 11.
528 1319 621 1356 140.

263 1397 386 1435 1416.
445 1393 617 1448 Lapides
649 1392 855 1447 profanei3
888 1393 994 1434 intus
1026 1405 1196 1434 sacrum.
1231 1417 1282 1423 -
1317 1397 1419 1434 Fabr.
1442 1410 1477 1446 p.
1503 1398 1599 1436 674.
1631 1398 1741 1437 More.

119 1457 296 1495 CCLXVI.

656 1569 870 1604 Locorum
896 1571 1201 1615 privatorum.

261 1667 386 1707 1417.
446 1665 518 1706 Hic
548 1665 680 1719 paries
713 1666 932 1707 communis
965 1671 1027 1707 est
1057 1666 1327 1720 intergerivos
1367 1679 1455 1708 cum
1486 1666 1600 1709 Ilisso
1634 1666 1742 1710 Cae-

116 1726 219 1768 saris
251 1725 355 1780 Aug.
388 1725 599 1779 Diogenia.
632 1725 815 1780 Diogeni.
861 1725 1041 1766 Caesaris
1084 1725 1221 1767 llissus
1263 1726 1501 1781 Diogenian.
1535 1725 1641 1767 fecit.
1690 1749 1741 1756 —

117 1788 327 1836 Sinigaglia.
360 1787 452 1824 Noel
487 1787 550 1823 des
583 1787 758 1835 Vergers,
791 1787 824 1824 in
857 1787 978 1824 Revue
1013 1788 1057 1823 de
1089 1788 1295 1833 Pliilologie
1326 1788 1352 1825 I.
1385 1801 1418 1837 p.
1454 1788 1548 1826 527.

262 1862 385 1901 1418.
446 1859 487 1901 In
520 1873 620 1915 agro
652 1861 693 1902 P.
726 1861 858 1902 Pacilii
890 1861 1080 1901 terminus
1115 1866 1219 1902 totus
1252 1866 1313 1902 est
1345 1862 1541 1903 conlocat.
1583 1886 1640 1893 -
1683 1866 1743 1904 Sic

118 1924 171 1961 bis
213 1923 249 1960 in
290 1923 373 1960 eod.
415 1922 578 1960 termino.
619 1922 754 1960 Marini.
809 1923 1000 1970 vignolius
1042 1935 1076 1972 p.
1111 1922 1205 1960 324.
1260 1923 1383 1960 Murat.
1425 1937 1459 1973 p.
1493 1924 1590 1962 491.
1646 1925 1742 1963 Orel.

120 1982 246 2020 4333.

265 2058 386 2095 1419.
449 2054 594 2110 Cippus
627 2056 774 2109 primus
818 2055 974 2097 defixus
1017 2061 1101 2097 erat
1135 2061 1273 2097 contra
1306 2056 1495 2110 angulum
1530 2056 1743 2100 dexterio-

119 2128 203 2158 rem
243 2116 487 2157 monumenti
530 2115 733 2156 Rusticelli
766 2120 802 2156 et
846 2117 983 2156 aberat
1024 2116 1070 2155 ab
1104 2120 1243 2157 trunco
1286 2117 1526 2157 monumenti
1563 2117 1602 2157 P.
1638 2119 1682 2157 V.
1700 2115 1740 2172 2)

121 2179 161 2215 et
192 2175 240 2216 ab
273 2179 472 2215 structura
514 2187 640 2228 aquae
682 2175 847 2215 clusaris
887 2175 927 2215 P.
961 2171 1090 2230 VS.3)
1125 2198 1175 2204 ——
1211 2179 1356 2214 Romae.
1400 2179 1544 2216 Fabret.
1576 2191 1610 2228 p.
1645 2178 1742 2218 239.

121 2237 230 2274 Morc.
264 2236 328 2286 Op.
360 2236 404 2273 ΙΙ.
441 2235 533 2273 140.

267 2313 392 2350 1420.
454 2310 591 2351 Partes
623 2311 821 2352 introrsus
854 2310 901 2351 ad
933 2311 1036 2351 viam
1069 2309 1275 2364 Campana.
1292 2308 1333 2366 4)
1375 2323 1515 2353 versus
1558 2311 1606 2352 ad
1638 2324 1741 2365 pro-

122 2371 213 2412 xim.
246 2370 402 2424 cippum
434 2371 622 2423 proprius
639 2367 678 2425 ⁵)
712 2371 751 2411 in
783 2370 874 2411 loco
903 2371 1065 2424 proprio
1093 2370 1269 2412 hortoru.
1294 2370 1604 2412 Cocceianorum
1628 2372 1743 2412 oneri

123 2428 296 2470 ferundo
327 2429 523 2483 vigiliario
556 2429 663 2481 quod
697 2435 758 2470 est
789 2429 993 2470 hortorum
1026 2430 1270 2470 Titianorum
1303 2430 1454 2471 Noniae
1488 2429 1528 2470 C.
1560 2430 1603 2471 F.
1619 2427 1659 2484 ⁶)
1693 2430 1740 2472 R.

124 2489 170 2531 R.
204 2488 247 2529 L.
281 2488 322 2528 Ρ.
354 2487 447 2528 LVI.
465 2485 499 2537 7)
542 2511 598 2517 —-
641 2491 716 2527 Atti
759 2490 843 2527 dell'
885 2491 1064 2528 acc-adem.
1106 2502 1195 2528 rom.
1229 2491 1264 2528 di
1296 2493 1506 2540 archeolog.
1548 2492 1647 2529 Tom.
1679 2491 1740 2531 IX.

125 2563 210 2600 pag.
243 2549 340 2586 471.
388 2550 523 2586 Preller
555 2549 741 2597 Regionen
774 2551 890 2586 Roms.
924 2563 957 2598 p.
992 2550 1057 2586 96.
1090 2554 1164 2587 not.

270 2625 391 2662 1421.
452 2624 558 2664 Inter
600 2623 699 2665 duos
742 2625 915 2677 parietes
957 2624 1124 2664 ambitus
1166 2625 1303 2677 privat.
1350 2625 1456 2665 Flavi
1498 2624 1641 2666 Sabini.
1683 2647 1741 2657 -—

125 2686 269 2723 Romae.
315 2685 413 2722 Grut.
446 2697 480 2733 p.
513 2684 608 2722 200.
651 2687 794 2723 Nardin.
827 2686 926 2723 Rom.
957 2685 1020 2733 IV,
1054 2685 1089 2723 7.
1132 2686 1241 2724 Morc.
1274 2687 1351 2724 Stil.
1384 2687 1568 2725 CCMXXI.
1601 2688 1740 2726 Preller

127 2745 325 2793 Regionen.
357 2757 391 2793 p.
430 2743 522 2781 199.
554 2748 630 2782 not.

271 2859 308 2904 1)
334 2860 554 2896 Curatoribus
579 2872 723 2905 operum
757 2862 980 2906 publicorum.
1015 2879 1059 2884 —-
1093 2860 1132 2903 2]
1158 2861 1262 2905 pedes
1297 2862 1453 2907 quinque.
1487 2878 1533 2885 ——-
1565 2862 1605 2906 3)
1631 2864 1738 2907 pedes

130 2908 276 2952 quinque
300 2911 411 2943 semis.
448 2927 490 2931 ——-
516 2908 555 2952 4)
582 2909 797 2954 Campanam.
827 2927 864 2932 —
895 2906 932 2950 5)
958 2908 1087 2943 Preller
1110 2910 1260 2954 supplet:
1286 2909 1386 2943 locus.
1414 2926 1455 2931 —
1482 2908 1521 2953 6)
1546 2910 1617 2946 Caii
1636 2912 1737 2947 filiae.

132 2972 175 2978 --
201 2954 239 2998 7)
264 2961 358 2990 recta
382 2958 525 3001 regione
551 2956 690 3001 longum
715 2957 821 3001 pedes
846 2955 925 2989 LVI.
