1877 3313
134 160 219 203 338
573 155 676 190 Inscr.
701 156 874 201 profanae.
923 155 1004 200 Cap.
1030 155 1070 190 ΙΙ.
1120 155 1279 190 Tabulae.

273 261 441 315 'regulas
477 273 617 302 omnes
649 266 688 301 et
719 262 894 316 impensa
936 261 985 302 de
1024 262 1168 303 casulis
1198 261 1291 301 item
1322 261 1507 303 cannabis
1545 266 1584 302 et
1614 262 1726 304 aedi-

132 324 230 364 ficiis
262 321 414 361 idoneis
447 320 609 373 adsigna
647 319 820 361 Adrasto
861 320 1111 373 procuratori
1142 320 1347 360 columnae
1389 319 1466 359 divi
1506 318 1649 372 Marci,
1687 326 1729 362 ut

136 381 185 422 ad
217 380 456 433 voluptatem
491 390 599 419 suam
632 377 841 431 hospitium
874 379 950 419 sibi
981 383 1170 429 exstruat,
1203 377 1310 430 quod
1342 383 1384 419 ut
1414 377 1632 419 habeatsui
1662 380 1729 419 iu-

131 440 188 479 riS
224 442 263 477 et
293 437 339 477 ad
372 436 542 476 heredes
573 438 818 477 transmittat.
864 437 1038 477 Litterae
1070 436 1183 477 datae
1215 435 1297 477 VIII
1325 435 1414 477 Idus
1446 435 1549 490 Aug.
1581 436 1729 478 Romae

131 496 300 537 Falcone
332 499 371 534 et
402 494 517 535 Claro
550 495 640 535 Cos.
662 492 698 548 ¹)

268 553 406 594 Aelius
423 552 597 592 Achilles
620 552 660 593 C.
678 553 721 593 L.
745 554 962 605 Perpetuus
979 553 1182 594 Flavianus
1200 553 1401 605 Eutychus
1418 552 1578 605 Aquilio
1595 553 1727 593 Felici.

270 610 465 652 Hadrasto
496 611 599 664 Aug.
633 611 697 651 lib.
729 611 777 651 ad
809 612 1024 652 aedilicium
1057 611 1164 664 quod
1196 610 1399 652 custodiae
1423 624 1542 652 causa
1573 611 1729 652 colum-

129 683 205 711 nae
237 670 486 710 centenariae
516 671 682 721 pecunia
714 682 785 710 sua
817 674 1090 711 exstructurus
1123 674 1198 720 est,
1228 670 1425 722 tignorum
1446 669 1570 710 vehes
1591 669 1729 710 decem

132 729 265 781 quanti
297 728 393 769 fisco
427 729 690 769 constiterunt
721 740 806 768 cum
838 733 998 780 pontem
1030 740 1199 769 necesse
1230 727 1304 768 fuit
1335 728 1534 782 compingi
1560 728 1729 781 petimus

130 787 214 827 dari
245 787 393 897 iube3s.
435 786 590 826 Literae
633 785 745 826 datae
777 786 876 826 XIIII
907 786 991 827 Kal.
1024 786 1129 839 Sept.
1171 786 1320 827 Romae
1363 787 1531 827 Falcone
1563 789 1602 827 et
1633 784 1728 827 Cla·-

129 858 177 887 ro
210 844 297 886 Cos.
324 843 334 866 ¹

268 902 496 943 Rationales
529 902 619 944 Seio
636 900 676 956 2)
709 903 918 956 Superstiti
950 908 989 943 et
1019 903 1140 944 Fabio
1171 903 1328 957 Magno.

270 962 514 1002 Procurator
543 961 751 1001 columnae
783 962 1033 1002 centenariae
1067 961 1143 1001 divi
1183 960 1306 1002 Marci
1336 966 1545 1002 exstruere
1576 961 1732 1002 habita-

129 1020 277 1061 tionem
308 1020 345 1060 in
379 1019 633 1060 conterminis
664 1019 760 1060 locis
792 1020 925 1060 iussus
958 1031 1055 1072 opus
1089 1019 1362 1073 adgredietur,
1395 1020 1427 1060 si
1458 1015 1729 1060 auctoritatem

130 1083 302 1120 vestram
325 1079 535 1131 acceperit.
563 1078 731 1118 Petimus
765 1079 896 1132 igitur,
928 1090 1076 1129 aream,
1108 1090 1224 1130 quam
1247 1076 1574 1119 demonstraverit
1595 1077 1729 1118 Adra-

130 1142 216 1178 stus
243 1136 307 1176 lib.
331 1137 377 1176 D.
399 1136 444 1176 N.
461 1134 500 1190 3)
534 1136 734 1190 adsignari
754 1134 796 1191 ⁴)
831 1137 866 1176 ei
889 1137 1056 1176 lubeatis
1078 1140 1328 1188 praestaturo
1350 1136 1570 1176 secundum
1590 1149 1730 1176 exem-

129 1196 236 1249 plum
268 1200 516 1235 caeterorum
548 1194 746 1234 solarium.
783 1194 955 1234 Litterae
978 1194 1090 1234 datae
1111 1193 1175 1234 VII
1197 1193 1288 1234 Idus
1311 1194 1400 1248 Sep.
1431 1194 1601 1244 Romae3
1632 1194 1730 1235 red-

131 1253 236 1293 ditae
266 1252 333 1293 1111
355 1252 444 1293 ldus
476 1253 581 1305 Sept.
623 1253 771 1293 Romae
814 1253 937 1293 isdem
979 1252 1068 1293 Cos.
1101 1275 1155 1280 ——
1188 1255 1340 1292 Marmor
1379 1256 1511 1292 Romae
1548 1260 1729 1304 repertum

134 1313 257 1350 1777.
314 1314 444 1350 Primus
489 1314 544 1349 ed.
577 1314 694 1350 Marin.
728 1314 760 1349 in
793 1314 881 1350 folio
922 1314 1076 1350 volante.
1113 1313 1181 1349 Fea
1222 1314 1266 1349 ad
1297 1313 1510 1350 XVinckeIm.
1541 1314 1639 1351 Tom.
1669 1313 1729 1350 111.

130 1385 166 1421 p.
199 1372 293 1408 350.
337 1372 477 1408 Guasco
519 1372 603 1407 Mus.
646 1372 758 1418 Capit.
799 1372 907 1408 Inscr.
939 1373 1036 1408 Tom.
1068 1371 1125 1407 III.
1157 1384 1191 1419 p.
1227 1371 1317 1408 113.
1359 1372 1553 1409 Amaduzzi
1593 1371 1729 1409 Anecd.

131 1431 182 1466 Iit.
223 1431 321 1466 Tom.
362 1430 421 1466 IV.
461 1442 494 1477 p.
529 1429 622 1465 521.
666 1429 774 1466 Orell.
808 1430 874 1466 39.
923 1429 994 1466 Fea
1025 1430 1233 1466 Framment.
1276 1430 1308 1467 d.
1351 1431 1427 1467 fast.
1469 1443 1501 1480 p.
1533 1430 1727 1468 LXXV.—

131 1488 300 1528 LXXVII.
334 1488 430 1525 cuius
462 1488 661 1536 exemplum
695 1499 757 1524 nos
789 1487 977 1534 sequimur.

131 1655 169 1696 §-
201 1651 237 1688 6.
297 1649 498 1699 Appendisr
539 1651 741 1687 edictorwn
774 1655 808 1686 et
837 1651 1100 1697 rescriptorum
1129 1651 1341 1698 principum
1378 1656 1412 1687 et
1441 1651 1729 1698 magistratuum

228 1719 471 1746 romanorum
501 1711 541 1745 in
572 1708 762 1745 codicibus
793 1710 1058 1755 manuscriptis
1089 1709 1245 1744 seorsim
1276 1709 1335 1745 rel
1365 1709 1466 1757 apud
1495 1714 1638 1746 veteres

692 1768 890 1814 scriptores
931 1772 1171 1803 servatorum.

133 1894 333 1928 Edictum
366 1892 439 1928 Cn.
474 1892 653 1926 Domitii
687 1891 941 1925 Aenobarbi
977 1898 1018 1925 et
1047 1891 1206 1925 Licinii
1239 1891 1385 1926 Crassi
1414 1891 1652 1926 Censorum
1677 1893 1727 1926 de

556 1939 830 1973 coercendis
855 1939 1114 1972 rhetoribus
1141 1938 1309 1972 latinis.

276 2036 398 2074 1725.
459 2036 512 2072 Ex
543 2035 719 2072 Suetonio
762 2036 813 2071 De
851 2035 952 2072 claris
996 2034 1200 2071 rhetoribus
1241 2047 1317 2083 cap.
1354 2035 1388 2073 1.
1418 2040 1454 2072 et
1494 2034 1596 2072 Gellii
1625 2035 1727 2072 Noet.

133 2096 207 2133 Att.
238 2095 328 2142 XV.‚
364 2095 428 2131 11.
470 2098 684 2142 receperunt
724 2094 910 2130 lllorcellus
954 2094 1005 2129 De
1045 2093 1114 2129 stit.
1147 2106 1178 2129 n.
1210 2093 1340 2130 CCCV.
1383 2094 1441 2141 qui
1472 2094 1728 2131 commentario

133 2154 344 2200 illustravit3
376 2153 539 2189 IIaubold
570 2153 721 2189 Menum.
751 2153 823 2198 leg.
852 2164 884 2199 p.
919 2152 994 2196 793
1026 2151 1149 2198 Egger
1175 2152 1247 2188 Lat.
1274 2163 1428 2189 sermon.
1450 2152 1552 2200 reliq.
1573 2165 1607 2201 p.
1634 2152 1726 2189 156.

133 2212 294 2249 Edictum
325 2212 572 2259 assignandum
604 2215 658 2246 est
690 2221 780 2246 anno
814 2222 844 2245 u.
877 2222 906 2245 c.
939 2209 1044 2254 6613
1077 2222 1106 2246 a.
1139 2210 1200 2246 Ch.
1235 2209 1300 2247 92.

276 2285 554 2326 Renuntiatum
587 2289 647 2324 cst
677 2284 813 2335 nolus,
844 2295 934 2323 esse
965 2283 1141 2323 homines
1174 2283 1238 2335 qui
1269 2295 1412 2324 novum
1443 2295 1572 2336 genus
1604 2282 1728 2324 disci-

134 2344 262 2397 plinae
293 2344 564 2392 instituerunt,
604 2342 650 2383 ad
683 2354 782 2394 quos
813 2342 998 2381 iuventus
1030 2342 1068 2381 in
1101 2341 1233 2381 ludum
1276 2343 1483 2382 conveniat
1493 2355 1505 2390 3
1544 2353 1616 2382 eos
1655 2341 1729 2382 sibi

135 2414 280 2442 nomen
311 2401 547 2454 imposuisse
578 2400 719 2440 latinos
751 2399 952 2446 rhetoras;
993 2400 1044 2439 ibi
1077 2398 1255 2439 homines
1286 2399 1605 2440 adulescentulos
1643 2398 1728 2439 dies

135 2465 242 2501 totos
273 2458 468 2500 desidere.
526 2458 696 2498 Maiores
729 2458 876 2507 nostri,
919 2470 1020 2509 quae
1061 2457 1207 2498 liberos
1245 2469 1340 2497 suos
1371 2457 1527 2498 discere
1559 2462 1598 2497 et
1628 2468 1728 2509 quos

134 2519 175 2558 in
206 2517 321 2558 ludos
353 2518 449 2557 itare
481 2516 650 2566 vellent,
692 2516 957 2556 instituerunt.
996 2516 1102 2555 Haec
1134 2527 1257 2564 nova,
1298 2527 1399 2567 quae
1438 2519 1596 2567 praeter
1627 2526 1728 2555 con-

138 2576 388 2617 suetudinem
419 2587 465 2614 ac
495 2586 643 2614 morem
674 2574 865 2614 maiorum
896 2573 1004 2623 fiunt⁷
1037 2585 1166 2625 neque
1196 2572 1351 2625 placent
1381 2585 1511 2626 neque
1531 2576 1640 2613 recta
1661 2573 1728 2612 vi-

139 2633 293 2674 dentur.
338 2633 587 2684 Quapropter
618 2636 656 2671 et
686 2633 746 2682 iis,
779 2632 845 2683 qui
877 2643 947 2671 eos
979 2630 1092 2672 ludos
1124 2631 1280 2681 habent,
1310 2636 1350 2670 et
1380 2631 1442 2681 iis,
1474 2631 1541 2683 qui
1572 2642 1622 2671 eo
1653 2642 1728 2670 ve-

137 2692 223 2731 nire
254 2695 569 2739 consueverunt,
611 2689 736 2730 visum
778 2694 838 2729 est
869 2688 1088 2729 faciundum
1131 2694 1171 2729 ut
1212 2687 1514 2729 ostenderemus
1553 2691 1727 2729 nostram

140 2750 384 2801 sententiam,
415 2748 528 2788 nobis
559 2759 638 2788 non
668 2748 835 2800 placere.

282 2897 353 2943 1)p.
379 2899 456 2934 Chr.
481 2898 559 2934 193.
596 2915 635 2921 -
669 2897 706 2942 2)
732 2897 839 2933 Saeio.
865 2896 967 2932 Orell.
1006 2915 1046 2922 —-
1081 2896 1118 2940 3)
1144 2897 1283 2932 libertus
1317 2897 1440 2932 domini
1466 2897 1579 2931 nostri.
1612 2912 1654 2919 ·-·
1687 2893 1727 2939 4)

141 2944 321 2989 adsiqnare.
348 2944 449 2980 Orell.
