1877 3313
121 184 205 228 378
571 181 673 217 lusor.
699 181 883 227 profanae.
931 180 1013 224 Cap.
1037 179 1078 215 ΙΙ.
1120 179 1280 216 Tabulae.

120 293 275 332 nitatem
307 288 379 330 hac
419 289 586 330 maxime
618 301 671 329 ex
702 301 824 330 causa
866 288 1172 341 concupivisse,
1213 287 1268 328 uti
1312 287 1475 341 patriam
1505 299 1615 329 suam
1645 293 1726 330 tum

118 353 297 391 ornatam
327 354 408 389 tum
450 348 497 388 ab
541 348 722 388 omnibus
764 348 914 388 iniuriis
963 351 1082 387 tutam
1113 345 1356 399 defensamq.
1397 351 1631 399 praestaret,
1660 348 1726 388 in-

117 408 229 448 terim
269 412 361 460 aput
401 406 553 448 iudices
596 419 618 446 a
660 406 831 447 Caesare
873 405 985 446 datos
1027 405 1181 445 interim
1223 409 1314 457 aput
1343 406 1472 458 ipsum
1501 405 1725 458 Imperato-

118 479 205 506 rem
237 466 367 507 causis
397 465 563 518 publicis
595 463 890 518 patrocinando,
923 475 1025 516 quos
1058 476 1147 504 cum
1191 463 1342 504 iusticia
1384 463 1503 503 divini
1533 463 1724 518 Principis

118 529 197 566 tum
228 537 298 565 sua
330 525 471 564 eximia
503 536 550 564 ac
580 523 886 577 prudentissima
919 523 1100 563 oratione
1132 533 1294 575 semper
1325 522 1439 562 nobis
1472 534 1561 562 cum
1592 522 1727 563 victo-

118 584 176 624 ria
208 582 402 624 firmiores
432 583 582 623 remisit
593 596 603 632 ;
645 595 697 622 ex
728 583 909 635 proximo
941 593 1061 631 vem,
1105 585 1146 621 ut
1177 580 1449 621 manifestatur
1488 580 1727 622 caelestibus

116 642 257 683 litteris
287 641 477 683 Antonini
507 641 614 695 Aug.
645 641 723 691 Pii,
766 645 842 680 tam
884 639 1055 680 feliciter
1098 638 1338 679 desiderium
1380 639 1579 692 publicum
1622 638 1728 692 apud

119 713 208 742 eum
241 700 291 741 sit
321 704 560 753 prosecutus
591 699 858 753 impetrando,
903 703 946 739 ut
990 697 1105 738 Carni
1137 697 1339 750 Catalique
1371 697 1543 738 attributi
1574 710 1596 738 a
1627 697 1726 739 Divo

117 759 301 814 Augusto
334 760 400 799 Pio
432 759 492 799 rei
523 758 703 811 publicae
736 762 896 799 nostrae
938 761 1058 809 prout
1100 757 1167 809 qui
1209 756 1449 797 meruissent
1481 756 1558 797 vita
1599 755 1727 809 adque

121 831 244 859 censu
275 831 348 871 per
378 816 582 858 aedilitatis
614 816 782 870 gradum
815 817 853 856 in
886 816 1031 856 curiam
1064 819 1239 855 nostram
1263 814 1566 855 admitterentur
1588 827 1634 856 ac
1654 827 1728 868 per

118 877 196 917 hoc
227 877 423 918 civitatem
455 888 654 917 romanam
687 876 980 929 apiscerentur,
1011 877 1050 914 et
1081 874 1276 914 aerarium
1309 878 1488 914 nostrum
1521 872 1656 913 ditavit
1687 877 1728 913 et

120 936 266 977 curiam
297 940 471 976 nostram
493 934 701 988 complevit
725 938 763 973 et
784 934 1006 973 universam
1029 944 1152 985 remp.
1185 932 1229 972 N.
1252 945 1340 972 cum
1363 932 1477 973 novis
1501 931 1668 974 coloniis
1688 929 1725 986 ¹)

121 994 315 1048 ampliavit
344 993 583 1034 admittendo
615 992 662 1033 ad
696 993 887 1032 honorum
912 991 1227 1032 communionem
1261 996 1300 1030 et
1332 991 1628 1044 usurpationem
1652 1002 1726 1031 ro-

121 1066 259 1095 manae
291 1053 458 1093 civitatis
490 1057 529 1093 et
559 1052 746 1104 optimum
778 1056 815 1091 et
854 1050 1204 1103 locupletissimum
1237 1061 1459 1102 quemque,
1502 1053 1544 1089 ut
1573 1049 1728 1090 scilicet

123 1113 189 1166 qui
221 1111 313 1153 olim
344 1116 456 1152 erant
487 1114 632 1151 tantum
666 1112 702 1149 in
734 1108 891 1149 redditu
923 1108 1151 1162 pecuniario
1184 1120 1286 1148 nunc
1318 1113 1356 1148 et
1377 1109 1415 1148 in
1436 1107 1504 1148 illo
1526 1108 1614 1161 ipso
1645 1106 1726 1148 du-

121 1171 211 1224 plici
243 1169 399 1224 quidem
430 1182 502 1222 per
534 1168 769 1209 honorariae
802 1168 1113 1208 numerationem
1153 1167 1452 1220 repperiantur,
1494 1170 1535 1206 ut
1576 1171 1617 1206 et
1652 1166 1727 1218 ipsi

121 1231 212 1281 sint,
245 1242 334 1270 cum
367 1229 508 1282 quibus
541 1239 701 1267 munera
734 1226 1017 1267 decurionatus
1049 1227 1120 1265 iam
1143 1230 1183 1265 ut
1206 1225 1340 1277 paucis
1363 1237 1536 1266 onerosa
1557 1224 1726 1265 honeste

122 1288 171 1328 de
203 1288 320 1342 pleno
351 1287 675 1340 compartiamur;
709 1285 836 1337 adque
868 1286 1034 1338 gratiam
1064 1283 1280 1324 habendam
1313 1284 1414 1324 utin
1434 1282 1594 1324 saecula
1626 1295 1726 1336 per-

124 1359 349 1388 mensuram
381 1344 571 1386 eiusmodi
604 1343 800 1384 beneficio
841 1348 1071 1397 oportuerat
1111 1342 1268 1394 quidem
1300 1343 1334 1383 si
1364 1342 1450 1382 fieri
1481 1345 1641 1395 posset,
1679 1354 1727 1383 ac

121 1407 155 1447 si
195 1404 438 1446 verecundia
490 1403 693 1445 clarissimi
744 1403 815 1442 viri
856 1402 1101 1455 permitteret
1142 1402 1350 1442 universos
1390 1413 1464 1442 nos
1504 1400 1668 1442 Romam
1683 1398 1725 1455 ²)

120 1465 182 1505 ire
215 1469 253 1504 ct
284 1464 428 1517 gratias
461 1463 497 1503 ei
528 1463 632 1503 iuxta
665 1461 848 1513 optimum
881 1461 1097 1513 principem
1129 1472 1275 1513 agere3
1307 1459 1379 1501 sed
1411 1460 1597 1513 quoniam
1628 1472 1725 1500 cer-

125 1527 205 1564 tum
234 1527 294 1563 est
315 1522 444 1573 nobis,
477 1532 691 1562 onerosum
724 1520 760 1559 ci
791 1518 965 1560 futurum
999 1518 1074 1559 tale
1097 1523 1274 1559 nostrum
1296 1518 1482 1570 officium,
1513 1517 1597 1559 illut
1617 1522 1727 1559 certe

125 1582 306 1636 proxime
337 1580 423 1620 sieri
455 1584 664 1633 oport....
696 1590 747 1618 no
778 1582 943 1618 statuam
967 1578 1001 1617 ei
1024 1581 1197 1617 auratam
1219 1581 1446 1629 equestrem
1469 1578 1596 1630 primo
1620 1589 1727 1630 quo-

125 1653 205 1694 que
237 1644 416 1693 tempore
448 1639 488 1679 in
532 1637 791 1678 celeberrima
831 1636 905 1676 sori
948 1636 1073 1676 nostri
1105 1640 1214 1688 parte
1256 1636 1349 1688 poni
1380 1641 1420 1675 et
1456 1636 1493 1676 in
1524 1636 1609 1677 basi
1639 1636 1726 1676 eius

125 1699 227 1741 hanc
258 1703 432 1739 nostram
465 1697 772 1738 consensionem
803 1694 934 1747 adque
966 1695 1040 1735 lioc
1067 1693 1271 1734 ‹lccrctum
1293 1694 1465 1745 inscribi,
1497 1696 1554 1735 uti
1575 1693 1624 1734 ad
1649 1706 1728 1747 po-

123 1764 254 1799 steros
285 1761 446 1797 nostros
480 1760 555 1796 tam
587 1754 767 1796 voluntas
800 1753 1023 1805 amplissimi
1056 1753 1129 1793 viri
1163 1765 1278 1805 quam
1313 1751 1416 1793 sacta
1450 1757 1727 1806 permaneant3

123 1817 281 1869 petique
314 1828 335 1855 a
367 1814 486 1855 Fabio
519 1815 625 1853 Vero
658 1813 824 1866 egregio
864 1812 947 1851 viro
982 1815 1092 1864 patre
1124 1811 1282 1862 Severi,
1325 1812 1379 1851 uti
1411 1810 1729 1864 quandoquidem

124 1879 164 1915 et
195 1878 456 1915 commentum
490 1872 564 1912 hoc
596 1872 720 1924 ipsius
752 1872 802 1911 sit
834 1870 1115 1923 providentiae,
1150 1883 1227 1922 qua
1258 1882 1342 1910 rem
1376 1870 1569 1922 publicam
1589 1869 1637 1910 N.
1662 1870 1729 1910 in-

123 1933 308 1986 fatigabili
340 1944 434 1973 eura
467 1931 676 1983 gubernat,
708 1934 747 1969 et
779 1931 815 1969 in
850 1929 924 1969 hoc
956 1929 1096 1982 pignus
1129 1927 1271 1980 publici
1304 1927 1500 1980 beneficii,
1533 1929 1639 1981 quod
1662 1933 1728 1970 ta-

123 1992 200 2032 lem
233 1992 345 2032 uobis
378 1995 417 2030 ct
449 1990 617 2043 imperio
650 1988 775 2028 civem
810 1988 1033 2040 procreavit
1064 1991 1181 2039 atque
1214 1986 1420 2032 formavit,
1462 1988 1574 2028 cuius
1607 1999 1730 2040 opera

125 2050 294 2103 studioq.
328 2054 368 2089 et
398 2049 619 2089 ornatiores
653 2051 690 2086 ct
724 2047 887 2087 tutiores
922 2047 958 2085 in
1003 2045 1086 2085 (lies
1119 2058 1192 2086 uos
1232 2047 1355 2098 magis
1387 2047 1598 2100 magisque
1628 2058 1728 2087 sen-

126 2111 278 2161 tiamus,
311 2108 364 2148 uti
395 2120 442 2147 ca
475 2106 670 2160 placuisse
702 2105 739 2144 in
772 2106 871 2145 lianc
903 2116 984 2144 rem
1017 2103 1226 2144 adsensum
1259 2116 1373 2144 suum
1406 2104 1532 2158 legari
1563 2103 1729 2145 manda-

124 2169 237 2220 rique
270 2167 343 2208 sibi
367 2168 584 2219 permittat,
617 2164 669 2204 nli
702 2165 848 2216 gratias
881 2162 1036 2216 publice
1070 2161 1285 2203 clarissimo
1317 2163 1402 2203 viro
1436 2161 1621 2203 mandatu
1651 2175 1729 2205 no-

122 2231 207 2267 stro
240 2231 330 2279 agat
361 2230 400 2265 et
430 2223 616 2278 gaudium
656 2223 932 2263 universorum
964 2221 1292 2274 singulorumque
1335 2233 1380 2261 ac
1412 2220 1655 2262 voluntatem
1686 2225 1729 2263 ut

125 2285 314 2339 magister
345 2284 475 2324 talium
505 2295 637 2323 rerum
670 2281 707 2320 in
741 2281 915 2323 notitiam
949 2280 1034 2320 eius
1068 2279 1253 2332 perferat.

267 2343 527 2383 Censuerunt.

269 2427 390 2464 1754.
450 2424 496 2464 Τ.
525 2422 678 2465 Hoenio
711 2421 877 2474 Severo,
910 2421 959 2462 M.
992 2420 1179 2462 Peduceo
1213 2420 1390 2462 Priscino
1422 2419 1511 2462 Cos.
1526 2417 1568 2475 2)
1600 2419 1650 2462 Vl
1679 2420 1725 2462 Κ.

124 2483 220 2525 Dec.
253 2483 412 2524 Decret.
445 2482 579 2523 deeur.

265 2553 380 2602 Quod
412 2553 453 2594 C.
486 2553 650 2594 Caesius
682 2552 872 2594 Silvestcr
904 2551 942 2592 P.
975 2550 1016 2591 P.
1039 2550 1083 2591 V.
1106 2549 1148 2590 F.
1180 2548 1365 2590 Aetrium
1397 2550 1587 2591 Ferocem
1620 2549 1728 2591 Cen-

128 2618 204 2654 tur.
237 2613 314 2668 teg.
346 2613 388 2654 11.
421 2612 577 2653 Traian.
610 2611 736 2653 sortis.
777 2623 850 2664 per
880 2610 1123 2651 incrementa
1152 2607 1300 2662 gradus
1333 2609 1494 2650 militiae
1525 2621 1620 2650 suae
1652 2613 1730 2649 tam

129 2672 295 2727 singulis
334 2683 449 2724 quam
490 2672 588 2724 reip.
630 2683 668 2711 n.
710 2670 895 2722 quotiens
937 2680 1104 2710 necesse
1154 2667 1226 2708 suit
1265 2666 1427 2708 multum
1467 2667 1727 2720 praestitisse,

272 2846 308 2890 1)
334 2849 528 2882 coniectura
555 2853 605 2881 est
630 2847 819 2890 Gottlingii,
853 2847 908 2890 qui
932 2847 966 2879 in
991 2845 1103 2889 lapide
1131 2844 1216 2878 haec
1256 2849 1370 2878 autum
1394 2844 1541 2877 invenit:
1567 2854 1669 2888 remp.
1694 2854 1728 2876 η.

131 2906 203 2927 cun.
230 2896 318 2928 ic...
343 2896 410 2928 niis
434 2893 621 2939 ampliavit.
646 2894 832 2927 Kandlerus
857 2893 958 2936 legit:
987 2904 1088 2936 remp.
1113 2890 1422 2935 n.cmne91niuiis;
1447 2889 1538 2923 unde
1555 2889 1729 2934 Zumptius

132 2943 275 2975 coniecit
299 2941 497 2986 legendum:
531 2952 634 2984 remp.
659 2952 692 2974 η.
719 2942 803 2975 civv.
839 2940 969 2983 egei-cytis
994 2940 1015 2973 i.
1040 2950 1070 2973 c.
1097 2937 1188 2980 (rem
1212 2938 1382 2982 publicam
1416 2942 1565 2971 nostram
1600 2935 1730 2971 civibus

135 2986 312 3032 egregiis).
347 3007 386 3012 —
414 2986 452 3031 2)
478 2987 557 3023 Post
581 2987 657 3023 Chr.
685 2987 761 3021 141.
