1877 3313
119 169 205 213 234
561 167 663 202 Inscr.
689 168 860 213 profanae.
909 166 989 214 Cap.
1016 167 1057 203 ΙΙ.
1105 167 1266 203 Tabulae.

117 271 451 329 scripturamque
482 275 640 327 pecoris
673 274 767 315 dare
807 273 1031 329 debet0¹),
1067 275 1183 315 neive
1225 274 1389 327 amplius
1430 286 1478 315 ea
1519 273 1713 316 aliubeive

118 335 211 375 dare
244 333 402 384 debeto,
434 345 644 386 pequsque
674 330 861 388 ne[cubei
892 332 1006 388 nisei]
1041 335 1080 374 in
1111 346 1160 374 eo
1192 344 1290 387 agro
1322 335 1471 386 pascito
1486 330 1540 387 ²).

256 391 366 439 Quae
406 391 611 444 vectigalia
643 392 680 431 in
712 391 846 433 Africa
878 393 1032 446 publica
1073 392 1207 445 populi
1249 392 1429 432 romanei
1458 396 1572 443 sunt,
1611 404 1714 444 quae

115 451 157 491 L.
191 449 384 491 Caecilius
426 449 493 489 Cn.
539 450 694 490 Domiti.
735 463 844 491 cens.
886 450 1052 491 fruenda
1095 447 1345 503 [locaverunt
1386 449 1714 502 vendideruntve,

117 509 409 561 queiquomque
451 521 498 548 ea
539 509 742 562 vectigalia
792 508 957 550 fruenda
1007 510 1199 549 conducta
1239 507 1495 562 redemptave
1544 508 1715 559 habebit,

117 566 220 619 quod
254 567 305 607 ob
347 579 394 607 ea
436 567 642 619 vectigalia
684 567 848 608 fruenda
889 568 1034 620 populo
1078 567 1172 607 dare
1216 566 1398 617 debebit,
1441 566 1584 606 ubeive
1627 579 1716 607 eam

114 626 320 678 pecuniam
352 624 511 666 solvere
543 625 722 677 debebit,
762 626 799 666 id
832 627 960 666 ibeive
1002 623 1234 680 quominus]
1269 626 1301 665 is
1333 624 1479 678 populo
1512 623 1606 665 dare
1638 623 1715 664 de-

114 685 205 724 beat
236 684 443 735 solvatque
477 697 510 723 e.
545 683 580 723 h.
613 685 636 724 l.
669 697 705 724 n.
739 697 770 724 r.

252 742 356 795 Mag.
389 755 515 795 prove
548 755 648 797 mag.
665 740 706 797 3)
737 744 879 796 qucive
912 755 983 796 pro
1017 755 1065 783 eo
1097 743 1249 795 inperio
1281 741 1426 783 iudicio
1461 739 1556 795 [suo
1589 737 1713 795 quae]

112 800 268 856 publica
300 800 436 854 populi
467 802 618 841 romani
650 802 687 841 in
720 801 852 842 Africa
885 807 976 843 sunt
1007 807 1177 842 eruntve
1209 801 1416 854 vectigalia
1447 799 1617 840 fruenda
1647 799 1714 840 lo-

115 860 218 900 cabit
249 859 466 910 vendctve,
500 872 616 912 quom
649 872 695 900 ea
728 861 933 913 vectigalia
965 859 1134 900 fruenda
1166 860 1308 901 locabit
1340 858 1536 899 vendetve
1551 855 1713 912 4),....

114 915 259 972 [Neive
292 918 363 958 alia
395 917 489 972 lege
520 930 565 958 ea
597 919 806 970 vectigalia
837 918 1001 959 fruenda
1034 919 1162 958 locato
1195 919 1310 958 neive
1350 917 1533 968 vendito,
1573 913 1715 970 atqu]e

114 989 167 1017 ex
196 976 287 1030 lege
319 976 436 1027 dicta,
468 989 582 1028 quam
614 976 656 1017 L.
690 977 817 1017 Caeci.
852 976 918 1016 Cn.
952 977 1063 1017 Doni.
1098 989 1233 1027 cens,
1265 988 1384 1028 quom
1417 987 1556 1016 eorum
1588 986 1714 1028 agro-

109 1047 194 1076 rum
227 1034 435 1088 vectigalia
465 1035 631 1074 fruenda
663 1035 919 1085 locaverunt,
966 1031 1139 1089 {plege]1n
1173 1035 1407 1085 deixerunt,
1449 1034 1566 1073 neive
1608 1033 1716 1085 quod

110 1094 149 1134 in
181 1093 239 1134 eis
270 1094 402 1146 agreis
433 1105 561 1146 pequs
594 1090 845 1147 [pas]cctur,
885 1094 1106 1145 scripturae
1138 1093 1296 1145 pecoris
1329 1092 1420 1145 lege
1437 1089 1475 1145 ⁵)
1510 1088 1715 1146 de[i]cito,

112 1164 191 1204 quo
223 1152 378 1192 inviteis
413 1153 484 1203 eis,
517 1154 609 1204 quei
640 1165 729 1192 eum
763 1164 899 1205 agrurn
924 1151 1176 1204 posidebunt,
1212 1148 1301 1204 [pro
1334 1163 1382 1191 eo
1415 1162 1577 1203 pecore,
1610 1150 1715 1192 obve

111 1210 148 1251 id
181 1209 288 1263 quod
318 1211 357 1250 in
391 1222 440 1250 co
472 1223 569 1263 agro
601 1222 725 1263 pequs
758 1215 954 1263 pascetur,
986 1210 1205 1262 scriptume
1234 1210 1390 1250 nomine
1412 1209 1498 1262 plus
1520 1209 1714 1262 exigatur,

114 1274 231 1321 atque
263 1281 314 1308 ex
345 1269 436 1322 lege
469 1268 583 1318 dicta,
616 1281 729 1321 quain
762 1269 803 1308 L.
828 1268 952 1309 Caeci.
979 1268 1046 1308 Cn.
1070 1268 1182 1309 Doni.
1207 1281 1315 1308 cens.
1340 1268 1470 1322 legem
1492 1266 1714 1308 deixerunt.

252 1327 362 1374 Quae
394 1327 604 1380 vectigalia
636 1329 674 1367 in
706 1327 839 1367 Africa
874 1333 987 1377 sunt,
1031 1340 1133 1378 quae
1167 1327 1235 1367 Cn.
1268 1327 1456 1379 Paperius
1495 1337 1578 1366 cos.
1611 1337 1715 1366 ven-

112 1385 206 1425 didit
237 1385 445 1436 locavitve,
478 1398 524 1425 ca
556 1383 784 1440 qu]ominus
817 1398 869 1425 ex
900 1385 993 1437 Iege
1025 1387 1127 1425 sieut
1158 1390 1417 1438 pareantque,
1450 1397 1564 1438 quam
1585 1384 1715 1438 legem

111 1443 178 1484 Cn.
210 1443 397 1496 Paperius
430 1456 514 1484 cos.
548 1445 605 1484 eis
637 1443 881 1484 veudundeis
915 1441 1094 1497 deixitfi)
1128 1457 1162 1484 e.
1196 1444 1231 1484 h.
1265 1443 1287 1484 1.
1319 1456 1355 1484 n.
1389 1456 1420 1484 r.

112 1587 394 1635 scripturamque
426 1586 568 1633 pecoris
601 1586 688 1622 dare
720 1587 866 1632 debeto,
899 1598 990 1622 neve
1024 1586 1170 1633 amplius
1203 1598 1244 1622 ea
1278 1585 1430 1622 aliubive
1454 1585 1604 1622 aliterve
1626 1585 1713 1621 dare

108 1646 242 1683 debeto
274 1656 455 1693 pecusque
487 1656 552 1680 nec
584 1645 641 1681 ubi
672 1645 706 1680 in
740 1656 783 1680 eo
817 1656 906 1691 agro
938 1645 1087 1692 pascito.

252 1704 349 1747 Quae
380 1703 572 1749 vectigalia
604 1703 636 1738 in
671 1703 791 1739 Africa
824 1703 964 1751 publica
996 1704 1118 1751 populi
1151 1703 1286 1740 romani
1314 1708 1392 1739 sunt
1425 1714 1515 1750 quae
1547 1702 1581 1738 L.
1615 1702 1713 1738 Cae-

109 1763 204 1800 cilius
236 1762 297 1798 Cn.
331 1762 502 1798 Domitius
534 1773 703 1798 censores
746 1762 896 1797 fruenda
927 1763 1135 1798 locaverunt
1169 1762 1467 1807 venditeruntve,
1499 1761 1711 1809 quicumque

109 1833 152 1858 ea
185 1820 373 1867 vectigalia
407 1820 553 1856 fruenda
587 1820 763 1856 conducta
795 1821 1026 1868 redemptave
1060 1821 1226 1865 habebit,
1260 1821 1356 1867 quod
1389 1821 1435 1857 ol)
1468 1831 1510 1856 ea
1542 1819 1713 1867 vectiga-

108 1881 152 1917 lia
186 1879 333 1916 fruenda
365 1879 497 1926 populo
531 1879 616 1914 dare
648 1878 807 1923 debebit,
842 1879 945 1914 ubive
978 1891 1052 1915 eam
1086 1879 1270 1927 pecuniam
1303 1880 1444 1915 solvere
1478 1878 1638 1924 debebit,
1677 1878 1713 1915 id

110 1939 203 1975 ibive
224 1949 295 1985 quo
322 1938 430 1974 minus
463 1937 490 1972 is
523 1932 762 1988 populojdare
789 1938 918 1973 debeat
940 1938 1126 1985 solvatque
1150 1939 1222 1973 eius
1247 1939 1313 1974 hac
1335 1939 1418 1984 lege
1443 1937 1526 1973 nihil
1550 1941 1711 1983 rogatur.

248 1996 472 2042 Magistratus
504 2007 617 2042 prove
649 1996 870 2042 magistratu,
903 1996 1006 2043 quire
1040 2008 1105 2044 pro
1139 2008 1182 2032 eo
1205 1996 1353 2044 imperio
1374 1995 1505 2032 iudicio
1529 2007 1593 2031 suo
1619 2007 1712 2043 quae

111 2055 250 2105 publica
293 2055 414 2103 populi
446 2055 581 2090 romani
615 2054 648 2090 iu
681 2055 800 2090 Africa
840 2059 921 2090 sunt
963 2060 1111 2091 eruutve
1154 2055 1343 2100 vectigalia
1386 2054 1535 2090 fruenda
1577 2054 1714 2091 locabit

109 2115 288 2153 vendetve
319 2125 424 2160 quum
463 2125 504 2149 ea
537 2113 726 2158 vectigalia
768 2113 915 2149 fruenda
950 2114 1083 2150 locabit
1115 2113 1294 2149 vendetve
1327 2141 1486 2150 ........
1519 2124 1611 2149 neve
1644 2113 1713 2150 alia

110 2174 195 2219 lege
227 2184 268 2209 ea
300 2172 489 2218 vectigalia
523 2171 670 2208 fruenda
703 2172 935 2215 locaverunt,
967 2172 1085 2218 legem
1117 2172 1304 2217 dixerunt,
1345 2183 1437 2207 neve
1469 2171 1566 2218 quod
1597 2171 1630 2208 in
1663 2171 1714 2208 eis

114 2231 211 2278 agris
242 2242 351 2280 pecus
382 2235 548 2278 pascetur
579 2230 774 2278 scripturae
805 2230 946 2278 pecoris
979 2231 1095 2276 legem
1128 2230 1260 2275 dicito,
1293 2241 1363 2277 quo
1398 2229 1515 2266 invitis
1549 2230 1624 2275 eis,
1657 2230 1714 2277 qui

117 2302 194 2328 eum
226 2301 350 2337 agrum
381 2288 629 2335 possidebunt,
661 2299 727 2336 pro
760 2299 804 2324 eo
837 2299 970 2337 pecore
1003 2290 1095 2325 obve
1128 2289 1175 2333 id,
1208 2289 1303 2335 quod
1336 2288 1368 2324 in
1402 2299 1447 2324 eo
1480 2299 1570 2335 agro
1603 2300 1712 2337 pecus

114 2353 300 2398 pascetur,
341 2347 538 2396 scripturae
570 2347 712 2384 nomine
743 2347 821 2395 plus
854 2346 1042 2393 exigatur,
1074 2351 1179 2393 atque
1213 2358 1258 2383 ex
1290 2347 1371 2393 lege
1403 2346 1510 2392 dicta,
1543 2359 1646 2394 quam
1676 2347 1712 2383 L.

115 2407 311 2453 Caecilius,
343 2407 404 2443 Cn.
437 2405 609 2443 Domitius
643 2417 809 2442 censores
842 2406 961 2452 legem
994 2405 1172 2442 dixerunt.

253 2466 352 2510 Quae
383 2464 572 2511 vectigalia
605 2464 638 2500 in
670 2464 791 2501 Africa
823 2468 942 2509 sunt„
983 2476 1073 2511 quae
1105 2464 1166 2500 Cn.
1198 2463 1366 2511 Paperius
1399 2464 1521 2501 sonsul
1551 2463 1713 2501 vendidit

114 2525 305 2571 locavitve,
338 2536 379 2561 ea
411 2523 595 2571 quominus
628 2534 669 2559 ea
701 2524 783 2569 lege
815 2523 885 2559 sint
915 2527 1146 2570 pareantque,
1179 2534 1282 2569 quam
1314 2523 1433 2570 legem
1461 2523 1522 2560 Cn.
1546 2523 1712 2571 Paperius

118 2585 241 2621 consul
272 2583 321 2620 eis
354 2582 548 2619 vendundis
583 2581 683 2628 dixit,
715 2581 788 2618 eius
821 2582 886 2618 hac
918 2582 1002 2628 lege
1035 2581 1119 2617 nihil
1149 2586 1309 2627 rogatur.

253 2724 290 2768 1)
316 2725 446 2759 tabula:
472 2724 573 2758 debeo.
601 2742 639 2746 -
677 2724 715 2767 2)
741 2725 930 2759 Ilusclikius
956 2736 987 2769 p.
1015 2724 1100 2757 615:
1135 2735 1331 2769 pequusque
1366 2726 1419 2758 nei
1446 2726 1535 2769 quod
1562 2724 1652 2758 aliud
1680 2727 1713 2759 iu

113 2784 154 2806 eo
180 2783 260 2816 agro
293 2775 433 2817 pascito.
468 2789 509 2794 —
543 2770 580 2813 3)
609 2774 821 2815 magistratus
854 2783 962 2815 prove
995 2773 1200 2813 magistratu.
1236 2789 1276 2793 —-
1313 2771 1351 2810 4)
1387 2771 1521 2805 tabula:
1555 2772 1712 2805 venditve.

112 2819 277 2852 Lacunam
304 2826 378 2864 post
404 2820 487 2853 haec
512 2818 616 2852 verba
640 2818 830 2852 Husclikius
855 2830 887 2862 p.
915 2819 981 2852 616
1007 2820 1051 2851 ita
1076 2822 1226 2862 supplet:
1254 2830 1295 2851 ex
1322 2819 1400 2863 lege
1426 2819 1528 2858 dieta,
1559 2829 1658 2863 quani
1676 2818 1711 2852 L.

112 2865 277 2899 Caecilius
303 2865 362 2899 Cn.
389 2867 550 2899 Domitius
576 2876 663 2897 cens.
691 2868 802 2909 agreis
829 2865 1008 2898 aeffificieis
1034 2865 1136 2897 loccis
1162 2865 1432 2907 vectigalibusve
1452 2865 1619 2908 publiccis
1637 2865 1712 2898 fru-

110 2912 226 2945 endeis
252 2913 420 2946 locandeis
445 2911 653 2946 vendundeis
679 2912 790 2955 legem
817 2912 1004 2951 deixeruut,
1029 2911 1168 2944 {ruenda
1194 2912 1304 2945 locato
1331 2911 1487 2952 vendit03
1514 2914 1612 2945 neive
1639 2911 1701 2945 alia

112 2959 194 3004 lege
218 2965 282 2994 etc.
308 2977 346 2984 -
376 2958 412 3003 5)
437 2960 503 3004 lege
525 2969 607 3004 pro:
633 2958 740 3002 leyem.
768 2978 809 2985 --
836 2957 873 3001 6)
900 2959 1003 2994 dei-cic
1026 2957 1114 2993 male
1139 2959 1172 2991 in
1199 2958 1266 2994 tab.
1293 2959 1467 2992 omittitur.
