1918 3313
283 151 313 193 §-
338 151 370 185 2.
420 150 617 193 Festorum,
643 149 885 184 sacrificiorum
909 154 943 182 et
967 158 1143 182 sacrorum
1170 149 1389 193 collegiorum
1415 154 1501 182 acta.
1646 144 1703 189 4¹7

236 256 277 297 In
308 256 403 298 luco
435 256 545 297 Deae
579 256 625 304 Q.
658 255 832 296 Licinius
863 254 1000 308 Nepos
1032 255 1134 310 Mag.
1168 255 1302 309 operis
1343 252 1553 296 incubandi
1585 266 1707 295 causa

96 314 204 368 quod
237 315 275 355 in
318 315 476 369 fastigio
520 315 630 356 aedis
673 314 782 354 Deae
823 314 922 354 Diae
961 314 1058 354 ficus
1100 316 1229 355 innata
1272 318 1380 356 esset
1420 312 1635 354 eruendam
1668 318 1708 354 et

95 374 238 415 aedem
270 373 526 415 reficiendam
560 374 775 414 immolavit
812 372 1152 414 Suovetaurilibus
1184 374 1395 415 maioribus
1425 373 1518 412 item
1551 372 1600 412 ad
1631 385 1706 413 ae-

95 432 186 473 dem
219 433 330 473 Deae
361 433 460 473 Diae
495 434 619 474 boves
652 431 820 472 feminas
852 432 895 472 ll.
929 431 1020 472 lano
1052 432 1156 472 Patri
1195 433 1341 473 arietes
1371 430 1413 471 ll.
1445 431 1528 472 lovi
1557 431 1706 473 berbe-

96 504 165 533 ces
182 489 219 547 ¹)
251 491 293 532 11.
327 491 546 533 altitaneos.
579 514 635 519 —
667 495 721 530 Ex
754 494 824 530 tab.
856 493 998 530 xxxn.
1045 493 1167 530 Marini
1198 494 1222 530 1.
1254 506 1288 542 p.
1322 493 1470 530 CXLIV.

238 580 399 620 Fratres
432 579 588 620 arvales
621 584 711 632 post
753 579 888 632 epulas
930 592 1050 632 super
1091 579 1280 621 toralibus
1323 579 1581 634 segmentatis
1623 577 1709 620 dis-

96 639 257 680 cubuer.
301 643 340 679 et
381 638 423 678 T.
456 638 502 678 V.
535 638 576 678 F.
592 635 632 692 2)
667 642 704 678 et
736 650 808 691 per
847 650 994 691 pueros
1032 643 1302 691 praetextatos
1339 643 1565 680 senatorum
1602 637 1704 679 filios

96 703 137 739 et
171 694 370 751 public.³)
404 696 453 737 ad
495 709 601 737 aram
634 697 774 750 pertul.
818 701 857 737 et
898 693 1142 751 unguentfl)
1177 702 1215 737 et
1258 710 1427 738 coronas
1468 701 1709 750 acceperunt

96 761 136 797 et
174 758 213 796 in
259 755 439 796 mantelis
482 755 679 796 frumenta
722 755 795 796 RS.
813 752 854 810 ⁵)
897 756 1158 809 contigerunt.
1219 757 1314 797 Item
1357 769 1492 798 mensa
1533 755 1710 797 secunda

95 812 350 869 bellarior.⁶)
385 813 509 855 divisa
543 819 602 854 est
636 818 675 855 et
718 814 916 867 sportulas
959 827 1141 868 acceper.
1185 815 1415 856 sacerdotes
1455 815 1706 868 Imperatoris

96 875 200 928 Aug.
235 878 273 914 et
313 874 437 914 ceteri
476 872 708 914 sacerdotes
754 874 798 921 Q.
831 872 867 914 S.
901 873 936 914 S.
972 875 1009 914 S.
1026 871 1065 928 ⁷)
1100 878 1138 914 et
1170 886 1273 915 rosa.
1307 874 1444 915 soluta.
1489 869 1702 928 diviser.⁸)

94 934 228 986 ibique
260 932 361 973 felic.
395 932 519 973 dixer.
535 929 589 986 ⁹).
652 931 746 972 Item
779 932 840 972 IV.
873 931 956 972 Kal.
990 932 1118 973 Iunias
1150 933 1188 973 in
1220 933 1309 974 luco
1350 933 1459 973 Deae
1499 932 1596 973 Diae
1628 931 1704 972 Al-

95 992 225 1033 senius
266 991 473 1032 Avitianus
515 991 695 1045 Promag.
716 988 772 1044 10)
806 991 854 1031 ad
896 1004 1002 1032 aram
1048 992 1191 1032 immol.
1234 992 1368 1045 porcil.
1412 991 1550 1045 piacul.
1583 989 1703 1046 11.¹¹)

94 1052 174 1092 luci
206 1051 334 1103 coinq.
355 1048 410 1104 12)
444 1055 484 1090 ct
516 1051 650 1103 operis
683 1049 852 1090 faciund.
886 1050 939 1090 ibi
962 1063 1095 1090 vacca.
1128 1050 1268 1091 honor.
1300 1051 1438 1091 immol.
1464 1047 1518 1105 ¹3]
1553 1054 1592 1090 et
1612 1049 1704 1090 inde

94 1111 134 1152 in
165 1109 373 1163 tetrastylo
407 1121 560 1149 revers.
599 1109 783 1150 subsellis
826 1109 990 1149 consed.
1012 1107 1066 1162 Η)
1100 1108 1245 1149 deinde
1286 1122 1476 1150 reversus
1508 1109 1556 1150 ad
1599 1121 1706 1149 aram

97 1173 211 1210 extas
243 1168 411 1209 reddidit
443 1167 639 1221 porciliar.
700 1167 794 1207 Item
827 1168 864 1208 in
899 1168 1005 1208 circo
1038 1170 1075 1208 in
1108 1167 1243 1208 foculo
1271 1180 1354 1223 arg.
1389 1168 1529 1222 cespiti
1561 1173 1702 1209 ornato

97 1233 229 1269 extam
262 1240 370 1267 vaco.
403 1226 513 1266 redd.
533 1223 590 1281 ¹⁵)
623 1230 660 1265 et
693 1227 730 1266 in
764 1226 970 1279 tetrastylo
1002 1238 1194 1267 reversus
1228 1232 1289 1267 est
1322 1232 1360 1267 et
1390 1228 1428 1267 in
1461 1226 1601 1268 codice
1633 1239 1705 1267 ca-

97 1291 152 1327 vit
184 1292 223 1327 et
254 1290 500 1339 praetextam
534 1284 719 1337 deposuit
750 1289 788 1324 et
820 1285 856 1324 in
891 1285 1086 1337 papilione
1118 1297 1194 1325 suo
1236 1298 1439 1326 reversus.
1500 1286 1705 1326 Promeri-

99 1346 162 1388 die
193 1350 326 1386 autem
357 1343 503 1384 fratres
535 1343 688 1383 arvales
721 1348 949 1395 praetextas
983 1355 1163 1395 acceper.
1199 1348 1237 1383 et
1270 1344 1307 1383 in
1350 1344 1559 1398 tetrastylo
1601 1357 1705 1385 con-

96 1408 293 1446 venerunt
324 1407 363 1443 et
394 1401 579 1443 subsellis
611 1402 880 1442 consederunt
914 1406 952 1441 et
985 1406 1177 1442 caverunt
1208 1415 1254 1442 se
1279 1401 1455 1444 adfuisse
1488 1408 1528 1443 et
1547 1415 1706 1444 sacrum

96 1463 243 1504 fecisse
276 1467 314 1502 et
346 1461 530 1515 porcilias
563 1461 782 1513 piaculares
816 1460 961 1513 epulati
993 1465 1083 1502 sunt
1115 1465 1154 1500 et
1185 1473 1376 1515 sanguen.
1437 1462 1581 1502 Postea
1612 1462 1704 1502 inde

95 1521 333 1578 praetextati
365 1520 492 1573 capite
523 1519 668 1570 velato,
700 1520 805 1560 vittis
837 1520 983 1573 spieeis
1017 1520 1196 1560 coronati
1238 1520 1370 1561 lucum
1413 1520 1706 1562 adscenderunt

97 1586 137 1622 et
167 1593 240 1634 per
272 1579 470 1620 Aefenum
513 1578 738 1619 Avitianum
780 1579 1088 1631 Promagistrum
1131 1591 1273 1633 agnam
1316 1580 1484 1632 opimam
1527 1581 1629 1620 imm.
1650 1577 1704 1634 ¹⁶]

96 1645 136 1681 et
176 1638 329 1681 hostiae
370 1638 585 1679 litationem
630 1638 832 1690 inspexer.
895 1637 1080 1678 Perfecto
1122 1637 1315 1678 sacrificio
1358 1651 1498 1679 omnes
1540 1643 1627 1679 ture
1668 1644 1708 1679 et

82 1699 187 1740 *vino
221 1698 417 1748 fecerunt,
450 1696 593 1737 deinde
625 1697 779 1737 reversi
812 1697 849 1737 in
894 1697 1031 1736 aedem
1066 1696 1104 1736 in
1147 1709 1283 1737 mensa
1325 1710 1482 1738 sacrum
1524 1697 1707 1739 fecerunt

96 1758 183 1799 ollis
215 1762 254 1798 et
285 1761 376 1797 ante
408 1755 547 1796 aedem
579 1756 618 1795 in
660 1756 824 1808 cespite.
887 1755 1071 1809 Promag.
1116 1760 1154 1795 et
1196 1755 1315 1796 Flam.
1358 1769 1460 1797 sacr.
1503 1755 1626 1797 fecer.
1646 1754 1704 1811 Π)

94 1817 192 1858 Item
225 1815 334 1857 foras
367 1814 415 1856 ad
447 1828 552 1855 aram
585 1816 741 1855 reversi
773 1813 982 1855 thesauros
1016 1813 1221 1854 dederunt.
1264 1814 1356 1855 Item
1389 1815 1506 1856 Flam.
1540 1821 1579 1856 et
1600 1815 1706 1857 Pro-

95 1889 198 1930 mag.
222 1875 395 1929 scyphos
417 1887 500 1928 arg.
529 1887 618 1915 cum
648 1875 851 1926 sumpuvis
873 1873 965 1914 vino
992 1873 1153 1926 repletis
1177 1878 1266 1914 ante
1289 1878 1444 1915 osteum
1467 1887 1627 1916 acerras
1646 1871 1703 1930 ¹⁸)

95 1940 184 1976 ture
216 1940 254 1975 et
285 1935 377 1974 vino
410 1933 533 1973 fecer.
567 1937 606 1972 ct
634 1938 723 1973 ante
747 1937 902 1973 osteum
923 1933 1096 1972 restiter.
1130 1936 1169 1971 et
1199 1931 1278 1972 duo
1311 1931 1359 1972 ad
1390 1933 1527 1987 fruges
1559 1938 1705 1987 peten-

96 1993 166 2035 das
200 2006 289 2034 cum
320 1992 485 2046 publicis
518 1991 775 2032 discederunt
795 1987 850 2045 ¹⁹)
883 1995 922 2031 et
953 1992 1108 2031 reversi
1148 1989 1288 2031 dextra
1329 1991 1551 2043 dederunt,
1592 1992 1704 2034 laeva

95 2057 360 2106 receperunt3
402 2050 545 2091 deinde
578 2049 625 2090 ad
659 2051 890 2091 alterutrum
923 2051 994 2090 sibi
1016 2046 1202 2103 redd.‘-'⁰)
1236 2054 1274 2090 et
1304 2049 1449 2102 public.
1483 2050 1588 2105 frug.
1621 2056 1708 2092 tra-

96 2108 298 2166 dider.2¹)
333 2110 475 2151 deinde
506 2110 543 2150 in
577 2109 716 2150 aedem
757 2109 943 2150 intraver.
976 2113 1015 2149 et
1048 2108 1144 2149 ollas
1186 2109 1337 2161 precati
1368 2114 1459 2150 sunt
1500 2113 1540 2149 et
1581 2111 1704 2151 osteis

96 2170 242 2224 apertis
274 2182 347 2223 per
379 2169 520 2209 clivum
561 2169 779 2209 iacuerunt.
843 2168 997 2208 Deinde
1038 2166 1222 2208 subsellis
1264 2168 1498 2209 marmoreis
1541 2168 1705 2210 consed.

97 2234 139 2270 et
169 2241 290 2283 panes
322 2228 483 2269 laureat.
516 2238 589 2280 per
620 2227 768 2280 public.
783 2224 845 2282 ²²)
877 2227 1007 2280 partiti
1045 2231 1149 2267 sunt.
1210 2226 1264 2266 Ibi
1297 2223 1475 2282 omn.²³)
1507 2226 1708 2269 lumemu-

95 2288 146 2330 lia
177 2301 266 2329 eum
297 2287 444 2340 rapinis
476 2291 719 2340 acceperunt
751 2291 789 2327 et
820 2287 925 2327 Deas
966 2289 1313 2337 unguentaverunt
1354 2289 1394 2325 et
1433 2286 1555 2328 aedes
1597 2286 1706 2329 clusa

97 2352 170 2389 est.
233 2347 381 2388 Omnes
425 2345 524 2386 foris
563 2346 760 2386 exierunt.
823 2345 877 2385 lbi
919 2343 1148 2386 sacerdotes
1188 2343 1287 2384 clusi
1328 2345 1522 2385 succincti
1562 2345 1704 2387 libellis

99 2407 273 2459 acceptis
315 2417 474 2445 carmen
519 2404 797 2445 descindentes
841 2404 1139 2458 tripodaverunt
1184 2403 1222 2442 in
1264 2404 1389 2444 verba
1431 2404 1551 2445 haec:
1597 2404 1704 2446 Enos

97 2465 203 2507 lases
234 2466 376 2506 iuvate.
437 2463 544 2505 Enos
579 2463 684 2504 lases
717 2463 862 2504 iuvate.
924 2462 1031 2503 Enos
1071 2461 1176 2502 lases
1218 2462 1363 2503 iuvate.
1424 2462 1536 2503 Neve
1567 2463 1704 2504 luerve

239 2618 276 2662 1)
303 2630 382 2663 pro:
410 2628 586 2652 verveces.
614 2636 654 2641 -—
682 2616 720 2659 2)
746 2623 821 2651 ture
846 2618 926 2651 vino
961 2617 1123 2650 recerunt.
1158 2635 1200 2640 —-
1234 2615 1273 2660 3)
1299 2617 1463 2662 publicos.
1488 2633 1532 2639 —
1557 2615 1597 2659 4)
1623 2627 1704 2661 per-

96 2665 246 2700 tulerunt
279 2671 313 2699 et
345 2671 526 2710 unguenta.
555 2683 596 2687 -
624 2664 662 2707 5)
697 2676 812 2698 rursus
838 2683 877 2688 --
908 2663 945 2707 6)
979 2663 1206 2697 bellariorum.
1232 2679 1277 2688 —-
1303 2665 1340 2705 7)
1367 2666 1423 2710 qui
1454 2675 1554 2708 supra
1587 2665 1704 2708 scripti

98 2719 183 2746 sunt.
210 2730 252 2735 ——
278 2711 317 2755 8)
342 2723 454 2746 rosam
479 2713 622 2746 solutam
648 2712 844 2745 diviserunt.
879 2730 920 2734 ——
955 2709 994 2752 9)
1021 2710 1165 2744 feliciter
1191 2711 1358 2745 dixerunt.
1395 2729 1434 2734 —
1470 2709 1531 2752 10)
1557 2711 1701 2744 Proma-

98 2761 214 2803 gister.
249 2777 290 2783 —
326 2757 387 2802 11)
413 2760 601 2792 immolavit
623 2759 782 2804 porcilias
817 2758 1005 2802 piaculares
1031 2757 1134 2791 binas.
1171 2776 1212 2781 —
1247 2758 1306 2800 12)
1332 2758 1545 2802 coinquendi.
1572 2775 1613 2781 —-
1641 2756 1701 2800 13)

97 2817 238 2840 vaccam
263 2806 479 2840 honorariam
504 2806 697 2840 immolavit.
725 2824 765 2829 —
795 2805 855 2848 14)
880 2815 1039 2838 reversus
1129 2805 1290 2839 consedit.
1318 2821 1361 2827 —
1389 2806 1448 2846 15)
1474 2805 1631 2839 reddidit.
1658 2822 1700 2827 —-

100 2851 161 2896 16)
184 2854 456 2887 immolaverunt.
480 2870 526 2876 -
553 2851 612 2895 17)
636 2853 868 2897 Promagister
894 2857 927 2885 et
944 2851 1084 2884 Flamen
1101 2863 1235 2886 sacrum
1252 2852 1416 2886 fecerunt.
1443 2868 1488 2874 —
1513 2851 1574 2893 18)
1599 2853 1701 2885 omit-

99 2902 193 2934 titur:
223 2901 366 2943 terentes
389 2900 447 2935 vel
471 2900 580 2934 simile
604 2900 758 2934 verbum.
785 2917 826 2921 —-
854 2898 916 2940 19)
942 2897 1026 2932 Pro:
1053 2898 1289 2933 discesserunt.
1317 2915 1355 2921 —
1384 2897 1447 2941 20)
1471 2899 1701 2933 reddiderunt.

102 2964 143 2970 ——
170 2945 231 2990 21)
258 2947 402 2992 publicis
427 2948 543 2992 fruges
567 2947 787 2981 tradiderunt.
814 2964 855 2969 -
881 2942 942 2987 22)
969 2944 1134 2989 publicos.
1159 2962 1205 2969 --
1230 2943 1294 2988 23)
1321 2956 1449 2980 omnes.
