1877 3313
365 707 819 762 INSCRIPTIONES
855 704 1160 757 POETIGAE
1198 705 1543 757 PROFANAE.

408 965 445 1005 §-
476 960 506 999 1.
566 960 611 997 In
641 958 813 1008 operibus
838 959 1000 1008 publicis
1032 964 1068 997 et
1097 958 1236 996 statuis
1267 956 1493 994 honorariis.

306 1077 430 1116 1959.
490 1076 615 1125 Quam
647 1075 752 1116 bene
783 1073 990 1130 curbati¹]
1023 1075 1172 1115 directa
1204 1078 1267 1115 est
1296 1071 1434 1114 semita
1464 1070 1596 1125 pontis

535 1135 668 1187 Atque
698 1135 962 1188 interruptum
1001 1134 1252 1175 continuatur
1282 1133 1368 1172 iter.

467 1193 674 1236 Calcamus
711 1193 868 1246 rapidas
899 1193 1067 1234 subiecti
1097 1192 1265 1246 gurgitis
1295 1188 1421 1231 undas

533 1252 582 1293 Et
611 1252 707 1292 libet
735 1252 858 1292 iratae
895 1263 1064 1292 cernere
1093 1263 1269 1292 murmur
1297 1260 1438 1301 aquae.

461 1309 517 1352 Ite
548 1311 670 1363 igitur
700 1310 835 1351 faciles
866 1322 938 1363 per
968 1309 1112 1365 gaudia
1144 1313 1302 1359 vestra,
1335 1306 1522 1357 Quirites,

526 1369 574 1410 Et
605 1369 761 1410 Narsim
790 1381 986 1410 resonans
1018 1368 1181 1421 plausus
1212 1367 1359 1420 ubique
1391 1368 1517 1406 canat.

386 1427 462 1476 Qui
491 1428 620 1481 potuit
650 1427 798 1481 rigidas
832 1427 1049 1468 Gothorum
1087 1426 1261 1468 subdere
1292 1429 1445 1465 mentes
1460 1420 1517 1477 2),

522 1486 594 1527 Hic
625 1485 758 1527 docuit
789 1484 927 1526 durum
957 1485 1116 1526 flumina
1142 1484 1250 1525 ferre
1272 1484 1417 1537 iugum.
1451 1504 1507 1510 —
1537 1483 1656 1533 Prope
1677 1483 1755 1521 Ro*

149 1559 264 1595 mam,
296 1548 340 1585 ad
371 1551 518 1596 pontem
549 1547 706 1584 Anienis.
738 1547 837 1584 Grut.
877 1559 911 1595 p.
947 1546 1040 1583 161.
1072 1547 1181 1583 More.
1219 1545 1295 1582 Stil.
1328 1544 1435 1581 DIIII.
1475 1543 1593 1589 Nibby
1622 1542 1756 1593 Viagg.

147 1607 173 1645 Ι.
205 1620 240 1657 p.
274 1607 339 1644 74.
372 1606 467 1644 Orel.
503 1605 627 1643 1162.
659 1606 858 1653 Antholog.
891 1606 1053 1643 Burman.
1084 1606 1146 1652 III,
1177 1604 1244 1641 24.
1276 1604 1412 1650 Meyer.
1442 1615 1475 1640 n.
1509 1602 1604 1640 388.

290 1683 413 1720 1960.
474 1679 652 1721 Difficilis
684 1679 884 1733 qnondam
916 1678 1082 1721 dominis
1114 1691 1258 1732 parere
1289 1676 1461 1729 serenis,

286 1738 423 1780 Iussus
455 1743 495 1780 ct
525 1740 730 1780 exstinctis
761 1739 926 1792 palmam
959 1744 1122 1792 portare
1154 1736 1334 1792 tyrannis
1347 1733 1404 1790 3),

289 1795 453 1851 (Omnia
484 1797 711 1839 Theodosio
725 1795 766 1852 4)
800 1796 945 1838 cedunt
975 1797 1187 1850 subolique
1217 1792 1408 1849 perenni)

287 1857 368 1897 Ter
400 1855 510 1897 denis
542 1857 601 1897 sie
632 1857 760 1898 victus
792 1869 869 1910 ego
903 1855 1152 1908 domitusque
1183 1855 1336 1906 diebus,

285 1914 417 1955 Iudice
437 1915 508 1956 sub
530 1915 668 1956 Procle
689 1927 855 1968 superas
871 1911 910 1969 ⁵)
934 1914 1058 1954 elatus
1081 1913 1130 1954 ad
1153 1925 1282 1955 auras.
1305 1936 1360 1941 -—
1387 1914 1428 1951 In
1459 1915 1574 1951 latere
1604 1911 1754 1950 obelisci

147 1975 182 2013 in
224 1975 472 2025 Hippodromo
516 1976 925 2025 Constantinopolitano.
976 1975 1126 2012 Fabricii
1167 1976 1260 2012 lllon.
1302 1973 1410 2021 antiq.
1451 1986 1486 2022 p.
1530 1969 1624 2010 140.
1655 1971 1754 2008 Grut.

151 2035 245 2082 185,
280 2035 315 2072 7.
346 2035 544 2082 Antholog.
576 2036 691 2072 Burm.
723 2035 769 2079 II,
806 2034 897 2071 117.
929 2035 1064 2081 Meyer.
1096 2046 1128 2071 n.
1163 2033 1258 2070 816.
1304 2032 1449 2070 Richter
1478 2031 1657 2080 Inscriptt.
1687 2030 1753 2069 Ed.

146 2094 272 2132 Frank.
303 2106 338 2143 p.
371 2093 437 2130 97.
467 2094 615 2131 Morcel.
646 2094 721 2131 Stil.
753 2094 845 2130 DIIl.

501 2181 622 2219 1961.
693 2211 703 2220 .
736 2211 746 2220 .
778 2212 786 2221 .
818 2212 828 2220 .
862 2211 871 2220 .
904 2211 912 2220 .
947 2211 955 2220 .
988 2177 1039 2220 ad
1070 2177 1242 2219 divortia
1272 2176 1399 2219 Rheni

282 2237 443 2278 Pervasi
473 2237 636 2279 hostiles
667 2237 929 2293 depopulatus
962 2249 1095 2291 agros.

204 2296 303 2337 Dum
334 2297 426 2348 tibi,
457 2297 600 2347 Roma,
633 2297 755 2339 decus
786 2302 1030 2350 aeternaque
1063 2295 1165 2338 sudo
1198 2295 1400 2349 trophaea,

284 2355 384 2396 Ister
413 2356 562 2408 pacatis
593 2356 721 2397 lenior
752 2356 831 2397 ibat
863 2356 988 2409 aquis.
1021 2378 1076 2384 —-
1107 2358 1161 2394 Ex
1192 2357 1297 2394 titulo
1329 2353 1526 2393 honorario
1558 2352 1662 2391 Drusi
1693 2354 1754 2392 vel

147 2415 358 2454 Germanici.
404 2416 500 2454 Grut.
533 2417 631 2464 236,
665 2418 687 2453 5
721 2429 742 2454 e
772 2418 964 2454 Petrarcha
995 2418 1048 2454 De
1079 2416 1214 2453 remed.
1246 2420 1312 2453 utr.
1344 2416 1427 2451 fort.
1457 2414 1484 2450 Ι.
1515 2426 1549 2462 p.
1581 2412 1662 2449 315
1692 2412 1753 2461 qui

146 2475 181 2512 in
212 2475 308 2512 saxis
339 2476 493 2512 romanis
525 2487 544 2512 a
575 2488 614 2512 se
645 2480 826 2525 repertum
856 2475 1001 2521 scribit,
1044 2476 1266 2522 eundemque
1297 2474 1449 2522 lapidem
1482 2484 1501 2508 a
1532 2472 1640 2508 Paulo
1671 2472 1751 2508 Me-

144 2534 230 2570 lisso
276 2535 408 2571 Romae
447 2534 647 2584 inspectum
686 2546 765 2572 esse
807 2535 930 2573 scribit
971 2534 1109 2572 Gruter.
1180 2533 1378 2580 Antholog.
1429 2532 1544 2569 Burm.
1583 2530 1641 2578 Π,
1681 2529 1750 2568 83.

146 2592 281 2639 Meyer.
311 2604 344 2630 n.
377 2592 471 2629 761.

287 2763 323 2807 1)
348 2766 432 2800 Pro:
457 2767 599 2801 curvati.
635 2784 675 2790 -—
711 2765 751 2810 2)
776 2766 861 2801 Alii:
893 2773 1023 2811 gentes.
1055 2768 1210 2809 franyere
1238 2766 1336 2799 vires,
1361 2764 1530 2799 Camerar.
1557 2763 1613 2798 alii
1637 2763 1750 2810 aliter,

151 2814 186 2843 ut
210 2812 376 2855 scriptura
401 2814 433 2847 h.
459 2813 481 2847 l.
506 2814 686 2848 obliterata
711 2814 876 2848 videatur.
911 2833 951 2837 —
987 2813 1024 2855 3)
1053 2812 1291 2854 intelligendus
1317 2812 1479 2845 Maximus
1504 2817 1677 2855 tyrannus.
1704 2830 1748 2836 —

147 2855 186 2898 4)
211 2858 259 2890 sic
284 2859 387 2903 lapis3
411 2860 503 2904 vulg.
531 2861 717 2895 Theudosia.
743 2861 874 2895 Nomen
901 2861 1063 2894 Theodosii
1089 2859 1297 2902 trisyllabum
1322 2858 1614 2903 pronuntiandum.
1637 2875 1682 2882 ·-
1708 2858 1746 2902 5)

148 2902 320 2984 γυῐὲειεηι
344 2906 526 2942 lectionem
550 2909 724 2943 confirmat
755 2908 881 2943 Frank.
911 2919 1042 2942 rursum
1074 2906 1175 2940 elatus
1207 2905 1298 2942 Grut.
1331 2905 1463 2940 sublime
1490 2905 1596 2941 elatus
1618 2905 1748 2950 Gyllius

148 2960 184 2983 m
235 2954 460 2998 onstantinop.
