1877 3313
188 189 272 231 354
627 185 730 220 Iuscr.
754 185 923 229 profanae,
971 183 1118 229 Cap.11.
1167 181 1324 217 Tabulae.

185 297 318 332 dierum
350 298 426 330 acta
458 292 556 329 addit
586 304 734 340 quorum
763 297 836 330 tres
869 297 948 329 sunt
979 290 1106 328 mensis
1138 290 1287 336 Augusti
1319 288 1395 325 anni
1418 287 1511 324 urbis
1537 288 1616 324 692
1644 289 1764 326 Silano

184 359 221 389 et
260 354 399 388 Murena
439 351 646 387 Consulibus
689 346 756 402 (V.
798 351 885 387 infra
930 351 1114 394 fragment.
1156 349 1246 384 VIII.
1288 347 1346 383 IX.
1387 341 1469 398 X),
1510 351 1651 393 quartus
1690 347 1764 383 dies

183 411 405 446 calendarum
436 409 600 445 maiarum
631 412 685 444 est
715 409 793 445 anni
834 421 865 445 u.
907 420 936 443 c..
978 407 1070 442 699.
1130 405 1297 453 Pompeio
1328 405 1455 451 Magno
1487 404 1529 440 ΙΙ.
1562 404 1606 440 M.
1635 404 1764 441 Licinio

184 469 311 503 Crasso
342 468 384 503 ΙΙ.
417 467 635 503 Consulibus
679 461 829 516 [fragm.
870 460 961 516 M).
1013 465 1112 508 Quae
1153 463 1352 511 posteriora
1383 466 1536 509 quatuor
1569 463 1765 509 fragmenta

183 525 385 561 Dodwellus
425 525 554 572 primus
587 525 607 560 l.
639 525 661 560 Ι.
702 535 746 560 ex
793 524 1001 571 apographo
1044 522 1217 558 Vossiano
1250 520 1372 558 edidit.
1433 520 1535 563 Quod
1566 519 1767 567 exemplum

184 583 382 620 Gronovius
425 594 543 618 secum
590 582 632 618 ab
673 582 697 618 Ι.
743 581 875 618 Lockio
917 592 994 616 esse
1041 580 1330 616 communicatum
1376 578 1497 614 scribit
1537 579 1581 614 ad
1620 579 1766 616 Sueton.

182 641 248 677 Iul.
281 642 420 677 Caesar.
452 652 480 676 c.
514 640 590 685 20,
623 640 656 676 id
697 651 766 675 non
800 639 936 675 tertiam
974 638 1169 674 eorundem
1204 639 1483 683 fragmentorum
1523 637 1766 673 recensionem

182 699 333 746 praebet
356 726 366 744 ,
421 699 483 734 sed
535 698 626 734 haud
678 698 769 734 aliud
812 701 864 733 est
916 708 1017 742 quam
1065 696 1273 732 Vossianum
1323 706 1341 729 a
1393 694 1579 731 Dodwello
1626 695 1766 732 editum.

183 757 236 792 De
280 756 334 792 his
373 756 460 792 binis
503 760 618 791 autem
660 755 851 802 exemplis,
897 754 1065 799 l'igliiauo
1105 758 1140 789 et-
1173 753 1370 797 Vossiano,
1417 752 1621 799 Pighiauum
1651 764 1762 801 prae-

184 819 262 851 stat.
309 814 474 857 Quaestio
516 818 630 849 utrum
661 813 728 849 hae
759 818 915 849 actorum
947 812 1116 858 reliquiae
1147 811 1324 857 genuinae
1354 809 1445 856 sint,
1486 822 1552 847 nec
1581 811 1767 857 ne,‘varie

186 877 241 907 est
273 883 292 908 a
324 872 407 908 viris
439 872 551 908 doctis
585 875 746 907 tractata.
807 869 944 906 Plurimi
984 870 1048 905 viri
1083 870 1176 905 docti
1208 869 1299 906 inter
1330 879 1418 916 qnos
1450 868 1604 916 Lipsius,
1636 869 1766 916 Georg.

185 930 379 974 Graevius,
412 929 574 976 Pighius,
606 929 896 975 Oudenslorpius,
928 927 1259 972 DrakenborchiuS,
1291 926 1513 972 Muratorius,
1543 927 1568 963 1.
1599 927 1642 964 A.
1671 928 1767 965 Fab-

184 988 311 1033 ricius,
354 988 436 1023 Chr.
478 987 626 1032 Saxius,
666 987 794 1022 Ezecli.
836 985 1087 1032 Spanhemius,
1129 986 1205 1030 alii,
1246 996 1312 1032 pro
1353 984 1514 1028 genuinis
1546 985 1768 1032 habuerunt3

185 1045 258 1090 alii,
290 1050 326 1080 ut
357 1045 545 1081 NVelserns
578 1044 895 1090 Norimbergensis,
933 1043 1082 1079 Thomas
1116 1043 1306 1088 Reinesius,
1346 1042 1547 1088 Gibbonns,
1587 1044 1623 1080 P.
1653 1044 1767 1082 Wes-

184 1103 382 1148 setingius,
422 1103 612 1148 Beaufort,
655 1103 705 1138 10.
737 1103 777 1137 Α.
809 1100 960 1146 Ernesti,
992 1101 1089 1137 Gaet.
1120 1101 1303 1146 ll‘larinius,
1333 1100 1388 1136 Fr.
1420 1100 1458 1136 C.
1489 1101 1673 1138 Schlosser
1701 1114 1767 1150 pro

184 1161 429 1208 suppositiciis.
489 1161 542 1196 Ex
583 1172 703 1196 eorum
731 1171 876 1195 numero
909 1159 965 1205 qui
996 1163 1158 1205 tanquam
1188 1159 1302 1207 spuria
1330 1157 1492 1194 reiiciunt
1512 1159 1666 1206 primarii
1689 1165 1769 1197 sunt

185 1218 598 1264 PetrusWesselingius
629 1219 663 1253 in
705 1218 944 1254 Probabili'uus
986 1212 1256 1268 [Franequerae
1300 1210 1433 1266 1731]
1465 1228 1547 1264 pag.
1579 1217 1661 1254 354
1692 1230 1769 1267 sqq.

186 1281 222 1312 et
251 1277 395 1312 Leelerc
427 1277 460 1312 in
492 1276 582 1312 libro
616 1275 673 1322 qui
704 1275 923 1311 inscribitur:
964 1276 1034 1310 Des
1065 1275 1238 1312 iournaux
1270 1275 1356 1310 enez
1386 1275 1435 1310 les
1467 1275 1639 1312 Romains.
1671 1272 1768 1327 (Pa-

186 1334 247 1370 ris.
284 1328 443 1384 1838),
473 1334 563 1370 inter
597 1345 658 1370 eos
691 1334 747 1379 qui
779 1333 971 1368 defendunt
1013 1338 1154 1380 praeter
1186 1333 1406 1369 Dodwellum
1447 1331 1482 1368 in
1512 1333 1769 1372 Praelectioni-

187 1393 253 1428 bus
288 1391 544 1435 Camdenianis,
576 1392 612 1428 G.
635 1392 674 1426 E.
700 1391 736 1426 F.
758 1391 1057 1427 Lieberkuehnius
1083 1391 1115 1426 in
1142 1391 1306 1426 vindiciis
1334 1391 1502 1427 librorum
1532 1390 1656 1428 iniuria
1687 1404 1768 1430 sus-

188 1453 386 1497 pectorum.
445 1449 593 1497 Lipsiae.
638 1449 756 1484 1844.
797 1461 831 1495 p.
867 1447 1043 1484 1-10o
1081 1449 1138 1494 qui
1169 1449 1249 1484 mini
1281 1448 1421 1494 quidem
1453 1450 1669 1495 argumentis
1700 1452 1768 1487 ad-

186 1507 327 1543 modum
367 1507 606 1555 probabilibus
648 1508 736 1542 haec
769 1507 962 1553 fragmenta
997 1519 1014 1542 a
1054 1506 1255 1553 suspicione
1294 1505 1495 1542 criticorum
1537 1507 1768 1546 vindicavisse

186 1565 336 1602 videtur.
377 1564 430 1600 De
460 1564 544 1600 actis
575 1564 668 1600 urbis
690 1564 818 1600 diurnis
844 1564 875 1599 in
903 1564 1101 1599 universum
1126 1565 1200 1611 ipse
1226 1563 1413 1610 aliquando
1444 1563 1478 1600 in
1509 1571 1775 1613 programmate

189 1622 427 1658 universitatis
458 1622 702 1668 Friburgensis
746 1634 799 1658 an.
836 1621 942 1657 1834-
975 1616 1117 1672 [Uener
1158 1621 1213 1658 ‹lie
1252 1621 1449 1668 Zeitungen
1480 1622 1544 1658 der
1573 1625 1666 1661 alten
1697 1625 1775 1661 Ro-

189 1675 291 1731 mer]
325 1680 491 1725 disserui,
533 1692 622 1727 quae
666 1679 912 1716 commentatio
945 1679 1180 1727 epliemeridi:
1221 1679 1459 1726 Morgenblatt
1497 1680 1553 1716 fur
1591 1682 1774 1728 gebildete

188 1738 358 1775 Staende.
395 1737 517 1774 1835.
548 1750 581 1785 p.
616 1737 693 1774 581
728 1750 802 1784 sqq.
833 1737 963 1773 inserta
996 1741 1058 1773 est.
1120 1737 1306 1784 Copiosius
1337 1742 1374 1773 et
1400 1738 1596 1774 accuratius
1626 1742 1774 1788 posthac

192 1796 239 1832 de
271 1797 396 1832 eadem
429 1807 467 1832 re
500 1801 650 1841 egerunt
681 1796 728 1831 Le
759 1797 860 1831 Clerc
890 1795 923 1830 in
955 1795 1045 1831 libro
1077 1807 1179 1842 supra
1211 1795 1374 1831 laudato:
1406 1796 1476 1831 Des
1506 1796 1680 1834 iournaux
1711 1800 1774 1836 des

191 1854 336 1890 anciens
380 1853 565 1897 Romains3
607 1852 904 1889 Liebcrkuehnius
946 1856 1014 1888 Iam
1056 1853 1088 1888 in
1130 1852 1432 1889 Commentatione
1464 1853 1508 1889 de
1539 1855 1668 1892 diurnis
1698 1857 1774 1894 Ro-

195 1923 377 1948 manorum
411 1911 495 1947 actis
539 1907 740 1961 (Vinum-iae
784 1907 919 1962 1840]
961 1922 1061 1957 quam
1093 1911 1125 1946 in
1157 1911 1246 1946 libro
1279 1922 1384 1958 supra
1415 1911 1558 1948 laudato
1590 1913 1775 1951 Vindicia-

189 1981 292 2014 rum,
321 1969 492 2015 Schmidt,
523 1969 723 2006 Zeitschrift
748 1970 804 2005 fiir
831 1968 1290 2005 Gescliichtswissenscliaft.
1333 1968 1459 2007 Berlin.
1484 1969 1604 2008 1844.
1634 1972 1661 2010 1.
1680 1972 1775 2011 Hert.

190 2039 224 2075 p.
257 2027 338 2063 395
372 2038 469 2074 seqq.

797 2105 841 2145 V.
883 2104 963 2145 Kal.
996 2103 1176 2158 Aprileis.

329 2174 476 2216 Fasces
506 2186 628 2228 penes
667 2173 887 2215 Aemilium.
929 2174 1036 2214 Bene
1075 2187 1186 2214 mane
1225 2174 1457 2217 sacrificavit
1487 2176 1534 2217 ad
1564 2176 1776 2231 Apollinis3

194 2245 270 2273 ove
303 2232 398 2272 fecit
429 2233 663 2273 Laurentiae
683 2230 732 2286 ¹).
772 2232 877 2273 Hora
909 2237 1046 2272 octava
1077 2237 1234 2272 senatus
1275 2238 1435 2274 coactus
1464 2235 1502 2275 in
1532 2235 1704 2278 Hostilia.
1735 2237 1773 2278 S.

194 2290 234 2330 C.
267 2290 411 2331 factum
443 2295 518 2340 est,
549 2292 601 2329 uti
633 2295 838 2342 praetores
870 2303 921 2329 ex
952 2290 1034 2330 suis
1075 2291 1272 2342 perpetuis
1313 2290 1450 2332 edictis
1487 2293 1547 2334 ius
1587 2293 1774 2334 dicerent.

195 2348 239 2395 Q.
271 2348 465 2388 Minucius
497 2347 662 2400 Scapula
694 2353 903 2388 accusatus
935 2348 983 2387 de
1015 2347 1051 2387 vi
1072 2361 1093 2387 a
1114 2348 1154 2387 P.
1173 2347 1334 2389 Lentulo
1365 2349 1466 2401 apud
1497 2350 1564 2391 Cn.
1594 2350 1776 2392 Barbium

193 2406 254 2504 fr.
285 2404 592 2503 uiiggxflpfensus
624 2418 646 2446 a
679 2405 718 2446 C.
751 2405 920 2458 Sulpicio
951 2406 1154 2447 sententiis
1186 2406 1467 2449 condemnatus
1496 2408 1580 2450 XV.
1611 2409 1776 2463 amplia-

212 2475 256 2505 us
287 2487 301 2503 Α
449 2494 458 2503 .

783 2543 844 2584 IV.
885 2543 968 2584 Kal.
999 2543 1179 2597 Aprileis.

334 2612 478 2654 Fasces
508 2623 629 2665 penes
661 2612 859 2653 Licinium.
893 2611 1192 2666 Fulguravit2),
1221 2615 1346 2655 tonuit
1387 2620 1427 2657 et
1467 2626 1636 2669 quercus
1673 2621 1776 2660 tacta

196 2670 237 2710 in
276 2682 423 2711 summa
463 2670 571 2710 Velia
622 2670 791 2722 paullum
823 2683 844 2710 a
882 2671 1056 2711 meridie.
1119 2672 1216 2712 Rixa
1256 2672 1304 2712 ad
1341 2670 1475 2714 Ianum
1515 2675 1688 2717 infimum
1734 2677 1775 2716 in

199 2740 388 2781 caupona,
421 2732 460 2768 et
490 2739 614 2780 caupo
647 2727 694 2766 ad
724 2728 865 2768 Ursum
895 2728 1089 2782 galeatum
1119 2730 1292 2782 graviter
1322 2731 1531 2772 sauciatus.
1571 2733 1613 2774 C.
1646 2734 1774 2774 Titin-

199 2786 285 2827 nius
324 2785 421 2826 Aed.
461 2785 512 2838 pl.
552 2784 733 2826 mulcavit
775 2785 922 2837 laniOS,
974 2786 1080 2839 quod
1120 2799 1276 2828 carnem
1324 2787 1592 2832 vendidissent
1628 2791 1775 2845 populo

340 2943 377 2988 1)
402 2946 451 2981 Ila
475 2946 568 2982 Voss.
594 2947 771 2983 laureatus.
795 2947 889 2993 Pigh.
913 2966 957 2975 »n
981 2946 1019 2992 2]
1042 2948 1241 2992 fulminavit.
1265 2950 1357 2985 Voss.
