1918 3313
149 167 209 211 40
626 160 727 195 Inscr.
754 169 882 194 sacrae.
931 159 1013 205 Cap.
1030 159 1070 194 Il.
1119 158 1280 193 Tabulae.

291 275 385 312 367.
449 271 656 311 Tesseram
688 267 920 320 paganicam
961 266 1005 307 L.
1046 266 1231 306 Veratius
1261 264 1528 306 Felicissimus
1558 265 1753 305 Patronus

149 332 313 387 paganis
343 329 432 384 pagi
464 326 702 369 Tolentines.
721 323 758 379 ¹)
791 325 953 377 hostias,
984 325 1093 365 lustr.
1127 329 1166 364 et
1197 328 1340 364 tesser.
1374 336 1458 363 aer.
1492 336 1545 363 ex
1577 327 1670 364 voto
1708 323 1752 363 L.

151 392 198 432 D.
232 391 278 431 D.
295 387 335 444 ²)
368 389 412 429 V.
444 386 495 427 ld.
529 384 666 425 Maias.
697 381 901 437 Felicitss).
935 406 991 413 —-
1023 385 1216 422 Tolentinis
1239 385 1273 421 in
1296 385 1428 420 tabella
1452 395 1569 421 aerea.
1614 384 1754 421 Reines.

150 465 186 501 p.
220 450 384 497 1016,8.
435 447 536 485 Orell.
570 444 683 481 2474
717 445 771 481 cui
803 445 945 492 quidem
977 444 1162 492 inscriptio
1194 447 1359 491 suspecta
1390 442 1544 479 videtur.

291 532 385 568 368.
444 526 715 580 Augustorum
758 522 924 565 Annalia
963 524 1140 566 feliciter.
1183 543 1238 551 -—
1280 525 1420 562 Gruter.
1453 536 1486 574 p.
1522 523 1614 562 116.
1645 524 1755 562 More.

151 591 232 633 Stil.
264 590 382 628 LXVI.

293 666 387 703 369.
448 660 660 701 Caesarum
702 658 944 700 Decennalia
986 658 1166 700 feliciter.
1211 677 1267 688 -—-
1309 661 1405 697 Grut.
1438 672 1471 709 p.
1508 659 1600 697 116.
1645 659 1755 698 Morc.

153 725 231 763 Stil.
265 724 400 765 LXVII.

293 800 385 837 370.
446 793 688 836 Taurobolio
720 794 853 834 matris
887 793 929 834 D.
962 794 1013 834 M.
1045 791 1154 847 Id.⁴]
1189 792 1296 846 quod
1328 793 1471 834 factum
1505 797 1566 833 est
1597 805 1650 833 ex
1679 792 1756 833 im-

151 857 265 912 perio
298 855 428 896 matris
460 854 506 894 D.
540 853 655 893 deum
687 865 761 906 pro
793 852 921 892 salute
962 853 1215 905 Imperatoris
1256 851 1367 892 Caes.
1402 852 1444 892 T.
1477 851 1579 892 Aelii
1610 850 1757 892 Hadri-

151 916 215 958 ani
245 913 432 955 Antonini
472 912 577 965 Aug.
617 911 672 951 Pii
702 911 742 951 P.
775 910 815 951 P.
858 911 1152 963 liberorumque
1196 911 1280 951 eius
1322 915 1360 950 ct
1411 915 1535 951 status
1577 909 1756 950 coloniae

150 972 330 1028 Lugdun.
382 971 425 1011 L.
473 970 664 1011 Aemilius
713 969 863 1022 Carpus
919 969 1001 1008 1qu
1049 971 1106 1009 vir
1156 969 1258 1022 Aug.
1306 969 1397 1009 item
1451 967 1756 1021 dendrophorus

149 1033 254 1073 vires
295 1030 451 1083 excepit
491 1033 532 1068 et
563 1041 584 1069 a
616 1028 805 1069 Vaticano
847 1027 1043 1069 transtulit
1085 1040 1164 1067 ara.
1206 1033 1245 1067 et
1287 1027 1518 1068 bucranium
1560 1039 1635 1068 suo
1677 1027 1756 1067 im-

147 1089 295 1144 pendio
347 1088 596 1130 consacravit
647 1086 858 1128 sacerdote
906 1086 951 1135 Q.
1000 1086 1167 1126 Sammio
1219 1085 1403 1127 Secundo
1451 1086 1499 1126 ab
1546 1085 1616 1125 XV
1665 1086 1757 1126 viris

149 1149 296 1190 occabo
329 1152 368 1188 et
399 1158 548 1188 corona
580 1150 798 1195 exornato,
833 1146 894 1186 cui
926 1145 1194 1185 sanctissimus
1229 1144 1328 1185 ordo
1370 1143 1622 1198 Lugdunens.
1658 1157 1756 1197 per-

146 1208 374 1261 petuitatem
407 1205 622 1246 sacerdotii
654 1204 829 1244 decrevit
869 1203 969 1258 App.
1013 1204 1144 1244 Annio
1189 1202 1305 1243 Atilio
1348 1201 1503 1244 Bradua
1544 1203 1587 1243 T.
1620 1201 1757 1244 Clodio

109 1259 122 1271 ⁸
147 1266 259 1307 Vibio
289 1265 395 1306 Varo
427 1263 516 1305 Cos.
549 1264 593 1304 D.
627 1263 671 1303 D.
705 1264 749 1303 D.

219 1345 222 1349 ·
287 1321 352 1378 (In
385 1326 500 1362 altero
533 1319 681 1377 latere.)
716 1321 835 1362 Cuius
867 1321 1155 1374 mesonyctium
1183 1320 1325 1360 sactum
1351 1324 1411 1361 est
1443 1321 1474 1359 V
1507 1319 1558 1360 ld.
1582 1320 1677 1361 Dec.
1701 1342 1757 1349 —-

147 1385 320 1433 Lugduni.
363 1385 424 1421 Ph.
458 1396 476 1421 a
509 1385 619 1420 Turre
660 1385 695 1419 in
733 1383 910 1428 Sallengr.
954 1383 1057 1418 Thes.
1089 1383 1171 1418 Ant.
1213 1382 1271 1418 111.
1303 1394 1336 1429 p.
1371 1381 1465 1418 862.
1512 1382 1564 1417 De
1597 1381 1691 1418 Boze
1723 1381 1756 1419 in

147 1445 248 1481 Mem.
292 1444 336 1480 de
380 1443 516 1480 l.Acad.
559 1443 621 1478 des
662 1443 771 1478 lnscr.
814 1442 872 1477 111.
915 1453 947 1489 p.
986 1440 1078 1477 111.
1128 1441 1249 1476 murat.
1292 1453 1325 1488 p.
1359 1440 1455 1476 333.
1503 1440 1598 1477 Orel.
1631 1439 1755 1477 2322.

149 1503 284 1540 Preller
315 1502 379 1539 Die
410 1501 595 1549 Regionen
629 1501 665 1538 d.
696 1502 746 1537 St.
780 1501 878 1537 Rom.
912 1513 945 1548 p.
981 1499 1048 1535 59.
1079 1504 1151 1536 not.
1185 1494 1242 1550 (p.
1276 1499 1357 1536 Chr.
1395 1493 1512 1550 160.)

289 1583 382 1621 371.
444 1581 494 1622 Μ.
528 1581 574 1620 D.
608 1580 658 1620 M.
686 1580 717 1621 ³.
735 1577 767 1628 ⁵)
801 1592 903 1620 sacr.
938 1579 1024 1618 trib.
1042 1576 1082 1632 ⁶)
1115 1583 1213 1618 taur.
1248 1579 1373 1619 fecer.
1408 1592 1495 1619 cum
1528 1579 1610 1619 suis
1631 1577 1757 1619 hostls

148 1645 188 1682 et
218 1637 470 1694 appammff)
503 1640 683 1679 omnibus
714 1639 757 1679 L.
791 1638 927 1691 Dagid.
959 1638 1105 1678 Marius
1128 1638 1266 1679 Pontif.
1291 1643 1445 1690 perpet.
1479 1638 1581 1677 civit.
1608 1637 1757 1677 Valent.

149 1704 189 1739 et
220 1699 392 1739 Verullia
424 1699 588 1740 Martina
621 1703 659 1738 et
692 1697 862 1738 Verullia
904 1697 1027 1738 Maria
1059 1696 1108 1736 fit.
1150 1709 1287 1738 eorum
1329 1709 1402 1750 pro
1435 1695 1562 1737 salute
1593 1696 1684 1748 Imp.
1719 1701 1757 1736 et

153 1758 310 1798 Caesar.
344 1757 607 1811 Philipporum
649 1756 778 1809 Augg.
821 1760 859 1795 et
902 1754 1090 1795 Otaciliae
1129 1756 1303 1795 Severae
1335 1756 1436 1808 Aug.
1477 1755 1609 1795 matris
1643 1755 1755 1795 Caes.

149 1820 190 1856 et
220 1821 384 1856 castror.
417 1816 698 1869 praeeuntibus
731 1813 1003 1854 sacerdotibus
1036 1813 1129 1853 luni.
1164 1815 1250 1854 Tito
1286 1813 1354 1853 XV
1386 1815 1446 1853 vir
1477 1813 1694 1854 Arausens.
1718 1818 1758 1853 et

150 1873 341 1915 Castricio
373 1874 597 1915 Zosimione
631 1873 799 1913 civitatis
831 1872 992 1912 Albens.
1027 1877 1064 1912 ct
1097 1872 1234 1912 Blattio
1266 1873 1435 1912 Paterno
1468 1872 1635 1912 civitatis
1659 1872 1755 1912 Voc.

151 1937 190 1972 et
220 1933 398 1974 Fabricio
431 1933 557 1974 Orfito
590 1932 721 1972 Liber.
755 1932 875 1985 patris
889 1928 930 1984 S)
965 1935 1003 1970 et
1035 1932 1181 1971 ceteris
1215 1930 1496 1971 adsistentibus
1528 1930 1757 1971 sacerdoti-

149 1991 224 2032 bus
256 1991 299 2031 V.
332 1992 370 2033 S.
405 1991 444 2031 L.
478 1991 529 2032 M.
563 1991 651 2032 loco
684 1991 790 2031 vires
829 1989 1011 2030 conditae
1044 1989 1106 2029 die
1149 1989 1249 2030 Prid.
1283 1989 1364 2029 Kal.
1410 1989 1496 2032 Oct.
1537 1989 1628 2042 Imp.
1663 1989 1757 2030 Phi-

149 2049 254 2103 lippo
287 2050 390 2104 Aug.
425 2055 463 2090 et
495 2051 647 2090 Titiano
695 2050 785 2091 Cos.
802 2045 856 2103 ⁹).
891 2071 946 2079 ο-
979 2051 1076 2087 Deae
1119 2051 1388 2088 Vocontiorum.
1420 2051 1529 2099 Spon.
1561 2050 1655 2087 Misc.
1687 2050 1756 2097 97,

153 2110 239 2148 LIX.
286 2112 425 2147 Fabret.
460 2111 625 2157 609‚79.
672 2111 767 2148 Orel.
801 2109 927 2146 2332.

293 2186 386 2222 372.
447 2184 560 2224 Matri
592 2184 706 2224 deum
752 2183 986 2237 tauroplium
1029 2183 1213 2224 indictuni
1255 2184 1366 2224 iussu
1407 2183 1528 2236 ipsius
1561 2195 1613 2222 ex
1653 2184 1754 2236 stipe

154 2240 310 2282 conlata
341 2242 592 2283 celebrarunt
624 2243 797 2284 Narbon.
831 2265 886 2271 —
917 2245 1096 2282 Narbone.
1159 2246 1238 2282 Yon
1273 2245 1380 2281 Daleu
1413 2257 1447 2293 p.
1484 2244 1576 2280 786.
1625 2246 1752 2281 Donat.

153 2314 188 2350 p.
222 2301 289 2348 20,
322 2301 357 2338 2.
405 2302 499 2339 orei.
534 2304 658 2341 2327.

295 2374 389 2415 373.
451 2375 687 2417 Criobolium
721 2384 759 2419 et
791 2377 1054 2419 aemobolium
1079 2378 1201 2418 movit
1233 2376 1281 2417 dc
1313 2389 1388 2418 suo
1412 2377 1619 2418 Petronius
1642 2376 1754 2417 Mar-

155 2433 279 2475 cellus
319 2433 509 2474 sacerdot·
540 2434 587 2475 Vl
618 2436 698 2477 Kal.
731 2436 828 2477 Dec.
861 2435 908 2477 lv
941 2437 1001 2476 vir
1032 2437 1160 2477 Primo
1193 2441 1231 2476 et
1274 2436 1392 2477 Iusto.
1426 2459 1480 2464 —
1514 2439 1633 2476 Teate.
1666 2438 1752 2475 Rei-

154 2506 228 2532 nes.
258 2507 292 2544 p.
325 2493 420 2531 221.
467 2495 552 2531 Mur.
585 2496 679 2542 374,
712 2498 747 2534 2.
796 2498 891 2535 Orel.
923 2497 1048 2534 2334.

293 2552 387 2589 374.
451 2550 655 2593 Kalatores
685 2553 915 2595 Pontificum
948 2558 986 2594 et
1017 2553 1253 2595 Flaminum:

296 2750 333 2795 1)
358 2753 598 2796 Tolentinesis3
624 2766 702 2799 pro:
729 2756 983 2792 Tolentinensis.
1011 2773 1054 2778 -
1080 2755 1118 2799 2)
1138 2757 1367 2790 lustrationem
1386 2762 1418 2789 et
1438 2761 1597 2789 tesseram
1618 2765 1751 2787 aeream

156 2808 199 2832 ex
223 2803 303 2832 voto
328 2800 448 2834 lubens
475 2801 564 2835 dono
599 2802 699 2835 dedit.
725 2820 767 2825 —
793 2804 831 2846 3)
858 2805 1008 2838 feliciter.
1037 2822 1076 2827 —
1104 2801 1142 2845 4)
1171 2805 1282 2836 matris
1317 2803 1416 2836 deum
1452 2812 1593 2844 magnae
1619 2801 1749 2834 Idaeae.

158 2862 200 2868 —
227 2844 265 2887 5)
291 2846 385 2880 Matri
413 2847 520 2881 Deum
541 2848 681 2892 Magnae
700 2849 829 2884 Idaeae.
858 2867 899 2875 a·
927 2850 965 2894 6)
985 2851 1112 2884 Sacrae
1130 2850 1229 2882 tribus
1247 2850 1393 2893 explicat
1411 2850 1513 2892 Spon.
1542 2848 1615 2881 Non
1635 2848 1750 2891 liquet.

159 2889 506 2974 Ebr7J223m⁰b⁰num
531 2906 642 2930 cum..
668 2900 925 2940 apparamentis.
953 2916 994 2921 —-
1020 2896 1060 2940 8)
1087 2897 1198 2930 Liberi
1233 2899 1334 2940 patris
1367 2895 1555 2930 sacerdote.
1584 2912 1624 2917 -—
1652 2894 1691 2937 9)
1717 2904 1749 2937 p.

1879 2703 1882 2740 i

1907 2758 1915 2987 1

1894 2997 1915 3313 1
