1877 3313
439 139 472 182 §.
498 140 529 174 5.
579 138 702 174 Edicta
729 146 763 174 et
788 140 954 184 rescripta
979 140 1235 185 magistratuum
1260 151 1492 176 romanorum.
1690 139 1776 184 337

155 246 289 302 Magg.
322 245 367 288 R.
400 247 441 288 P.
474 260 497 289 a
529 247 768 289 stationariis
802 252 841 288 et
871 247 1004 302 Magg.
1037 247 1206 301 Saepino
1239 253 1277 289 et
1308 249 1484 291 Boviano
1499 246 1559 304 ¹),
1586 260 1636 291 eo
1667 248 1777 304 quod

155 306 196 346 in
228 307 393 348 transitu
432 307 603 348 iumenta
645 311 686 347 et
716 311 924 360 pastores,
955 318 1056 359 quos
1089 306 1356 349 conductores
1389 308 1546 360 habent,
1578 308 1773 361 dicentes,

156 363 346 420 fugitivos
379 378 493 417 esse,
536 371 575 406 et
616 366 790 406 iumenta
831 365 970 407 abacta
1011 366 1181 417 habere,
1225 372 1264 407 et
1294 368 1367 408 sub
1400 367 1473 408 hac
1509 368 1646 421 specie
1677 379 1777 410 oves

156 436 318 478 quoque
361 424 577 466 dominicas
619 424 864 465 redhibeant.
935 425 976 465 ln
1018 424 1084 466 illo
1128 426 1295 467 tumultu
1337 438 1507 468 necesse
1547 427 1777 479 habeamus,

155 484 272 524 etiam
304 485 498 535 scribere,
532 484 702 537 quietius
734 488 914 538 agerent,
948 496 999 523 ne
1030 496 1096 525 res
1129 484 1323 526 dominica
1351 485 1629 528 detrimentum
1655 491 1778 541 pate-

154 548 290 594 retur,
322 548 361 584 et
394 556 480 585 cum
513 543 551 583 in
585 542 725 583 eadem
758 543 1007 584 contumacia
1041 549 1328 596 perseverent,
1361 545 1553 598 dicentes,
1585 558 1667 587 non
1699 558 1777 587 cu-

153 606 313 643 raturos
344 614 413 654 se,
455 614 587 655 neque
628 614 735 643 ineas
767 602 942 653 litteras,
986 614 1137 655 neque,
1178 604 1212 644 si
1254 608 1295 644 tu
1338 605 1397 645 eis
1429 605 1686 658 scripsisses,
1724 606 1779 646 ita

153 660 240 702 fieri
271 661 309 701 in
342 660 434 702 loco
467 661 638 712 domini,
670 662 703 701 si
734 662 803 702 tibi
833 660 1058 713 videbitur,
1100 661 1252 703 indices
1291 662 1442 704 Basseo
1482 663 1586 704 Rufo
1617 668 1658 705 et
1687 664 1779 706 Ma-

98 734 101 737 ·
154 721 264 762 crino
297 719 451 761 Vindici
482 720 543 761 Pr.
577 720 706 761 Praet.
740 720 784 760 V.
819 725 861 761 ut
899 721 1087 774 epistulas
1127 723 1307 762 emittant
1349 722 1397 763 ad
1439 722 1604 765 eosdem
1644 735 1777 779 magg.

155 783 195 820 et
223 779 489 822 stationarios.
538 779 662 827 Quam
696 780 782 820 misi
793 793 803 828 3
838 784 880 820 ut
912 780 1150 834 imperatum
1184 780 1329 822 factum
1361 786 1434 823 est.

298 877 420 915 1722.
483 873 672 916 Claudius
717 875 932 924 Quartinus
964 875 1008 916 Il.
1043 877 1136 917 viris
1176 876 1559 930 Pompeionensibus
1597 877 1776 919 salutem.

293 945 342 987 Et
373 947 434 987 ius
467 945 722 1000 magistratus
757 946 879 987 vestri
912 947 1059 999 exequi
1085 947 1280 988 adversus
1313 953 1570 990 contumaces
1596 949 1779 1002 potestiS,

153 1009 194 1047 et
224 1004 496 1056 nihilominus,
529 1006 594 1058 qui
627 1006 878 1046 cautionibus
919 1006 1160 1059 accipiendis
1192 1007 1359 1058 desunt,
1401 1008 1549 1059 sciant,
1588 1007 1778 1060 futurum,

153 1070 197 1106 ut
229 1077 307 1107 non
339 1077 413 1118 per
443 1064 522 1107 hoc
553 1069 623 1105 tuti
655 1065 744 1105 sint.
804 1064 902 1105 Nam
937 1069 975 1105 ct
1007 1078 1086 1106 non
1118 1071 1371 1119 acceptarum
1403 1067 1631 1109 cautionum
1662 1068 1778 1121 peri-

154 1124 286 1166 culum
318 1123 367 1166 ad
399 1136 472 1165 eos
503 1124 714 1177 respiciet,
758 1129 797 1164 et
841 1124 1027 1177 quicquid
1061 1130 1298 1178 praesentes
1332 1137 1494 1180 quoque
1527 1127 1706 1180 egerint,
1737 1124 1779 1167 id

152 1184 372 1225 communis
415 1184 550 1225 oneris
584 1184 671 1224 crit.
734 1183 842 1224 Bene
874 1184 1014 1224 valete.
1029 1180 1071 1238 2)
1122 1184 1262 1225 Datum
1304 1184 1430 1225 Nonis
1463 1185 1650 1227 Octubris
1682 1184 1779 1226 Cal-

151 1243 292 1298 lagori,
328 1243 572 1298 imperatore
607 1242 781 1283 Caesare
816 1243 985 1283 Traiano
1017 1241 1217 1284 Hadriano
1249 1243 1436 1298 Augusto
1468 1245 1626 1286 tertium
1665 1244 1778 1286 Con-

152 1302 252 1344 sule.
302 1324 358 1331 -—
405 1304 560 1353 Sponius
602 1304 733 1341 Miscel.
774 1316 808 1352 p.
854 1304 938 1340 278
982 1304 1094 1341 edidit
1137 1317 1182 1341 ex
1224 1305 1406 1342 Oileenard
1454 1306 1586 1343 Notitia
1632 1306 1779 1344 Vasco-

153 1365 246 1412 niae,
279 1376 325 1401 ex
359 1364 498 1413 Sponio
530 1363 648 1400 Matl'ei
681 1363 788 1400 Istor.
822 1363 968 1411 diplom.
1002 1375 1037 1411 p.
1071 1363 1137 1400 24.
1170 1365 1347 1401 Terasson
1388 1364 1545 1402 Histoire
1577 1365 1623 1402 de
1653 1366 1687 1402 la
1719 1365 1780 1402 iu-

152 1423 307 1472 risprud.
340 1424 438 1461 Rom.
472 1423 564 1471 Adp.
596 1435 629 1471 p.
663 1423 731 1459 44.
767 1434 814 1458 ex
856 1422 1074 1459 Terassonio
1121 1423 1388 1472 Spangenberg
1430 1424 1553 1461 Tabul.
1595 1424 1779 1472 negotior.

152 1484 313 1520 sollemn.
345 1495 379 1531 p.
415 1481 509 1518 351.
556 1481 664 1518 Orell.
708 1481 835 1518 4032.
883 1481 1022 1518 Claudii
1055 1481 1218 1526 Quartini
1250 1494 1407 1531 persona
1452 1487 1489 1520 ut
1530 1495 1588 1520 res
1629 1484 1676 1521 de
1708 1495 1780 1532 qua

153 1542 273 1589 agitur
303 1542 455 1591 perinde
487 1541 686 1589 ignoratur.
729 1541 862 1578 Tabula
895 1553 1009 1579 aenea
1041 1541 1296 1591 Pompeiopoli
1330 1542 1362 1580 in
1394 1542 1561 1592 Hispania
1595 1537 1778 1596 (rampe-

156 1595 266 1655 lona)
299 1606 444 1650 reperta
482 1605 548 1638 est.

297 1701 420 1739 1723.
480 1698 654 1741 Libellus
686 1699 715 1740 L
721 1731 871 1741 .......
906 1700 1083 1753 Operum
1115 1701 1207 1754 publ
1213 1733 1318 1742 .....
1351 1703 1495 1756 scripta
1529 1702 1779 1744 Severo...-

292 1771 460 1813 Domine
492 1772 794 1824 permittas....
827 1770 1013 1813 aedificio
1057 1784 1147 1813 meo
1193 1778 1284 1826 post
1322 1773 1552 1816 columnam
1593 1773 1779 1815 divorum

150 1830 276 1871 Marci
307 1836 348 1871 et
377 1831 588 1872 Faustinae
602 1862 728 1871 ......
763 1830 930 1885 pedibus
961 1831 1048 1884 plus
1081 1832 1210 1873 minvs
1247 1833 1392 1885 facere
1424 1838 1463 1873 et
1494 1834 1533 1874 in
1565 1833 1779 1874 matricula

150 1891 239 1930 sine
259 1890 400 1931 iniuria
420 1890 654 1943 cuiusquam
666 1922 793 1931 ......
827 1890 1047 1931 secundum
1070 1890 1227 1932 litteras
1248 1892 1501 1934 rationalium
1532 1905 1636 1946 quas
1656 1892 1777 1933 huic-

152 1948 289 1990 lz'bello
319 1949 485 1990 subieci.
529 1949 662 1990 Da...
696 1972 752 1977 —-
785 1953 918 1990 Tabula
951 1964 1153 1989 marmorea
1185 1954 1318 1990 Romae
1351 1959 1496 2002 reperta
1529 1954 1660 1991 eodem
1691 1954 1778 1991 loco

152 2022 224 2059 quo
256 2011 420 2060 proxime
452 2023 607 2059 sequens
639 2011 783 2058 tabula,
817 2023 965 2060 quacum
990 2012 1266 2060 coniungenda,
1298 2017 1402 2061 parte
1425 2013 1616 2062 superiore
1649 2017 1686 2051 et
1715 2013 1778 2050 in-

152 2070 286 2108 feriore
317 2070 459 2118 integra
493 2075 561 2117 est,
592 2070 626 2108 in
658 2071 770 2108 latere
803 2083 938 2108 manca.
972 2071 1138 2108 Continet
1170 2072 1342 2118 libellum,
1376 2077 1413 2109 ut
1444 2072 1598 2119 videtur,
1631 2071 1779 2110 Adrasti

152 2130 268 2167 liberti
289 2141 360 2178 quo
387 2131 505 2167 locum
528 2129 684 2179 hospitio
707 2141 773 2168 suo
797 2142 914 2180 prope
947 2130 1146 2167 columnam
1168 2131 1275 2167 Marci
1307 2131 1531 2170 aedificando
1549 2133 1593 2169 ab
1610 2132 1775 2181 Impera-

153 2193 235 2227 tore
267 2189 443 2238 Septimio
475 2190 618 2226 Severo
651 2189 754 2238 petit.
798 2189 924 2227 Marini
967 2190 1040 2227 Att.
1075 2201 1149 2227 arv.
1181 2202 1216 2239 p.
1259 2190 1356 2228 258.
1388 2191 1458 2228 Fea
1498 2191 1710 2229 Frammeut.
1743 2191 1779 2229 d.

153 2248 233 2286 fast.
264 2261 298 2298 p.
330 2249 465 2286 LXXV.
497 2249 669 2286 LXXVII.

299 2337 421 2374 1724.
483 2334 735 2390 Exemplaria
766 2334 985 2377 litterarum
1017 2335 1265 2377 rationalium
1298 2335 1559 2378 Dominorum
1589 2336 1635 2377 N.
1667 2335 1714 2377 N.
1735 2332 1777 2390 3)

155 2394 408 2448 scriptarum,
439 2394 687 2448 pertinentes
702 2392 744 2450 ⁴)
777 2394 826 2435 ad
857 2394 1069 2435 Adrastum
1102 2393 1236 2449 Augg.
1269 2394 1352 2436 NN.
1385 2395 1450 2436 lib.
1485 2396 1627 2450 quibus
1660 2391 1777 2449 aei⁵]

154 2454 397 2507 permissum
429 2457 492 2494 est
523 2453 735 2495 aedificare
765 2454 855 2495 loco
888 2454 1092 2494 cannabae
1124 2467 1145 2494 a
1177 2454 1265 2496 solo
1297 2454 1392 2496 iuris
1418 2455 1481 2496 sui
1501 2455 1673 2509 pecunia
1702 2466 1778 2496 sua

97 2555 104 2560 ,
154 2517 432 2566 praestaturus
463 2512 652 2554 solarium
684 2513 786 2554 sicut
817 2513 942 2554 ceteri
957 2509 1012 2567 ⁶).

294 2582 433 2626 Aelius
464 2582 640 2626 Achilles
673 2583 717 2626 C.
748 2583 792 2626 L.
824 2585 1046 2638 Perpetuus
1087 2584 1294 2628 Flavianus
1324 2584 1532 2641 Eutychus
1561 2584 1777 2640 Epaphro-

160 2641 241 2684 dito
271 2655 346 2685 suo
380 2643 560 2685 salutem.

299 2828 337 2873 1)
363 2830 393 2865 A
419 2831 555 2864 nomine
581 2829 725 2864 Boviani
750 2829 867 2874 oppidi
893 2828 1104 2863 descendunt
1128 2829 1266 2874 gentilia
1292 2828 1472 2862 Romanius
1497 2833 1530 2861 et
1548 2826 1776 2869 Bovianensis,

159 2880 196 2908 ut
221 2875 362 2911 tortasse
387 2878 605 2911 scribendum
631 2879 672 2911 sit
697 2877 858 2910 Bouiania
883 2887 945 2920 pro
970 2876 1130 2911 Boviano.
1158 2895 1198 2900 ——
1226 2875 1265 2918 2)
1291 2876 1420 2909 Verba:
1450 2875 1527 2908 bene
1550 2875 1659 2910 valete
1683 2876 1776 2921 apud

161 2921 418 2968 spangenberg.
443 2925 654 2959 exciderunt.
687 2942 732 2949 -—
766 2921 805 2966 3)
830 2930 1036 2958 nostrorum.
1071 2940 1114 2946 —
1149 2922 1187 2966 4)
1213 2929 1330 2958 contra
1360 2922 1546 2968 legitimam
1569 2929 1776 2959 structuram

160 2979 223 3013 pro
246 2972 489 3014 pertinentium.
515 2989 560 2994 -
586 2970 624 3016 5)
649 2982 728 3017 pro:
754 2972 796 3006 ei.
821 2989 864 2996 ·-
890 2968 929 3014 6]
956 2969 1061 3007 Orell.
1085 2972 1220 3006 caeteri.

220 3026 301 3059 zeli,
318 3028 441 3062 inscriptt.
460 3029 579 3056 delectus.
1506 3029 1564 3073 22
