1877 3313
156 192 241 234 382
599 188 702 223 Inscr.
727 187 900 233 profanae.
949 184 1031 232 Cap.
1056 186 1097 222 11.
1145 186 1305 222 Tabulae.

157 296 321 340 Suffete.
368 317 416 323 -
461 298 592 335 Romae
635 297 670 334 in
711 299 830 336 tabula
883 308 1006 335 aenea.
1078 297 1217 336 Gruter.
1258 309 1291 345 p.
1337 295 1432 332 470.
1494 295 1636 334 Marcel.
1677 297 1753 334 Stil.

159 357 353 395 cccxltlt.

302 432 422 470 1761.
483 430 524 471 L.
543 431 730 473 Arrunti0
752 431 882 480 Stella,
914 430 955 471 L.
973 430 1066 471 lulio
1088 429 1238 471 Marino
1271 427 1359 470 Cos.
1379 426 1416 483 ¹)
1448 427 1558 469 XIIII.
1590 427 1636 468 K.
1653 427 1753 470 Nov.

296 490 347 530 Μ.
380 489 532 531 Acilius
562 490 751 543 Placidus,
782 491 825 530 L.
861 489 1067 530 Petronius
1088 489 1235 529 Fronto
1265 487 1327 528 llll
1349 488 1419 528 vir.
1450 486 1476 527 l.
1511 487 1555 528 D.
1586 486 1624 528 S.
1657 486 1698 527 C.
1713 484 1755 541 ²)

158 549 380 591 Ferrentini
410 549 448 589 in
481 550 590 590 curia
621 549 730 589 aedis
761 549 944 590 Mercuri.
1015 546 1236 588 Scribundo
1268 545 1478 587 adsuerunt
1508 545 1555 586 A.
1589 545 1756 601 Seglar-

156 621 231 650 nus
262 607 503 658 Maecianus,
535 607 577 648 T.
607 608 789 648 Munnius
820 606 1089 647 NomanIInuS.

297 665 412 714 Quod
443 667 617 707 universi
647 667 692 706 V.
725 666 765 706 F.
782 663 821 720 3)
855 666 897 705 T.
923 665 1175 718 Pomponium
1207 664 1371 706 Bassum
1405 662 1662 705 clarissimum
1693 663 1758 703 vi-

158 739 244 768 rum
277 723 548 766 demandatam
580 725 654 766 sibi
686 737 818 765 curam
851 725 899 765 ab
932 723 1274 777 indulgentissimo
1305 724 1393 776 Imp.
1428 723 1597 764 Caesare
1627 722 1758 763 Nerva

162 785 330 826 Traiano
363 784 547 838 Augusto
579 783 811 824 GermaniCo
845 795 919 836 qua
952 783 1174 823 aeternitati
1192 782 1323 823 ltaliae
1345 795 1442 823 suae
1464 781 1670 835 prospexit
1688 792 1759 821 se—

160 843 331 885 cundum
362 842 636 883 liberalitatem
669 843 753 883 eius
785 843 836 883 ita
868 841 1075 892 ordinare,
1116 846 1159 881 ut
1189 842 1316 882 omnis
1358 845 1468 881 aetas
1511 852 1631 881 curae
1671 840 1758 880 eius

161 903 300 944 merito
331 901 480 956 gratias
511 914 633 955 agere
665 901 821 951 debeat,
852 900 1105 952 futurumque
1136 904 1179 940 ut
1211 904 1339 940 tantae
1372 900 1527 940 virtutis
1558 899 1617 939 vir
1643 898 1760 939 auxi-

161 961 213 1003 lio
246 962 296 1003 sit
327 960 484 1001 futurus
517 960 728 1013 municipio
748 964 885 1000 nostro
918 958 964 1006 Q.
996 958 1040 998 D.
1073 958 1116 999 E.
1148 958 1192 998 R.
1224 958 1265 999 F.
1297 959 1337 998 P.
1368 958 1415 998 D.
1448 957 1490 999 E.
1523 958 1568 998 R.
1601 958 1628 998 Ι.
1662 954 1759 1011 C.⁴]

299 1018 460 1060 Placere
491 1020 724 1072 conscriptis
755 1018 907 1071 legatos
940 1030 991 1057 ex
1024 1017 1099 1057 boe
1130 1016 1270 1057 ordine
1301 1017 1398 1057 mitti
1430 1016 1478 1057 ad
1510 1016 1554 1057 T.
1586 1017 1760 1068 Pompo-

160 1079 264 1120 nium
296 1078 462 1119 Bassum
494 1077 753 1119 clarissimum
785 1077 913 1118 virum
957 1077 1024 1128 qui
1061 1076 1108 1116 ab
1140 1088 1189 1117 eo
1226 1076 1439 1128 impetrent
1468 1076 1509 1116 in
1539 1075 1761 1115 clientelam

162 1137 423 1191 amplissimae
455 1135 594 1178 domus
626 1148 722 1177 suae
753 1134 1002 1187 municipium
1035 1138 1211 1175 nostrum
1243 1135 1423 1187 recipere
1455 1133 1654 1188 dignetur,
1684 1145 1760 1186 pa-

160 1202 399 1248 tronumque
429 1208 475 1238 se
506 1195 686 1248 cooptori
718 1194 847 1235 tabula
878 1193 1058 1246 hospitali
1090 1193 1212 1234 incisa
1244 1192 1320 1234 hoc
1361 1191 1523 1234 decreto
1564 1193 1603 1233 in
1644 1191 1761 1233 domo

157 1268 227 1298 sua
259 1255 387 1309 posita
416 1255 626 1308 permittat,
658 1265 865 1294 censuere.

299 1313 481 1368 Egerunt
509 1313 628 1367 legati
661 1312 707 1352 A.
742 1311 936 1352 Caecilius
969 1309 1016 1350 A.
1049 1311 1089 1351 F.
1115 1309 1325 1358 Quirinalis
1347 1315 1386 1351 et
1407 1310 1616 1359 Quirinalis
1637 1309 1678 1350 F.
1702 1308 1762 1350 Ad

160 1374 265 1428 Aug.
297 1372 405 1413 Tem.
436 1371 478 1412 C.
512 1371 552 1412 P.
584 1370 645 1411 Ad
676 1371 778 1424 Aug.
814 1371 922 1410 Toni.
956 1370 997 1410 C.
1031 1367 1125 1423 l’.⁵)
1169 1393 1218 1397 —
1258 1373 1463 1409 Florentiae
1494 1372 1529 1409 in
1561 1383 1670 1408 aenea
1703 1376 1762 1407 ta-

163 1436 265 1472 bella.
298 1433 380 1470 Ald.
410 1434 537 1470 lllanut.
572 1433 741 1479 (lrtliogr.
784 1444 819 1479 p.
853 1431 917 1467 74.
961 1431 1056 1466 Grut.
1089 1443 1121 1477 p.
1156 1431 1250 1467 456.
1293 1431 1377 1467 Gori
1418 1431 1525 1468 Inser.
1566 1431 1640 1467 Etr.
1672 1431 1697 1466 Ι.
1728 1442 1762 1478 p.

165 1494 228 1529 65.
261 1493 329 1529 Fea
360 1492 571 1528 Frammenti
598 1491 632 1527 di
655 1491 733 1527 fast.
767 1502 864 1527 cons,
896 1502 930 1537 p.
954 1490 989 1525 9.
1014 1501 1046 1525 n.
1072 1489 1136 1525 5221.
1169 1490 1259 1537 Adp.
1294 1490 1457 1527 llaubold
1487 1490 1580 1527 Mon.
1611 1501 1645 1538 p.
1667 1488 1763 1525 232.

164 1553 309 1589 Henzen
341 1550 374 1587 in
407 1551 533 1587 Annal.
566 1548 650 1586 dell7
680 1549 789 1586 instit.
819 1549 914 1584 areb.
951 1547 1073 1594 1845,
1105 1560 1137 1595 p.
1170 1548 1237 1584 40.

309 1638 430 1677 1762.
492 1636 534 1676 C.
567 1634 699 1676 Vettio
730 1634 863 1676 Attico
896 1638 935 1674 et
974 1633 1013 1674 C.
1057 1632 1193 1675 Asini0
1234 1633 1483 1676 Praetextato
1525 1631 1672 1690 Cos.⁶)
1704 1647 1762 1689 pr.

157 1695 248 1738 ldus
280 1695 401 1749 April.

299 1753 465 1795 Peltvini
494 1753 667 1794 Vestinis
699 1753 736 1793 in
769 1753 878 1794 curia
906 1751 1082 1793 ordinem
1110 1751 1343 1793 habentibus
1375 1752 1417 1792 T.
1449 1751 1642 1796 Avidiano
1677 1753 1762 1795 Re-

162 1813 298 1856 stituto
331 1818 370 1854 et
400 1813 554 1853 Blaesio
586 1812 724 1852 Natale
755 1811 880 1852 Aedd.
915 1809 1054 1866 QQ.⁷)
1087 1810 1297 1852 scribundo
1330 1810 1552 1852 adsuerunt.

302 1872 418 1921 Quod
449 1871 623 1912 universi
663 1870 786 1911 verba
817 1870 1022 1921 fecerunt,
1053 1869 1267 1910 Nummiam
1300 1870 1452 1910 Variam
1487 1870 1527 1911 C.
1554 1871 1595 1912 F.
1622 1883 1763 1912 sacer-

164 1931 296 1974 ‹lotem
328 1931 494 1971 Veneris
526 1929 666 1970 Felicis
698 1942 743 1969 ea
785 1928 1007 1969 adfectione
1046 1927 1173 1981 adque
1217 1941 1341 1981 prono
1381 1930 1510 1970 animo
1552 1930 1659 1971 eirca
1689 1943 1762 1971 nos

165 2003 287 2045 agere
317 1991 500 2042 coepisse
533 2000 606 2041 pro
632 1989 806 2029 instituto
835 1987 1133 2028 benevolentiae
1159 2000 1256 2027 suae
1283 1988 1383 2028 sicut
1409 1992 1448 2028 et
1468 1992 1654 2043 parentes
1676 1989 1762 2029 eius

162 2061 321 2103 semper
353 2052 537 2102 egerunt,
568 2051 610 2087 ut
642 2047 785 2087 merito
817 2045 960 2086 debeat
991 2059 1041 2085 ex
1073 2058 1258 2086 consens.
1289 2047 1568 2087 universorum
1599 2051 1763 2100 patrona

162 2107 438 2162 praefecturae
470 2111 631 2147 nostrae
661 2106 746 2146 lieri
777 2117 855 2157 quo
886 2104 1010 2158 inagis
1043 2105 1248 2157 magisque
1280 2103 1354 2145 hoe
1386 2105 1561 2157 honore,
1605 2106 1671 2158 qui
1702 2110 1763 2146 est

163 2167 265 2220 apud
296 2178 369 2207 nos
400 2166 649 2219 potissimus,
682 2169 813 2205 tantae
846 2163 1009 2204 claritati
1040 2164 1123 2203 eius
1156 2163 1286 2203 oblato
1318 2163 1545 2218 dignatione
1575 2164 1763 2218 benigni-

164 2227 251 2266 tatis
285 2225 367 2266 eius
399 2224 567 2278 gloriosi
598 2228 637 2263 et
667 2223 704 2263 in
747 2222 928 2264 ominbus
969 2221 1038 2262 tuti
1078 2234 1125 2262 ac
1162 2221 1316 2263 defensi
1348 2233 1439 2264 esse
1470 2223 1681 2276 possimus.
1715 2222 1761 2270 Q.

162 2283 207 2324 D.
241 2283 283 2324 Ε.
317 2284 359 2324 R.
392 2283 433 2323 F.
466 2283 506 2323 P.
540 2281 583 2321 Ι).
615 2281 659 2322 Ε.
691 2282 736 2322 R.
770 2280 796 2321 l.
832 2281 872 2321 C.
886 2278 927 2334 8)

301 2353 462 2395 Placere
485 2353 680 2393 univorsis
705 2351 954 2404 conscriptis,
985 2350 1187 2392 Nummiae
1219 2351 1357 2392 Variae
1390 2351 1431 2393 G.
1453 2349 1540 2406 125³)
1563 2350 1763 2393 sacerdoti

163 2413 329 2453 Veneris
372 2411 512 2452 Felicis
550 2423 625 2463 pro
668 2409 883 2463 splendore
924 2410 1119 2463 dignitatis
1157 2422 1254 2450 suae
1285 2411 1543 2462 patrocinium
1573 2408 1763 2464 praefec-

165 2476 277 2512 turae
309 2474 469 2511 nostrae
501 2469 635 2511 oss'erri
666 2470 825 2522 potique
858 2468 905 2508 ab
938 2470 1023 2508 ejus
1054 2467 1229 2508 claritate
1266 2473 1306 2508 et
1336 2470 1477 2509 exinna
1509 2469 1762 2523 benignitate,

164 2536 207 2571 ut
238 2529 341 2570 hune
374 2529 564 2569 bonorem
595 2528 671 2569 sibi
692 2541 712 2568 a
736 2527 850 2568 nobis
873 2526 1041 2567 oblatum
1072 2526 1207 2567 libenti
1237 2539 1283 2567 ac
1313 2539 1439 2579 prono
1470 2528 1600 2568 animo
1631 2527 1763 2568 susci-
1819 2525 1821 2568 ἶ

163 2600 260 2641 pere
293 2592 332 2627 et
363 2586 539 2641 singulos
582 2587 833 2638 universosq.
875 2597 950 2626 nos
981 2597 1101 2637 remq.
1134 2584 1326 2638 publicam
1358 2590 1533 2626 nostram
1563 2586 1602 2626 in
1634 2585 1763 2626 elien-
1818 2615 1819 2619 ,

164 2647 278 2687 telam
310 2649 450 2687 domus
482 2658 578 2686 suae
610 2645 791 2698 recipere
830 2643 1016 2697 dignetur
1047 2649 1086 2684 et
1116 2644 1152 2683 in
1185 2643 1498 2697 quibuscumque
1527 2644 1627 2686 ratio
1658 2656 1761 2685 exe·-

308 2808 342 2851 1)
370 2808 448 2843 Post
473 2808 549 2842 Chr.
579 2809 655 2843 ⁴101.
691 2826 732 2831 ——
767 2807 808 2851 2)
833 2809 1039 2854 quatuorviri
1074 2809 1136 2842 iuri
1162 2808 1305 2842 dicundo
1335 2813 1487 2841 senatum
1513 2807 1762 2842 consuluerunt.

167 2874 205 2878 ⁷-
233 2855 272 2898 3)
298 2856 403 2890 verba
432 2857 596 2890 fecerunt.
623 2873 663 2878 —
690 2856 730 2898 4)
756 2857 836 2901 quid
863 2856 904 2889 de
932 2867 971 2889 ea
998 2867 1034 2889 re
1060 2857 1130 2889 fieri
1156 2855 1324 2898 placeret,
1351 2854 1392 2888 de
1419 2866 1458 2888 ea
1485 2867 1521 2888 re
1546 2857 1590 2888 ita
1615 2865 1758 2889 censue-

166 2909 252 2943 runt,
280 2921 320 2926 —-
349 2902 386 2943 5)
413 2903 455 2936 ad
482 2903 624 2945 Augusti
649 2903 809 2946 templum
835 2908 1042 2935 curaverunt
1065 2902 1266 2946 ponendum.
1293 2902 1384 2935 Haec
1410 2908 1580 2944 postrema
1606 2901 1711 2936 verba
1728 2903 1762 2935 in

163 2949 318 2993 exemplo
345 2950 436 2983 Feae
464 2950 606 2989 desunt„
623 2967 662 2972 —
692 2950 730 2991 6)
755 2948 836 2982 Post
860 2948 937 2982 Chr.
963 2949 1042 2982 242.
1068 2965 1111 2970 —
1139 2948 1177 2990 7)
1202 2948 1373 2982 AedIIIbus
1399 2948 1698 2992 Quinquenalssms.
1719 2966 1760 2971 —

166 2994 204 3036 8)
224 2996 301 3039 quid
320 2997 360 3031 de
380 3007 421 3031 ea
439 3006 475 3031 re
493 2997 565 3031 fieri
581 2995 752 3041 placeret,
773 2995 814 3030 dc
835 3006 873 3030 ca
893 3007 929 3030 re
947 2997 993 3030 ita
1011 3001 1224 3031 censuerunt.
1266 3012 1310 3018 -—
1329 2995 1367 3038 9)
1385 2995 1589 3030 clariSsimae
1605 2995 1762 3031 femmae.
