1877 3313
301 149 332 190 §.
358 149 390 183 6.
438 148 538 182 Tituli
564 147 734 182 honorarii
759 148 791 181 in
816 147 932 181 statuis
958 147 1098 194 aliisque
1123 150 1348 184 monumentis
1372 148 1570 184 honorariis.
1656 149 1741 192 193

283 257 404 294 1615.
465 254 505 295 P.
537 254 689 296 Lucilio
722 255 761 295 P.
794 254 835 295 F.
867 254 908 294 P.
940 253 984 294 N.
1018 254 1058 294 P.
1089 267 1256 310 pronep.
1290 254 1488 307 Gamalae‚
1520 256 1606 298 aed.
1639 269 1744 299 sacr.

139 313 249 355 Volk.
281 312 409 354 Aedili
441 313 488 353 D.
519 310 621 368 ΠΙ)
655 313 795 354 allecto
828 313 950 367 gratis
982 313 1216 364 Decuiioni,
1250 314 1444 367 Pontifici,
1476 315 1507 356 ΙΙ
1537 317 1608 356 vir.
1641 329 1745 358 cen-

138 373 269 414 soriae
300 377 382 425 pot.
413 369 756 425 Quinquennal.²]
788 372 827 412 in
860 372 1010 412 comitis
1043 371 1162 424 facto,
1197 374 1327 415 Curat.
1350 374 1545 428 pecuniae
1566 375 1745 428 publicae

139 430 361 485 exigendae
394 436 434 472 et
464 430 761 471 adtribuendae.
807 431 883 471 Hic
914 431 952 470 in
984 429 1097 471 ludos
1130 445 1217 473 cum
1250 433 1471 487 accepisset
1502 434 1660 486 publice
1679 434 1747 475 lu-

141 503 222 541 car,
264 490 415 530 remisit
448 495 487 530 et
519 489 568 530 de
600 501 674 530 suo
714 490 985 543 erogationem
1024 489 1128 531 fecit.
1178 492 1291 532 Idem
1324 505 1395 533 sua
1434 493 1604 546 pecunia
1643 493 1747 533 viam

137 549 246 590 silice
278 549 427 599 stravit,
460 561 562 601 quae
594 553 656 589 est
686 551 814 589 iuncta
847 547 936 588 soro
969 549 1016 588 ab
1049 561 1145 591 arcu
1178 550 1223 591 ad
1257 564 1405 591 arcum.
1452 551 1566 592 Idem
1588 551 1747 605 epulum

138 620 224 648 cum
266 607 454 647 trichlinis
498 606 676 648 CCXVII.
721 607 871 648 colonis
913 606 1043 656 dedit3
1084 609 1176 648 item
1218 609 1422 663 prandium
1463 623 1535 651 sua
1576 611 1748 664 pecunia

138 666 290 707 colonis
323 666 546 707 Ostiesibus
578 667 636 706 bis
670 665 788 706 dedit.
838 665 942 705 Idem
976 666 1112 707 aedem
1145 668 1309 709 Volcani
1351 681 1421 709 sua
1461 670 1633 722 pecunia
1674 683 1748 710 re-

137 725 272 766 stituit.
318 723 424 765 Idem
457 724 597 765 aedem
630 724 798 765 Veneris
819 736 889 765 sua
912 726 1081 777 pecunia
1105 728 1317 768 constituit.
1350 727 1456 768 Idem
1480 727 1620 768 aedem
1643 728 1748 770 For—

137 788 256 824 tunae
294 795 368 825 sua
406 784 575 836 pecunia
619 784 834 824 constituit.
883 782 989 824 Idem
1033 784 1118 825 aed.
1153 785 1309 826 Cereris
1341 799 1411 827 sua
1442 788 1610 840 pecunia
1641 799 1748 829 con-

137 842 270 884 stituit.
316 842 422 883 Idem
462 842 642 896 pondera
685 841 733 882 ad
766 842 972 883 macellum
1016 856 1102 884 cum
1146 844 1195 885 M.
1230 845 1425 886 Turranio
1467 858 1540 887 sua
1579 847 1750 899 pecunia

137 900 245 942 fecit.
293 901 400 942 Idem
432 901 571 942 aedem
604 901 696 954 Spei
727 913 797 942 sua
830 902 996 954 pecunia
1019 903 1234 943 constituit.
1277 903 1382 944 Idem
1407 904 1576 945 tribunal
1595 905 1635 946 in
1656 904 1749 947 foro

136 971 402 1001 marmoreum
446 959 552 1000 fecit.
604 960 703 1000 Huic
744 965 870 1001 statua
911 961 1088 1001 inaurata
1128 962 1173 1001 D.
1207 962 1252 1002 D.
1294 963 1333 1002 P.
1367 960 1462 1016 P.³)
1502 965 1632 1016 posita
1673 969 1749 1016 est,

136 1019 229 1060 item
262 1019 412 1060 ahenea
443 1019 490 1059 D.
525 1019 568 1058 D.
602 1019 642 1058 P.
675 1019 714 1058 P.
748 1021 872 1071 posita
907 1024 965 1059 est
995 1032 1189 1072 proxume
1210 1021 1380 1061 tribunal
1404 1020 1596 1078 quaes.⁴]
1621 1035 1750 1078 prop-

139 1082 249 1119 terea
283 1077 389 1131 quod
421 1091 510 1118 cum
542 1089 608 1118 res
641 1077 794 1130 publica
836 1078 981 1131 praidia
1024 1092 1093 1119 sua
1125 1079 1317 1119 venderet
1335 1081 1395 1121 -ob
1428 1081 1750 1133 pollicitationem

135 1137 227 1178 belli
258 1137 408 1178 navalis
440 1137 515 1177 HS.
548 1136 618 1181 KV.
653 1136 724 1177 CC.
758 1138 815 1177 rei
846 1137 1017 1190 publicai
1049 1137 1220 1178 donavit.
1275 1139 1386 1179 Hunc
1418 1139 1560 1180 funere
1591 1141 1750 1195 publico

183 1228 217 1236 ..
252 1209 335 1237 soc.
369 1195 477 1236 effer.
510 1200 768 1236 censuerunt.
811 1218 866 1223 —
908 1199 945 1234 Iu
978 1203 1085 1246 portu
1119 1199 1284 1236 Ostiensi.
1336 1201 1423 1236 Don.
1455 1202 1505 1247 ΙΙ,
1538 1202 1576 1238 4.
1615 1215 1649 1251 p.
1683 1203 1750 1240 60.

138 1257 235 1294 Orel.
270 1257 393 1293 3882.
428 1257 486 1304 qui
518 1257 682 1304 neglexit
710 1258 819 1293 factas
842 1270 858 1292 a
882 1258 1030 1293 Marinio
1055 1258 1172 1294 Iscriz.
1205 1258 1330 1294 Alban.
1352 1271 1386 1307 p.
1410 1260 1474 1295 58.
1497 1272 1529 1296 n.
1555 1262 1590 1297 5.
1622 1273 1750 1298 emen-

142 1317 318 1354 dationes,
351 1316 556 1353 Correctius
581 1316 678 1352 dedit
703 1320 739 1352 et
772 1316 939 1364 explicuit
972 1316 1163 1352 Mommsen
1186 1316 1349 1353 Analect.
1373 1318 1561 1367 epigraph.
1584 1319 1751 1358 Berichte

140 1376 204 1413 der
235 1375 344 1412 Verh.
378 1375 410 1412 d.
443 1376 558 1411 sacns.
591 1374 669 1411 Ges.
703 1374 735 1410 d.
768 1374 830 1411 W.
863 1374 987 1410 Philot.
1021 1375 1098 1411 hist.
1133 1375 1183 1411 Cl.
1215 1376 1241 1412 I.
1274 1388 1308 1424 p.
1340 1375 1435 1413 295.

842 1448 1038 1488 Mavortii.

281 1509 404 1546 1616.
467 1507 511 1555 Q.
544 1506 678 1547 Flavio
711 1506 862 1548 Maesio
894 1507 1061 1560 Egnatio
1090 1507 1269 1550 Lolliano
1293 1509 1336 1549 V.
1360 1509 1399 1550 C.
1424 1508 1585 1565 Q.K.⁵)
1623 1511 1751 1553 Prae-

136 1567 211 1607 tori
243 1566 410 1617 urbano,
440 1564 593 1620 Auguri
625 1565 784 1619 publico
817 1566 950 1619 populi
981 1567 1134 1607 romani
1167 1567 1404 1620 Quiritium,
1438 1568 1613 1625 Cons.⁶)
1646 1570 1750 1612 albei

134 1626 287 1666 Tiberis
320 1630 359 1665 et
391 1625 627 1673 cloacarum,
662 1625 779 1665 Cons.
813 1637 979 1678 operum
1010 1625 1208 1679 publicum
1241 1626 1358 1668 Cons.
1392 1640 1596 1681 aquarum,
1629 1629 1751 1672 Cons.

135 1684 393 1737 Campaniae,
428 1684 567 1725 Comiti
599 1683 780 1733 Flaviali‚
814 1684 952 1724 Comiti
986 1685 1169 1736 orientis,
1210 1684 1348 1726 Comiti
1380 1688 1495 1739 primi
1527 1687 1677 1729 ordinis
1708 1693 1751 1729 et

132 1743 366 1784 Proconsuli
397 1743 626 1796 provinciae
658 1742 817 1783 Africae
850 1743 964 1796 regio
997 1747 1136 1797 portae
1169 1744 1426 1797 triumphalis,
1457 1746 1628 1789 Patrono
1655 1746 1751 1802 dig-

134 1803 311 1844 nissimo.
346 1825 400 1830 -—
433 1804 604 1849 Puteolis,
637 1816 750 1852 nuper
784 1805 972 1841 admodum
1003 1809 1135 1853 repert.
1169 1806 1337 1843 Avellino
1370 1807 1494 1844 Bullet.
1526 1809 1749 1858 neapolitan.

138 1863 258 1900 1846.
300 1864 337 1900 N.
370 1863 472 1900 LXII.
515 1876 548 1911 p.
584 1863 648 1900 74.
696 1863 840 1900 Henzen
871 1864 973 1901 Jena.
1006 1864 1069 1900 Lit.
1101 1863 1216 1911 Zeitg.
1253 1864 1374 1902 1847.
1417 1867 1453 1903 N.
1489 1866 1538 1903 61
1584 1881 1618 1917 p.
1651 1867 1748 1906 243.

278 1940 399 1976 1617.
460 1937 616 1978 Domini
656 1938 781 1979 nostri
822 1938 1064 1978 invictissimi
1108 1943 1147 1978 et
1188 1939 1438 1980 venerabiles
1479 1953 1526 1980 ac
1566 1941 1748 1994 perpetui

133 1996 307 2051 Augusti
339 1995 587 2037 Theodosius
620 2001 659 2036 et
689 1996 884 2037 Arcadius
918 2001 1001 2038 toto
1035 1996 1133 2038 orbe
1165 1997 1338 2039 victores
1363 1998 1545 2040 Materno
1569 1999 1747 2054 Cynegio

135 2055 308 2096 omnium
345 2056 530 2096 virtutum
564 2055 650 2096 viro
683 2060 722 2095 ct
755 2055 802 2096 ad
835 2056 1031 2109 insignem
1070 2055 1225 2096 laudem
1258 2056 1501 2110 gloriamque
1532 2060 1748 2113 progenito

133 2127 206 2168 per
229 2126 368 2156 omnes
389 2114 585 2155 honorum
609 2114 756 2168 gradus
781 2115 1011 2155 meritorum
1035 2114 1369 2168 contemplatione
1391 2121 1598 2169 provecto,
1619 2118 1749 2158 Prae-

134 2173 238 2214 fecto
279 2173 482 2226 praetorio
524 2186 597 2226 per
630 2173 822 2213 orientem
863 2178 1029 2214 statuam
1071 2173 1175 2214 civili
1217 2174 1350 2215 habitu
1388 2174 1436 2214 ad
1468 2176 1628 2228 petitum
1658 2177 1749 2229 pri-

135 2245 289 2274 morum
332 2231 519 2272 nobilium
561 2231 857 2272 Alexandrinae
901 2233 1010 2273 urbis
1053 2233 1090 2273 iu
1134 2232 1271 2272 eadem
1311 2232 1517 2286 splendida
1558 2234 1656 2275 urbe
1697 2234 1748 2276 ad

134 2291 408 2344 perpetuitatis
438 2290 581 2331 famam
613 2290 705 2332 loco
738 2291 999 2332 celeberrimo
1032 2291 1217 2332 constitui
1250 2291 1520 2345 collocarique
1545 2293 1748 2334 iusserunt

134 2362 207 2403 per
229 2349 468 2391 clarissimos
489 2348 783 2390 Alexandrinae
806 2350 983 2391 civitatis.
1016 2374 1072 2380 —
1097 2348 1340 2390 Alexandriae
1357 2353 1391 2390 in
1408 2354 1592 2403 Aegypto.
1615 2356 1746 2394 Donat.

136 2412 233 2448 Tom.
265 2412 308 2448 11.
339 2423 373 2459 p.
408 2410 503 2447 223.
552 2411 648 2448 Orel.
685 2411 807 2448 1139.

279 2487 401 2524 1618.
463 2484 520 2525 Fl.
553 2485 786 2527 Merobaudi
818 2486 862 2525 V.
895 2485 934 2528 S.
969 2485 1075 2527 Com.
1109 2483 1237 2539 SCst)
1271 2486 1326 2526 Fl.
1359 2486 1591 2528 Mei-obaudi
1612 2500 1742 2541 aeque

136 2543 231 2585 forti
262 2548 301 2584 et
332 2543 453 2585 docto
486 2544 571 2585 viro
604 2549 680 2584 tam
713 2544 846 2584 facere
878 2544 1068 2585 laudanda
1102 2557 1216 2597 quam
1248 2545 1413 2586 aliorum
1445 2545 1546 2587 facta
1578 2546 1746 2589 laudare

136 2603 367 2656 praecipuo,
400 2603 593 2643 castrensi
624 2604 869 2656 experientia
892 2604 1013 2654 claro,
1044 2602 1226 2643 facundia
1258 2604 1322 2644 vel
1353 2605 1586 2646 otiosiorum
1616 2605 1747 2649 studia

136 2674 421 2716 supergresso,
465 2662 526 2702 cui
557 2674 579 2702 a
611 2661 838 2715 crepundiis
878 2674 950 2715 par
982 2663 1134 2702 virtutis
1166 2666 1206 2702 et
1235 2661 1487 2716 eloquentiae
1520 2677 1640 2718 cura,
1678 2666 1745 2707 in-

279 2812 316 2857 1)
343 2814 482 2849 decreto
509 2814 740 2848 decurionum.
769 2833 808 2838 —
838 2813 875 2857 2)
903 2815 1080 2849 duumviro
1105 2817 1279 2850 censoriae
1296 2817 1472 2861 potestatis
1491 2818 1732 2863 quinquennali

145 2876 186 2882 -
213 2858 252 2903 3)
279 2861 416 2895 decreto
443 2861 664 2895 decurionum
689 2863 834 2906 pecunia
860 2862 1006 2906 publica.
1034 2880 1074 2885 —-
1101 2861 1140 2904 4)
1166 2866 1365 2908 quaestoris.
1392 2881 1433 2886 —
1460 2862 1498 2907 5)
1524 2866 1597 2899 viro
1623 2865 1743 2899 claris-

139 2909 434 2989 nglpfiltq’uaestori
459 2908 650 2943 candidato.
678 2926 718 2933 —
747 2907 784 2952 6)
804 2909 985 2944 consulari.
1011 2927 1055 2934 —-
1080 2906 1122 2952 ¹7)
1141 2910 1222 2944 Viro
1245 2910 1422 2955 spectabili
1441 2908 1574 2946 Comiti.
1599 2912 1742 2948 Senatus

198 3013 277 3045 Zeti,
296 3013 418 3046 inscriptt.
437 3012 554 3040 delectus.
1479 3016 1534 3060 13
