1877 3313
460 145 491 188 ξ.
518 147 548 181 3,
596 145 782 191 Appendix
806 145 920 191 legum
946 152 982 181 et
1007 147 1392 183 senatusconsultorum
1650 147 1736 191 297

119 265 173 294 ex
203 250 429 307 Luguduno
448 249 485 308 ¹]
519 252 668 295 habere
701 266 775 295 nos
816 254 943 295 nostri
975 253 1124 294 ordinis
1156 254 1264 296 viros
1306 267 1385 297 non
1425 256 1612 309 paenitet.
1661 257 1734 297 Ti·-

116 311 221 353 mide
254 311 412 365 quidem
444 313 484 353 P.
518 312 558 352 C.
592 325 783 366 egressus
815 312 1008 354 adsuetos
1040 312 1336 367 familiaresque
1368 315 1481 356 vobis
1501 315 1732 368 provincia-

116 384 203 412 rum
235 372 427 412 terminos
459 384 567 420 sum3
599 371 670 412 sed
703 371 890 412 destricte
922 373 996 412 iam
1028 377 1206 412 comatae
1248 373 1394 414 Galliae
1426 386 1545 414 causa
1577 375 1732 428 agenda

116 434 190 470 est.
252 429 292 470 In
326 443 401 482 qua
434 431 467 471 si
500 432 587 483 quis
620 430 695 470 hoc
728 431 901 470 intuetur
933 429 1038 483 quod
1072 430 1176 471 bello
1201 443 1272 483 per
1297 431 1435 473 decem
1459 445 1585 473 annos
1609 445 1734 473 exer-

117 488 275 529 cuerint
306 488 440 529 divum
472 488 623 540 Iulium,
655 488 758 528 idem
794 494 967 542 opponat
999 494 1156 529 centum
1188 502 1383 531 annorum
1415 491 1653 532 immobilem
1680 492 1733 532 li-

116 547 208 587 dem
242 547 558 601 obsequiumque
591 547 722 588 multis
757 547 920 601 trepidis
951 548 1073 588 rebus
1107 549 1253 589 nostris
1276 549 1482 603 plusquam
1508 556 1730 603 expertum.

113 606 170 647 Illi
202 606 304 659 patri
335 618 423 646 mco
456 606 587 647 Druso
622 607 870 647 Germaniam
914 607 1114 660 subigenti
1156 612 1278 647 tutam
1322 610 1455 662 quiete
1498 621 1568 649 sua
1610 622 1734 650 secu-

114 677 283 717 ramque
314 677 336 705 a
378 669 493 717 tergo
536 677 674 718 pacem
717 666 1024 718 praestiterunt,
1066 671 1105 706 et
1147 666 1301 718 quidem
1340 680 1427 708 cum
1465 664 1541 721 a2)
1587 680 1734 709 census

60 736 63 738 ’
114 735 221 764 novo
264 727 344 764 tum
389 736 513 776 opere
564 729 603 764 et
645 724 853 764 inadsueto
897 724 1030 764 Galliis
1070 724 1118 765 ad
1161 725 1305 765 bellum
1349 725 1568 768 advocatus
1610 733 1732 768 essct.

116 781 232 830 Quod
265 794 365 836 opus
398 794 513 834 quam
545 782 708 823 arduum
741 784 790 823 sit
822 783 937 823 nobis
969 795 1074 824 nunc
1107 796 1194 823 cum
1227 786 1426 837 maxime,
1457 786 1636 840 quamvis
1668 787 1733 826 ni-

115 840 169 881 hil
203 841 302 881 ultra
335 853 452 894 quam
483 846 526 881 ut
559 841 739 895 publicae
772 847 887 882 natae
921 842 998 882 sint
1029 841 1237 883 facultates
1281 849 1444 885 nostrae
1488 845 1734 898 exquiratur,

115 899 230 941 nimis
263 912 407 955 magno
441 901 718 954 experimento
751 901 1114 955 cognosciturus...

383 1029 575 1064 Senatus
601 1031 854 1064 consultum
882 1031 922 1064 in
951 1031 1157 1065 honorem
1186 1031 1466 1067 Germanici.

259 1126 381 1163 1694.
435 1127 472 1163 In
506 1128 648 1164 tabulae
679 1140 815 1164 aeneae
847 1129 1068 1175 fragmento,
1101 1129 1255 1166 sortasse
1289 1130 1323 1166 in
1356 1129 1522 1177 Angliam
1546 1131 1733 1177 translato,

115 1186 246 1223 editum
280 1198 299 1221 a
330 1186 400 1222 Fea
432 1186 645 1223 Frammenti
679 1188 711 1224 di
745 1187 825 1224 fasti
858 1187 1025 1225 cosolari.
1058 1188 1156 1225 Rom.
1194 1188 1314 1224 1820.
1347 1201 1379 1237 p.
1403 1189 1508 1236 XVI,·
1539 1189 1732 1227 Niebuhr-io

113 1244 314 1282 Rheinisch.
338 1245 493 1281 Muscam
527 1246 582 1281 fiir
613 1246 790 1293 Pliiloiog.
831 1246 941 1283 Bonn.
978 1246 1098 1283 1827.
1132 1247 1156 1283 Ι.
1188 1248 1314 1293 Jahn-g.
1346 1260 1379 1296 p.
1415 1247 1522 1293 3503
1555 1249 1730 1285 Haubold.

113 1305 266 1341 litonum,
298 1304 369 1350 leg.
402 1317 435 1352 p.
468 1304 558 1341 187.
621 1305 673 1340 De
706 1310 919 1351 argumento
953 1310 1096 1342 senatus
1129 1306 1280 1342 consulti
1315 1307 1558 1343 conterendus
1591 1308 1731 1344 Tacitus

114 1363 240 1400 Annal.
272 1363 316 1408 ΙΙ,
351 1362 402 1399 83
438 1363 495 1399 ubi
528 1363 620 1399 inter
653 1364 717 1400 alia
762 1365 850 1400 haec
892 1365 1079 1411 leguntur:
1124 1365 1290 1401 Honores
1336 1370 1373 1401 ut
1416 1366 1491 1412 quis
1535 1377 1658 1402 amore
1698 1368 1731 1403 in

115 1422 361 1458 Germanicum
396 1427 457 1458 aut
488 1422 633 1469 iugenio
666 1423 817 1468 validus,
849 1424 985 1471 reperti
1019 1424 1251 1471 decretique:
1285 1428 1322 1460 ut
1355 1435 1483 1461 nomen
1508 1424 1584 1461 eius
1606 1425 1733 1462 Saliari

115 1480 270 1517 carmine
315 1485 527 1527 caneretur3
566 1481 669 1517 sedes
714 1482 851 1518 curules
885 1483 1113 1518 sacerdotum
1146 1482 1398 1529 Augustalium
1431 1483 1519 1520 locis
1554 1495 1734 1532 superque

115 1552 174 1576 eas
208 1551 385 1587 querceae
419 1551 578 1576 coronae
602 1545 864 1586 statuerentur3
898 1541 1001 1578 ludos
1025 1542 1204 1578 circenses
1231 1543 1365 1578 eburna
1391 1542 1530 1590 effigies
1557 1544 1733 1591 praeiret3

118 1610 213 1635 neve
247 1598 323 1647 quis
356 1599 483 1636 flamen
516 1604 575 1636 aut
607 1611 721 1647 augur
763 1600 796 1637 iu
829 1601 945 1637 locum
990 1600 1187 1638 Germanici
1231 1601 1294 1638 nisi
1336 1602 1455 1647 gentis
1495 1602 1605 1639 Iuliae
1648 1614 1733 1640 cre-

115 1662 261 1695 arentur
293 1662 360 1695 etc.

817 1728 972 1782 Fragm.
1001 1726 1027 1768 l.

253 1790 422 1839 uterqve
456 1785 703 1827 domestic..
739 1786 887 1828 Caesar
919 1787 1081 1842 Aug...
1116 1789 1214 1829 citra
1247 1801 1356 1830 mare
1387 1801 1481 1830 se..
1516 1789 1731 1842 aliqvam..

115 1845 275 1885 canitur
306 1845 345 1885 in
378 1845 575 1898 palatio..
610 1846 646 1885 in
681 1846 823 1886 eodem
856 1847 1011 1887 libro..
1044 1848 1309 1899 yermanicvm
1343 1849 1543 1889 arbitra..
1577 1850 1732 1890 senatvi

112 1904 273 1957 placere
307 1904 414 1944 vti..
446 1905 644 1958 imagines
677 1911 923 1958 ponerentvr
955 1918 1077 1960 svpra
1097 1938 1131 1947 ..
1165 1913 1294 1947 celcra
1328 1920 1429 1960 qvae
1462 1920 1513 1947 ex
1533 1920 1566 1948 s.
1590 1921 1623 1948 c.
1653 1907 1730 1948 lio-

113 1962 336 2004 uorandi..
369 1963 435 2016 qvi
465 1964 568 2004 inter
600 1963 674 2004 alia
707 1964 848 2005 eodem
881 1965 1134 2006 volumine..
1168 1967 1265 2007 mari
1297 1967 1589 2019 provinciarvm
1623 1967 1730 2007 asia-

113 2023 342 2062 ticarum..
384 2023 536 2075 qratias
576 2019 698 2076 agere
742 2028 780 2063 et
818 2036 1095 2077 agnoscere..
1140 2029 1301 2066 osarent
1334 2025 1399 2065 rbi
1431 2030 1571 2066 tere..
1604 2025 1728 2066 iscvm

115 2093 221 2134 qv..
255 2084 423 2122 arent..

804 2142 961 2196 Fragin.
995 2141 1035 2183 Π.

254 2199 348 2240 M..
383 2212 500 2240 vm..
533 2199 627 2240 ratis
661 2204 745 2240 t...
779 2201 800 2240 ἱ)
834 2202 845 2241 i
875 2213 1026 2243 asco..
1058 2202 1165 2242 mi..
1199 2214 1277 2243 non
1310 2213 1510 2255 parces..
1546 2201 1728 2244 Caesaris

112 2259 314 2311 pontificis
344 2271 454 2299 max.
475 2291 512 2299 ..
547 2260 730 2300 antoniae
764 2261 903 2301 matris
923 2292 961 2301 ..
995 2260 1095 2300 alter
1134 2260 1247 2302 lanx-s
1290 2261 1405 2302 fieret
1424 2292 1463 2302 ..
1496 2262 1729 2315 regionibvs

114 2331 223 2371 qx..
266 2330 342 2359 con
385 2318 551 2359 veniens
593 2331 638 2358 rv
668 2351 706 2358 ..
748 2320 887 2360 tertivs
929 2319 1043 2360 Iauvs
1091 2332 1192 2360 vero
1224 2352 1272 2361 ..
1328 2320 1529 2361 eaeercitvs
1582 2319 1727 2362 deinde

112 2377 231 2429 pei..
266 2377 472 2418 Germanis
506 2382 544 2417 et
576 2390 698 2431 praec
718 2409 754 2418 ..
788 2379 975 2419 tumalvm
1016 2378 1136 2419 Drusi
1169 2378 1314 2419 face..
1360 2384 1399 2419 et
1431 2384 1629 2420 cvmesset
1659 2380 1699 2420 in

114 2448 136 2474 e
156 2466 192 2476 ..
226 2448 278 2476 ex
310 2435 398 2477 hoc.
431 2449 462 2477 s.
498 2449 531 2477 c.
565 2436 690 2478 sacti-s
721 2437 791 2477 ubi
823 2450 974 2490 corpus
1007 2438 1238 2478 Germanici
1284 2438 1465 2479 Caesaris
1510 2443 1728 2480 crematum

115 2524 152 2534 ..
185 2499 312 2536 rasset
344 2496 393 2536 tri
412 2527 449 2536 ..

394 2625 588 2660 Senatus
614 2626 863 2660 consultum
889 2626 1085 2661 deludis
1110 2627 1447 2662 saecularibus.

259 2722 382 2760 1695.
443 2723 562 2760 Edidit
602 2723 692 2760 haec
733 2724 935 2770 fragmenta
976 2723 1110 2773 primus
1150 2724 1292 2762 Fulvius
1332 2723 1475 2762 Ursinus
1518 2734 1566 2761 ex
1606 2725 1726 2762 tabula

115 2791 310 2819 marmorea
343 2783 387 2820 ad
420 2783 556 2820 calcem
589 2782 709 2830 operis
740 2782 887 2820 Antonii
919 2783 1109 2832 Augustini
1142 2784 1195 2821 De
1228 2784 1366 2831 legibus
1399 2787 1434 2820 et
1463 2787 1607 2821 senatus
1630 2795 1723 2822 con-

256 2924 294 2968 1)
320 2926 497 2970 Luguduno
529 2926 672 2972 Sponius
704 2933 738 2961 et
761 2927 890 2962 Artaud
927 2928 1106 2971 exhibent,
1141 2934 1175 2962 et
1208 2928 1409 2961 Menestrier
1442 2929 1475 2962 in
1509 2928 1624 2964 tabula
1656 2930 1725 2975 legi

116 2978 305 3015 asseverat3
331 2974 467 3019 reliqui:
494 2974 662 3019 Luydemo,
690 2992 727 2998 ——
757 2973 795 3017 2)
822 2975 936 3009 tabula
964 2981 1080 3020 aperto
1107 2977 1208 3009 vitio:
1233 2976 1277 3008 ad
1301 2986 1425 3010 census.
