1887 3324
1708 140 1764 183 23

220 257 272 297 N.
296 258 415 296 1724.
438 271 471 295 a.
521 256 726 296 Addenda
756 263 818 295 est
849 255 1023 308 epistola
1044 256 1154 294 Velii
1175 256 1291 305 Fidi,
1324 271 1404 309 qua
1425 257 1614 295 Iubentio
1639 257 1760 296 Celso

136 313 319 353 libellum
337 314 447 353 Arrii
465 313 604 366 Alphii
629 312 883 352 commendat
906 311 958 351 de
981 312 1214 364 corporibus
1238 314 1420 365 coniugis
1442 320 1483 352 et
1502 313 1574 352 filii
1594 313 1764 352 transfe-

136 370 286 409 rendis.
346 370 520 409 Orellius
554 369 722 408 exhibet
752 383 789 407 n.
821 371 933 407 4370
964 369 1072 421 quod
1105 370 1338 421 exemplum
1369 370 1544 408 Henzen
1574 370 1664 409 Vol.
1685 370 1761 409 III.

138 441 174 478 p.
197 428 278 465 473
305 427 470 478 corrigit
492 427 647 478 aliquot
668 425 767 464 locis
791 439 812 463 e
835 432 1096 463 monumento
1120 426 1228 477 ipso,
1254 425 1362 478 quod
1382 426 1538 465 Romae
1560 427 1602 464 in
1623 440 1762 466 museo

138 483 408 521 Kircheriauo
431 488 674 520 asservatur.
706 481 938 520 »Secundum
963 481 1171 519 literarum
1192 483 1233 519 in
1254 490 1513 521 monumento
1529 483 1679 522 formas
1695 496 1762 521 ex-

137 552 320 591 pressam
346 539 517 577 eandem
540 539 846 590 inscriptionem
868 544 1150 590 repraesentat
1176 538 1378 577 Nouveau
1394 539 1537 578 Traite'
1561 539 1611 578 de
1636 539 1764 592 diplo-

138 596 328 648 matique.
353 596 469 634 Tom.
492 595 567 633 III.
591 594 670 632 tab.
695 596 758 632 154.

223 658 376 699 Velius
400 657 537 698 Fidus
561 655 763 699 lubentio
788 656 918 699 Celso
952 657 1149 714 collegae
1183 673 1261 700 suo
1295 658 1495 702 salutem.
1554 659 1764 702 Desideri

138 714 300 767 frater,
321 715 440 756 Arrii
462 713 612 768 Alphii
635 713 794 754 Arriae
818 712 1041 766 Fadillae,
1074 715 1239 757 domini
1262 722 1397 757 nos-tri
1419 718 1529 772 Imp.
1551 715 1765 758 Antonini

135 771 251 828 Aug.
273 771 448 823 matris,
477 770 622 812 liberti
645 768 839 811 libellum
863 768 943 811 tibi
966 771 1087 825 misi,
1112 772 1278 827 cogniti
1298 771 1404 814 mihi
1427 788 1481 814 ex
1503 773 1635 830 longo
1656 778 1764 814 tcm-

138 842 245 883 pore
268 829 437 883 primae
462 826 714 868 iulmntutis.
774 827 922 867 Etiam
947 828 1153 881 miratus,
1187 843 1284 869 cum
1318 827 1372 870 ab
1398 827 1582 871 aedibus
1606 844 1763 883 essem,

137 890 243 942 quot
266 900 317 925 eo
340 884 436 925 loco
460 900 506 924 se
530 883 808 925 simtulissvt:
833 899 857 924 a
881 898 966 941 quo
991 883 1125 925 didici
1146 900 1305 926 causas
1323 886 1622 944 requisitionis
1641 888 1672 942 ¹)
1697 892 1765 928 set

138 946 181 981 ct
202 939 431 996 religionis
456 954 730 996 maglwpere
756 955 779 980 a
804 939 981 981 domino
1005 956 1045 981 n.
1068 942 1178 997 lmp.
1201 942 1476 997 impetrasse.
1509 943 1575 985 lta
1599 959 1653 984 ne
1678 957 1764 999 qua

136 1011 259 1038 mora
281 996 485 1038 videatur
508 997 546 1038 ei
567 1011 646 1052 per
669 1011 748 1037 nos
772 996 880 1049 fieri,
902 995 1097 1038 libellum
1121 997 1439 1054 subscriptum,
1472 1014 1552 1055 per
1575 999 1763 1041 eundem

136 1051 359 1109 publicum
384 1054 478 1094 sine
501 1068 624 1096 mora
650 1052 754 1093 mibi
779 1054 991 1094 remittas.
1025 1057 1141 1110 Opto
1164 1060 1206 1095 te
1226 1054 1394 1096 salvom
1414 1061 1456 1096 et
1472 1055 1646 1097 felicem
1665 1071 1764 1098 esse.

219 1108 483 1165 Exemplum
506 1109 641 1151 libelli
666 1108 769 1150 dati.

222 1166 334 1208 Cum
366 1173 467 1207 ante
501 1166 578 1207 lios
610 1165 702 1206 dies
728 1166 928 1220 coiug‹·111
956 1173 996 1207 et
1020 1165 1152 1208 filium
1177 1168 1398 1209 amiserim
1424 1174 1466 1210 ct
1489 1183 1667 1225 pressus
1690 1184 1764 1210 ne-

138 1223 346 1264 cessitate
370 1237 557 1278 corpora
582 1237 730 1262 eorum
754 1222 876 1264 fictili
901 1223 1178 1277 sarcophago
1201 1224 1620 1278 connnendaverim,
1643 1224 1765 1267 doni-

137 1294 267 1335 quum
301 1282 380 1329 tls-¹2)
412 1278 533 1320 locus
566 1294 693 1335 quem
729 1294 923 1320 ‹fineram
957 1278 1268 1323 aedificaretur
1301 1282 1370 1322 via
1396 1281 1614 1323 Flaminia
1650 1283 1765 1324 inter

136 1335 345 1377 miliar.ll
371 1341 413 1375 et
437 1336 500 1378 llI
523 1334 727 1376 euntibus
752 1334 806 1376 ab
832 1334 938 1376 urb‹·
962 1344 1086 1391 parte
1110 1336 1250 1389 laeva,
1274 1337 1474 1379 custodia
1492 1339 1766 1380 monumenti

136 1391 231 1433 Fla.
255 1391 490 1433 'l'luuneles
525 1408 549 1434 a
582 1391 779 1433 Maesolo
803 1392 860 1432 M.
884 1392 989 1434 Solii
1012 1393 1237 1449 ‹)1·cilii=⁵):
1271 1409 1401 1447 rogo,
1436 1393 1635 1448 domine,
1667 1409 1764 1451 per—

136 1449 284 1490 mittas
319 1448 423 1489 mihi
455 1451 496 1490 iu
534 1447 687 1489 eodeni
724 1448 818 1489 loco
853 1449 895 1489 in
929 1464 1177 1491 marmoreo
1213 1448 1471 1504 sarcofago,
1507 1466 1635 1507 quem
1660 1450 1765 1492 mihi

136 1504 266 1546 modo
291 1506 560 1560 comparavi,
584 1520 635 1545 ea
659 1520 845 1559 corpora
869 1505 1093 1561 colligere,
1116 1512 1161 1546 ut
1182 1504 1412 1547 euandonc
1428 1512 1463 1558 ¹³)
1488 1522 1570 1563 ego
1591 1507 1764 1549 desiero

138 1561 307 1617 pariter
331 1577 427 1602 euin
453 1562 516 1603 eis
536 1576 689 1616 ponar.
707 1587 762 1590 —

222 1617 453 1659 Feretrum
479 1617 573 1658 fieri
597 1616 756 1672 placet.
789 1616 1014 1659 lubentius
1029 1618 1186 1660 Celsus
1201 1618 1504 1671 l'rolnagister
1524 1618 1766 1676 subscripsi

134 1674 202 1716 III
233 1673 346 1715 Non.
378 1672 595 1715 Now-nib.
615 1674 749 1714 Antio
773 1673 954 1716 l'oliom¹
989 1682 1030 1716 et
1064 1675 1301 1731 (⁷)pi1niano
1334 1675 1442 1717 Kos.
1477 1676 1713 1719 ordinariis
1729 1681 1764 1733 ³)

137 1729 303 1772 Severo
329 1737 371 1771 et
395 1729 637 1772 Sabiniano
663 1733 763 1771 Cos.

219 1801 284 1840 Ad
307 1802 400 1851 316.
434 1803 611 1840 Decreta
637 1810 675 1839 et
699 1804 926 1841 sententiae
953 1806 1261 1855 magistratuum
1284 1819 1551 1845 romanorum.

209 1869 259 1907 N.
285 1871 402 1907 1731.
430 1884 463 1907 a.
524 1869 727 1907 Addeuda
750 1870 784 1908 h.
809 1871 830 1908 l.
854 1873 1056 1909 sententia
1083 1874 1124 1909 (¹.
1159 1871 1344 1910 Ilelvidii
1376 1873 1505 1912 I'risci
1549 1874 1688 1913 arbitri
1710 1875 1761 1914 de

135 1925 281 1964 finibus
305 1926 497 1978 regundis
523 1928 626 1964 inter
649 1926 816 1964 Tillium
841 1929 1003 1965 Sassum
1030 1929 1229 1979 privatum
1265 1935 1304 1966 et
1338 1930 1599 1982 municipium
1624 1931 1762 1970 Histo-

135 1983 346 2020 niensium.
408 1982 588 2034 lx‘eperta
623 1990 682 2020 est
715 1984 1014 2034 ('ampomariui
1039 1986 1078 2021 in
1100 1984 1234 2022 littore
1259 1986 1378 2023 maris
1401 1986 1644 2026 Hadriatici.
1676 1987 1763 2026 Pri·

134 2052 220 2076 mus
244 2038 372 2077 edidit
399 2040 623 2077 Garun-cius
641 2039 787 2077 Bullet.
806 2040 951 2091 Napol.
970 2054 1061 2077 nov.
1081 2055 1155 2078 ser.
1173 2042 1290 2079 1853.
1308 2056 1344 2079 n.
1364 2041 1414 2079 ‘23
1432 2056 1468 2094 p.
1489 2045 1569 2082 180
1588 2050 1628 2082 et
1644 2058 1679 2082 n.
1697 2045 1764 2083 34.

134 2108 171 2146 p.
198 2096 248 2133 79
271 2103 362 2147 post
387 2109 475 2133 eum
501 2096 671 2133 lleuzen
697 2095 803 2147 apud
828 2095 949 2134 Orell.
972 2110 1007 2134 11.
1032 2098 1139 2135 6432
1173 2104 1211 2134 et
1243 2097 1469 2136 Mommsen
1502 2099 1762 2139 Stadtrechte

135 2150 208 2189 der
230 2151 338 2190 latin.
364 2152 622 2190 (zeuwimlcn
646 2153 843 2205 Salpensa
868 2167 902 2191 u.
927 2152 1100 2204 Malaga.
1123 2168 1160 2205 p.
1183 2155 1276 2192 434.
1301 2155 1410 2193 cuius
1433 2155 1598 2207 quidem
1626 2170 1761 2196 exem-

132 2207 244 2259 plum
268 2222 329 2246 ses
344 2210 486 2247 uimur.

219 2259 267 2302 C.
292 2224 524 2302 ffelvidius
549 2260 728 2302 Priscus
757 2260 923 2302 arbiter
951 2276 1006 2302 ex
1034 2262 1336 2316 conpromisso
1370 2263 1484 2305 inter
1512 2264 1565 2316 Q.
1583 2263 1762 2306 Tillium

133 2316 349 2372 Erylluni,
372 2324 704 2372 lwocuratrn‘em
732 2317 832 2358 Tilli
857 2316 991 2369 sassi,
1016 2323 1056 2358 et
1079 2318 1137 2359 M.
1160 2317 1376 2377 Paquiunl
1399 2319 1658 2374 Aulanium,
1691 2337 1761 2363 ac-

133 2378 271 2414 torem
305 2374 516 2429 municipi
538 2373 890 2415 Hist‹1›niensium
924 2375 1118 2430 utrisque
1151 2375 1462 2429 praesentibus
1479 2377 1646 2419 iuratus
1664 2393 1761 2420 sen—

132 2430 317 2471 tentiam
342 2430 453 2472 dixit
472 2431 516 2471 in
540 2446 593 2472 ea
614 2429 750 2471 verba
775 2447 885 2488 quac<
906 2430 1024 2482 infra
1047 2436 1207 2482 scripta
1229 2439 1342 2473 sunt.

219 2484 536 2528 Cum'libcllus
569 2492 696 2527 vetus
729 2485 783 2528 ab
819 2486 1042 2527 actoribus
1074 2486 1425 2529 Histoniensium
1456 2489 1656 2545 prolatus
1691 2491 1760 2545 sit,

135 2556 264 2598 quem
287 2540 622 2584 desideraverat
640 2542 794 2584 Tillius
815 2542 991 2584 &assius
1016 2541 1228 2596 exhiberi,
1253 2549 1295 2584 et
1317 2544 1361 2585 in
1384 2559 1434 2586 eo
1459 2546 1671 2601 scriptum
1694 2547 1759 2588 fu-

135 2597 237 2651 erit,
274 2612 425 2640 eorum
457 2598 652 2640 locorum
685 2598 738 2640 de
775 2598 934 2655 quibus
968 2599 1114 2655 agitur
1143 2599 1309 2641 factam
1344 2599 1758 2645 determinationem

134 2669 214 2711 per
226 2653 278 2708 Q
293 2654 491 2697 Coelium
506 2654 682 2697 Gallum
694 2655 819 2697 Iunio
836 2655 895 2697 M.
910 2654 1073 2709 Silano,
1094 2655 1145 2696 L.
1157 2655 1367 2698 Norbano
1384 2656 1524 2699 Balbo
1538 2657 1639 2700 Cos.
1655 2656 1762 2703 VHI

206 2805 239 2847 1)
263 2807 395 2850 Lapis:
422 2810 662 2850 nequitiam,
683 2808 792 2841 etiam
818 2807 890 2841 alia
916 2808 1058 2852 aliquot
1082 2808 1230 2850 menda,
1256 2812 1297 2842 ut
1320 2809 1429 2853 paulo
1447 2811 1559 2844 infra:
1588 2815 1713 2846 salven
1727 2818 1761 2846 et

133 2853 261 2887 febcem
278 2865 310 2886 es
337 2855 375 2886 in
394 2853 557 2886 clausula
574 2854 762 2896 epistolae,
789 2855 822 2886 id
843 2865 957 2897 genus
975 2855 1057 2888 alia.
1069 2853 1158 2897 —2)
1177 2856 1233 2888 Ita
1249 2855 1341 2899 legit
1357 2857 1511 2890 Forcell.
1529 2858 1568 2890 in
1583 2857 1655 2890 lex.
1674 2869 1703 2891 s.
1721 2870 1758 2892 v.

140 2898 303 2931 donicum
316 2899 556 2943 Borghesium
569 2903 754 2933 auctorem
766 2911 934 2943 sequens.
960 2900 1187 2944 Hagenbuch
1202 2903 1294 2934 coni.
1313 2903 1480 2944 doniqum
1491 2906 1575 2936 eius.
1584 2902 1673 2944 —3)
1685 2904 1758 2948 leg.

138 2945 288 2977 Flaviae
311 2947 488 2987 Thymeles
508 2958 529 2979 a
549 2949 725 2979 mausoleo
745 2948 790 2978 M.
809 2949 911 2979 ›Sellii
933 2947 1167 2987 &vitaz—4)
1191 2957 1254 2989 pro
1279 2948 1484 2991 quandoque
1501 2950 1526 2982 i.
1546 2959 1578 2982 e.
1597 2950 1758 2993 quando-

135 2999 290 3032 cunque.
301 2989 391 3032 —5)
408 2993 600 3024 ordinariis
618 2992 728 3035 iunge
747 3003 827 3024 cum
842 2992 975 3025 Severo
995 2995 1033 3025 et
1049 2993 1246 3025 Sabiniano
1263 3004 1299 3037 p.
1313 2993 1397 3027 Chr.
1414 2994 1490 3028 155.
1517 2995 1757 3034 Rarissimum

135 3032 214 3075 hoc,
232 3038 273 3067 ut
291 3035 468 3071 Consules
487 3041 523 3070 et
540 3037 714 3070 ordinarii
731 3041 768 3070 et
783 3038 927 3071 suffecti
943 3049 1018 3071 una
1033 3041 1287 3072 memorentur.
1547 3050 1558 3054 ·
