1877 3313
665 182 694 223 §.
714 182 745 216 6.
795 181 980 227 Appendix
1004 181 1202 217 edictorum.
1649 181 1736 226 339

129 304 419 349 Imperatoris
444 303 617 339 Nervae
642 306 866 348 Edictum,
902 317 985 351 quo
1012 307 1152 340 omnia
1187 318 1404 343 concessa
1430 319 1449 343 a
1475 310 1737 354 superiori-

466 352 545 386 bus
571 353 860 396 Principibus
885 353 1116 387 beneficia
1143 355 1397 390 confirmat.

273 460 395 498 1726.
455 461 483 497 E
514 460 617 498 Plinii
649 461 808 509 epistolis
851 456 923 513 (X,
957 456 1037 514 66)
1079 462 1181 511 operi
1212 474 1277 500 suo
1309 463 1449 502 inclusit
1479 469 1516 502 et
1547 465 1737 506 illustravit

128 519 318 556 Morcellus
350 521 403 556 De
434 520 500 556 stil.
533 531 565 556 n.
603 519 751 556 CCCVI.

269 604 471 653 Quaedam
510 606 594 645 sine
637 604 777 656 dubio,
811 606 1009 657 Quirites,
1039 607 1122 659 ipsa
1153 606 1320 648 felicitas
1352 612 1572 661 temporum
1603 609 1734 661 edicit,

128 676 204 704 nec
236 664 473 717 spectandus
506 669 567 703 est
598 664 634 703 in
667 664 714 704 iis
748 665 875 704 bonus
905 665 1108 718 Princeps,
1140 666 1284 718 quibus
1314 666 1420 707 illum
1450 667 1614 722 intelligi
1639 670 1736 710 satis

127 727 201 772 cst,
234 735 352 775 quum
385 721 461 762 boc
492 722 565 761 sibi
597 723 765 775 quisque
798 723 941 763 civium
967 736 1145 764 meorum
1174 725 1375 777 spondere
1401 727 1540 779 possit,
1572 738 1633 767 me
1661 739 1735 768 se·-

127 781 334 822 curitatem
376 781 546 821 omnium
586 781 707 832 quieti
741 794 853 821 meae
884 782 1144 834 praetulisse,
1182 788 1225 824 ut
1255 788 1295 823 et
1325 784 1494 825 libenter
1524 797 1628 826 nova
1657 785 1735 826 be·-

125 838 264 880 neficia
296 839 523 880 conferrem
557 844 595 879 et
626 844 716 879 ante
749 853 811 879 me
843 852 1036 881 concessa
1070 854 1288 883 servarem.
1332 842 1391 883 Ne
1412 847 1541 884 tamen
1563 843 1736 896 aliquam

125 898 280 952 gaudiis
321 897 486 951 publicis
530 896 669 938 afferat
711 897 1008 939 haesitationem
1049 899 1111 939 vel
1153 912 1293 942 eorum
1326 902 1393 953 qui
1424 902 1736 955 impetraverunt

126 955 363 1006 diffidentia,
395 956 458 996 vel
489 957 575 997 eius
607 957 795 997 memoria
828 958 894 1010 qui
925 958 1132 1010 praestitit,
1164 960 1437 1000 necessarium
1464 961 1612 1013 pariter
1639 974 1736 1002 cre-

126 1013 204 1055 didi
232 1028 279 1056 ac
309 1015 470 1066 laetum,
502 1015 656 1056 obviam
689 1014 953 1056 dubitantibus
981 1016 1259 1070 indulgentiam
1283 1031 1408 1058 ineam
1431 1020 1600 1061 mittere.
1630 1019 1735 1062 Nolo

126 1074 326 1114 existimet
357 1074 575 1126 quisquam,
608 1086 709 1126 quae
741 1074 815 1114 alio
848 1074 1028 1128 Principe
1059 1076 1121 1115 vcl
1152 1077 1331 1129 privatim
1361 1077 1424 1117 vel
1445 1077 1602 1130 publice
1629 1091 1735 1120 con-

125 1136 284 1173 secutus
326 1132 416 1173 ideo
460 1132 597 1173 saltem
641 1145 661 1172 a
695 1145 755 1173 me
797 1133 970 1173 rescindi
1003 1138 1045 1174 ut
1085 1135 1213 1187 potius
1255 1135 1345 1176 mihi
1388 1135 1550 1188 debeat,
1593 1138 1630 1178 si
1668 1137 1736 1179 illa

123 1196 209 1232 rata
241 1196 280 1232 et
311 1195 420 1231 certa
451 1190 612 1239 fecer03
653 1203 727 1231 nec
758 1191 967 1244 gratulatio
999 1191 1113 1233 ullius
1146 1193 1371 1235 instauratis
1403 1199 1497 1248 eget
1525 1196 1710 1248 precibus
1721 1209 1735 1246 3

124 1254 165 1290 et
196 1250 262 1302 qui
294 1262 373 1290 non
404 1249 560 1301 liabent,
592 1262 653 1289 me
685 1262 799 1302 quem
832 1250 988 1291 fortuna
1020 1251 1175 1303 imperii
1207 1251 1314 1292 vultu
1346 1253 1511 1293 meliore
1541 1255 1734 1308 respexit,

125 1309 238 1350 novis
270 1307 471 1349 beneficiis
502 1320 646 1349 vacare
676 1308 896 1361 patiantur,
928 1313 967 1349 et
999 1321 1044 1349 ea
1076 1309 1232 1350 demum
1264 1311 1389 1352 sciant
1417 1311 1597 1365 roganda
1627 1325 1735 1367 esse,

125 1379 226 1421 quae
258 1379 336 1408 non
368 1366 523 1408 habent.

178 1496 390 1530 Antonini
415 1495 479 1529 Pii
504 1495 786 1540 Rescriptum
815 1494 865 1528 de
892 1495 1091 1540 querelis
1117 1507 1352 1531 servorum
1377 1497 1485 1532 Iulii
1511 1498 1686 1534 Sabini.

266 1603 388 1641 1727.
449 1603 654 1640 inseruerat
684 1603 852 1651 Ulpianus
884 1604 976 1641 libro
1009 1609 1139 1642 octavo
1171 1606 1225 1642 De
1257 1606 1378 1644 officio
1400 1607 1639 1655 proconsulis,
1669 1608 1732 1646 in-

124 1664 240 1711 deque
272 1663 481 1700 translatum
515 1667 569 1700 est
599 1663 631 1699 in
665 1663 685 1698 l.
719 1662 755 1698 2.
789 1663 829 1700 D.
862 1663 905 1699 de
937 1662 989 1699 his
1022 1664 1080 1711 qui
1111 1664 1163 1700 sui
1195 1665 1252 1701 vel
1279 1665 1380 1702 alieni
1406 1666 1489 1702 iuris
1511 1671 1602 1704 sunt.
1633 1667 1731 1704 Inter

120 1722 378 1771 rescriptorum
419 1721 617 1770 principum
659 1721 824 1770 exempla
867 1721 1029 1759 assumsit
1068 1722 1257 1760 lllorcellus
1299 1724 1352 1762 De
1390 1725 1458 1763 stil.
1491 1725 1582 1776 Opp.
1613 1725 1731 1776 epigr.

123 1781 221 1819 Tom.
253 1781 295 1818 ΙΙ.
326 1794 361 1830 p.
398 1780 490 1817 176.

261 1866 378 1908 Aelio
411 1865 614 1907 Marciano
645 1866 805 1906 Procos.
838 1878 951 1919 prov.
990 1865 1183 1907 Baeticae.

262 1938 520 1978 Dominorum
564 1935 720 1990 quidem
761 1941 1000 1990 potestatem
1041 1937 1078 1976 in
1119 1949 1214 1978 suos
1253 1951 1395 1980 servos
1426 1939 1608 1981 illibatam
1638 1951 1732 1981 esse

123 2001 310 2050 oportet,
342 2008 418 2037 nec
449 1996 630 2048 cuiquam
672 1996 869 2037 bominum
910 1996 972 2036 ius
1002 2008 1116 2036 suum
1149 1996 1310 2037 detrahi.
1371 1998 1448 2038 Sed
1481 1998 1730 2040 dominorum

119 2056 309 2107 interest,
351 2068 401 2095 ne
435 2054 621 2095 auxilium
663 2059 802 2095 contra
841 2055 1042 2095 saevitiam
1075 2054 1138 2094 vcl
1169 2054 1312 2095 famem
1345 2056 1407 2096 vel
1438 2057 1728 2098 intolerabilem

118 2114 299 2155 iniuriam
332 2112 553 2168 denegetur
583 2113 642 2153 his
674 2114 743 2165 qui·
769 2113 871 2153 iustc
900 2112 1174 2165 deprecantur.
1237 2114 1411 2167 Ideoque
1443 2128 1645 2170 cognosce
1676 2116 1728 2156 de

121 2172 291 2224 querelis
325 2184 484 2223 eorum,
527 2172 595 2224 qui
637 2184 688 2211 ex
719 2171 860 2212 familia
890 2172 973 2212 Iulii
1006 2171 1138 2213 Sabini
1169 2171 1217 2212 ad
1248 2178 1416 2214 statuam
1448 2174 1726 2229 confugerunt,

120 2235 158 2271 et
189 2231 222 2272 si
255 2230 320 2271 vel
351 2230 486 2271 durius
518 2230 672 2271 habitos
704 2243 820 2284 quam
853 2243 1021 2283 aequum
1055 2235 1113 2270 est
1144 2230 1208 2270 rel
1239 2230 1373 2272 infami
1398 2233 1538 2274 iniuria
1559 2232 1726 2275 affectos

119 2289 374 2344 cognoveris,
404 2289 543 2330 venire
574 2289 666 2329 iube
697 2289 748 2329 ita
779 2293 821 2329 ut
852 2289 889 2329 in
922 2293 1158 2342 potestatem
1190 2288 1336 2330 domini
1358 2303 1437 2332 non
1459 2297 1725 2333 revertantur.

120 2349 195 2397 Qui
225 2350 258 2389 si
290 2360 403 2389 meae
435 2348 703 2390 constitutioni
734 2346 863 2388 fraudi
895 2346 1050 2399 fecerit,
1082 2348 1180 2389 sciat
1208 2361 1270 2389 me
1294 2348 1508 2392 admissum
1539 2350 1724 2393 severius

118 2411 416 2449 exsecuturum.

118 2548 416 2594 Imperatoris
441 2548 600 2583 Severi
626 2548 869 2583 Alexandri
895 2549 1168 2591 rescriptum
1195 2548 1245 2584 de
1271 2538 1572 2593 stipulatione
1591 2549 1721 2586 dotis.

261 2657 382 2694 1728.
442 2658 629 2694 Servatum
670 2657 693 2694 l.
725 2657 761 2694 4.
803 2657 840 2692 C.
880 2656 924 2692 de
958 2658 1119 2694 contrah.
1152 2662 1188 2694 et
1229 2669 1356 2695 comm.
1395 2658 1513 2707 stipul.
1551 2660 1587 2696 ln
1627 2670 1719 2709 opus

117 2727 214 2752 suum
246 2717 298 2752 De
329 2716 397 2752 stil.
432 2716 491 2753 lat.
523 2715 628 2753 inser.
659 2715 775 2752 intulit
806 2715 996 2752 Morcellus
1029 2715 1119 2765 Opp.
1152 2717 1266 2765 epigr.
1299 2717 1395 2754 Tom.
1426 2718 1470 2754 11.
1497 2730 1532 2766 p.
1567 2717 1660 2755 176.

255 2790 436 2831 Sabinae.

256 2858 480 2901 Secundum
511 2871 747 2913 responsum
779 2858 937 2899 Domitii
973 2858 1126 2913 Ulpiani
1155 2860 1352 2901 Praefecti
1382 2872 1564 2902 annonae
1594 2861 1718 2904 iuris-

119 2917 307 2970 consulti,
347 2918 460 2959 amici
500 2919 599 2969 mei,
641 2930 688 2957 ea
730 2928 832 2969 quae
873 2916 1054 2970 stipulata
1096 2923 1157 2960 est
1188 2932 1276 2960 cum
1309 2923 1534 2960 moreretur
1562 2925 1719 2973 partem

118 2975 312 3017 dimidiam
352 2976 456 3018 dotis
497 2977 560 3018 cui
590 2975 685 3016 velit
714 2975 964 3028 relmquere,
1003 2976 1117 3018 reddi
1147 2977 1221 3019 sibi
1253 2990 1340 3019 cum
1372 2982 1599 3021 moreretur
1628 2990 1718 3021 eam

1406 3044 1504 3090 223*ἰ
