1877 3313
120 147 205 192 198
288 147 389 183 Inscr.
414 145 589 191 profanae.
639 143 720 190 Cap.
746 145 770 180 1.
819 146 918 181 Tituli
942 155 1083 190 operum
1108 144 1271 189 publicor.
1296 154 1362 179 non
1387 155 1570 179 sacrorum.

117 252 350 297 Germaniae
380 264 511 306 super.
543 257 584 293 et
613 252 812 293 exercitus
842 253 881 293 in
913 265 959 293 ea
990 251 1211 302 tendentis,
1252 251 1432 292 Curator.
1464 263 1574 305 oper.
1605 251 1711 305 pub-

117 313 229 354 licor.
264 310 388 351 Praef.
421 323 548 350 aerar.
582 310 711 351 Satur.
745 310 922 351 Curatori
953 312 1048 350 viar.
1089 308 1272 349 Aureliae
1315 310 1463 350 veteris
1504 315 1543 350 et
1583 322 1712 351 novae

118 369 323 412 Corneliae
356 373 395 408 et
425 368 692 421 triumphalis,
734 369 882 422 Legato
915 370 991 421 leg.
1024 368 1060 407 X
1101 368 1302 408 Fretensis
1334 381 1355 408 a
1387 369 1499 408 cuius
1542 380 1635 408 cura
1667 380 1711 408 se

117 427 334 477 excusavit,
366 427 556 477 Praetori,
589 427 762 467 Tribuno
790 427 926 480 plebis,
960 427 1004 474 Q.
1038 426 1114 466 divi
1146 426 1342 467 Hadriano
1374 426 1479 477 Aug.
1512 426 1549 465 in
1583 427 1713 466 omni—

115 486 188 527 bus
219 485 438 526 honoribus
469 484 675 525 candidato
713 485 940 538 Imperator.
975 485 1039 525 Tr.
1072 484 1268 525 laticlavio
1310 484 1405 538 Leg.
1436 483 1485 524 111
1516 484 1713 537 Cyrenei—

117 539 255 597 εδει),
288 543 433 584 donato
460 542 571 584 donis
594 543 816 584 militaribus
850 557 870 583 a
904 544 991 583 divo
1023 542 1217 583 Hadriano
1240 543 1289 583 ob
1320 542 1511 582 Iudaicam
1544 541 1714 595 expedi-

115 602 277 653 tionem,
308 601 345 641 X
376 602 461 641 viro
492 601 659 641 stlitibus
691 601 919 652 iudicandis,
950 602 1119 642 Patrono
1152 602 1357 654 municipi,
1391 601 1594 648 Curatori,
1626 612 1714 640 ma-

115 659 210 700 ximi
240 660 409 712 exempli
440 659 608 702 Senatus
639 660 679 699 P.
713 660 757 708 Q.
791 660 932 700 Tiburs
975 660 1118 712 optime
1151 659 1199 699 de
1231 659 1431 713 republica
1473 659 1625 699 merito.
1658 680 1714 686 —-

117 721 216 758 Grut.
245 733 280 769 p.
312 721 408 757 457.
441 720 549 757 More.
583 720 647 768 Op.
678 721 719 757 11.
752 721 793 757 ΙΙ.
826 720 893 757 52.
934 721 1168 757 Kellermann.
1199 721 1271 757 Lat.
1304 720 1360 756 du.
1391 733 1425 769 p.
1459 720 1523 756 67.
1555 731 1587 756 n.
1609 719 1714 766 247.

260 796 380 833 1638.
443 794 483 834 Ρ.
524 794 665 834 Porcio
709 794 838 848 Optat.
880 794 1074 834 Flammae
1119 794 1160 834 C.
1204 794 1240 834 P.
1282 791 1389 842 fils-²)
1430 794 1544 834 Porci
1586 793 1715 847 Optati

115 852 313 895 Flammae
346 852 386 892 C.
420 852 463 892 V.
480 849 520 906 3)
553 852 749 893 Praetoris
788 853 891 893 inter
923 852 1082 892 Tribun.
1115 851 1293 902 Adlecti,
1337 852 1570 899 Quaestoris
1601 864 1713 905 prov.

116 911 300 952 Baeticae
338 911 543 952 Sacerdoti
584 910 751 950 Flaviali.
793 915 831 950 et
864 910 999 950 Titiali.
1033 909 1176 950 iudicio
1218 910 1361 949 domini
1403 911 1635 950 sanctissimi
1677 914 1716 950 et

115 970 317 1011 fortissimi
348 970 440 1022 Imp.
474 969 586 1009 Caes.
617 968 657 1008 L.
689 969 860 1021 Septimii
899 969 1034 1009 Severi
1066 969 1279 1007 Pertinacis
1311 968 1412 1019 Aug.
1444 968 1497 1007 Pii
1529 968 1717 1009 exornati

115 1028 253 1082 Legati
284 1028 330 1068 ab
362 1026 601 1080 amplissimo
631 1033 773 1066 senata
815 1025 862 1066 ad
894 1025 1063 1066 eundem
1107 1026 1302 1065 domiuum
1344 1027 1436 1078 Imp.
1479 1027 1515 1066 in
1547 1026 1716 1067 Germa-

114 1087 217 1127 niam
249 1090 288 1127 et
318 1085 556 1126 Antoninum
589 1084 699 1125 Caes.
734 1084 968 1125 destinatum
999 1085 1036 1123 in
1069 1084 1254 1124 Pannoni.
1289 1085 1420 1134 missi,
1458 1084 1507 1124 ob
1547 1084 1716 1124 debitam

114 1146 249 1198 pietat.
290 1144 503 1184 memoriae
544 1144 629 1183 eius
673 1144 712 1183 C.
754 1143 984 1182 Volumnius
1028 1142 1236 1182 Marcellus
1281 1142 1457 1183 Calianus
1497 1142 1567 1194 Eq.
1613 1143 1715 1195 publ.

116 1200 350 1257 exornat.4]
382 1203 526 1256 posuit.
571 1226 625 1230 -—
669 1204 899 1241 Constantine
943 1198 1100 1255 (Cirta.)
1145 1203 1268 1239 Clarae
1300 1204 1429 1239 Musae.
1462 1203 1537 1240 livr.
1575 1202 1637 1239 13.
1670 1205 1715 1251 pl.

116 1263 258 1301 LXXV.
287 1263 353 1300 31.

258 1335 381 1376 1639.
442 1335 605 1377 Colonia
637 1335 676 1375 P.
709 1335 909 1375 Publilium
941 1335 1159 1389 Ingenuum
1192 1334 1424 1375 comoedum
1447 1339 1610 1388 propter
1631 1336 1717 1375 sin-

114 1394 292 1450 gularem
333 1395 428 1436 artis
469 1393 711 1448 prudentiam
754 1398 792 1433 et
826 1406 978 1433 morum
1020 1393 1267 1446 probitatem.
1315 1416 1364 1421 —
1407 1396 1444 1432 In
1477 1397 1560 1432 Asia
1594 1396 1718 1432 minori

115 1467 233 1504 prope
272 1455 388 1492 vicum
431 1455 622 1492 Kamaraes
653 1454 746 1490 inter
787 1455 915 1490 rudera
949 1455 1042 1489 urbis
1075 1454 1172 1490 Parii.
1204 1454 1401 1503 Exscripsit.
1432 1453 1603 1502 Kiepert,
1645 1466 1715 1502 pu-

114 1513 200 1552 blici
229 1513 314 1551 iuris
345 1513 431 1550 fecit
460 1513 584 1549 Franz.
615 1513 742 1550 Annal.
775 1513 1005 1559 archaeolog.
1038 1512 1130 1548 XIV.
1163 1525 1195 1561 p.
1231 1512 1324 1550 152.

259 1589 380 1626 1640.
441 1586 484 1626 Τ.
517 1586 661 1628 Sennio
692 1585 878 1627 Sollemni
920 1585 1064 1626 Sollem
1083 1617 1178 1626 .....
1195 1586 1273 1626 nini
1305 1583 1440 1641 fili05]
1474 1617 1720 1626 ...........

115 1676 264 1687 .......
296 1646 444 1686 amicus
476 1644 517 1684 B.
552 1643 604 1684 M.
638 1643 771 1684 Claud.
806 1644 917 1684 Paul.
953 1647 1041 1696 Lcy.
1065 1644 1166 1697 Aac).
1191 1645 1251 1685 Pr.
1275 1645 1313 1684 P.
1338 1645 1516 1698 provinc.
1541 1641 1719 1700 Lugd.⁶)

114 1710 155 1746 et
186 1703 311 1744 cliens
342 1703 435 1752 fuit3
469 1704 531 1743 cui
564 1707 702 1756 postea
736 1702 831 1755 Leg.
866 1702 969 1755 Aug.
1004 1703 1100 1755 prin.
1248 1703 1296 1743 ad
1329 1703 1528 1757 legionem
1565 1708 1722 1744 sextam

112 1762 280 1813 adsedit,
313 1762 454 1814 cuique
487 1761 671 1801 salarium
705 1761 861 1801 mllitiae
896 1763 932 1800 in
966 1774 1063 1801 auro
1097 1761 1248 1813 aliaque
1273 1774 1433 1801 munera
1457 1761 1576 1814 longe
1598 1761 1720 1814 pluris

112 1822 253 1870 missa3
282 1820 357 1872 fuit
388 1820 511 1860 cliens
543 1819 842 1872 probatissimus
875 1819 1023 1859 Aedim'
1055 1818 1187 1860 Iuliani
1228 1820 1322 1872 Leg.
1356 1819 1459 1872 Aug.
1493 1820 1720 1872 provinciae

111 1879 221 1932 lugd.
254 1879 321 1930 qui
353 1882 491 1931 postea
523 1877 752 1918 Praefectus
781 1883 906 1929 praet.
941 1876 1023 1927 suit,
1056 1879 1155 1918 sicut
1189 1878 1376 1930 epistula,
1407 1890 1508 1929 quae
1541 1877 1588 1918 ad
1620 1877 1719 1918 latus

111 1938 257 1990 scripta
291 1942 365 1987 est,
397 1935 630 1976 declaratur.
663 1936 831 1976 Adsedit
862 1937 976 1975 ctiam
1009 1937 1044 1976 in
1078 1938 1277 1988 provincia
1310 1949 1408 1989 prm.
1439 1933 1717 1991 lugdnsemfi)

111 1995 272 2037 Valerio
304 1995 424 2035 Floro
457 1994 565 2034 Trib.
598 1993 676 2034 mil.
709 1994 785 2047 leg.
817 1993 874 2034 lll.
907 1994 1009 2047 Aug.
1041 1995 1160 2034 ludici
1191 2007 1307 2035 arcae
1338 1991 1535 2048 serratus]

712 2053 809 2093 Tres
841 2064 951 2105 prov.
986 2050 1129 2106 Galf')

110 2113 238 2168 primo
259 2112 304 2152 V.
325 2108 384 2166 ¹⁰)
411 2123 580 2153 monum.
614 2111 652 2152 in
686 2122 756 2151 sua
788 2111 942 2150 civitate
973 2116 1204 2163 posueruut.
1240 2111 1386 2152 Locum
1420 2110 1520 2151 ordo
1552 2111 1717 2153 civitatis

111 2167 314 2223 Vdcss¹¹)
348 2170 438 2210 lbtr.
473 2169 561 2210 ded.
595 2169 632 2209 Ρ.
666 2168 812 2209 XVIIII.
835 2166 889 2221 12)
924 2172 997 2209 Au.
1031 2170 1097 2209 Pio
1130 2174 1168 2208 et
1200 2170 1350 2210 Procul.
1385 2169 1475 2210 Cos.
1494 2166 1548 2221 13)
1591 2193 1641 2199 -—
1675 2173 1714 2209 In

111 2232 188 2271 basi
219 2242 416 2268 marmorea
451 2235 593 2278 reperta
626 2230 659 2266 in
692 2231 771 2266 vico
809 2230 929 2266 Vienx
959 2241 1073 2277 prope
1108 2230 1223 2275 Caen,
1256 2242 1346 2278 quae
1370 2230 1510 2267 nomine
1534 2231 1717 2267 marmoris

111 2289 370 2328 Toriniacensis
416 2283 580 2339 (lilarbre
624 2289 667 2324 de
711 2283 895 2334 Torigny]
938 2288 1087 2324 innotuit
1132 2293 1166 2324 et
1198 2301 1288 2324 nunc
1332 2293 1533 2325 asservatur
1563 2288 1596 2325 iu
1630 2290 1717 2326 urbe

110 2349 304 2386 Saint-Lo.
354 2347 609 2395 Inscriptiones
642 2347 802 2383 binorum
836 2347 1007 2392 laterum,
1041 2358 1130 2393 quae
1163 2347 1346 2383 continent
1377 2358 1603 2384 romanorum
1638 2359 1716 2384 ma-

253 2508 289 2552 1)
316 2509 523 2553 Cyrenaicae
552 2507 644 2541 Grae.
670 2514 703 2541 et
729 2508 831 2541 More.
859 2525 902 2529 —
924 2505 962 2550 2)
990 2506 1058 2541 Caii
1084 2507 1193 2540 Porcii
1219 2508 1296 2541 lilio.
1324 2525 1364 2529 ——
1391 2505 1429 2549 3]
1449 2507 1623 2542 clarissimi
1642 2510 1715 2543 viri.

113 2575 153 2580 —
180 2555 220 2599 4)
248 2567 336 2601 equo
362 2556 498 2599 publico
526 2561 714 2588 exornatus.
750 2573 789 2578 —
818 2555 855 2597 5)
882 2555 930 2588 De
956 2555 1118 2587 tredecim
1146 2554 1297 2587 versibus
1324 2556 1474 2598 proxime
1501 2555 1715 2600 subsequen-

111 2603 198 2636 tibus
232 2614 299 2637 non
334 2604 396 2636 nisi
429 2604 627 2646 paucissima
660 2601 762 2634 verba
797 2602 907 2635 lacera
944 2601 1097 2646 adeoque
1128 2601 1282 2633 literulae
1316 2607 1510 2642 supersunt,
1548 2608 1581 2634 ut
1615 2602 1715 2645 plane

113 2651 277 2683 incertum
303 2651 364 2690 sit,
390 2649 552 2693 quidquid
580 2650 641 2681 viri
667 2649 754 2681 docti
781 2649 994 2681 tentaverint.
1023 2666 1062 2670 --
1091 2648 1128 2688 6)
1157 2649 1282 2680 amicus
1309 2648 1395 2681 bene
1425 2649 1564 2680 meritus
1588 2647 1715 2682 Claudii

112 2695 240 2728 Paulini
274 2697 376 2739 legati
412 2696 576 2739 Augusti,
611 2697 840 2737 propraetoris
873 2695 1071 2738 provinciae
1103 2693 1346 2736 Lugdunensis.
1382 2712 1422 2716 —-
1458 2693 1494 2735 7)
1525 2695 1616 2728 Pone
1649 2706 1713 2728 vo—

114 2741 268 2775 cabulum
291 2743 466 2786 provincia
492 2740 685 2774 Lambertus
712 2741 846 2774 exhibet
864 2741 976 2774 literas
994 2740 1092 2773 PMl.
1112 2742 1216 2784 iisque
1235 2742 1442 2784 provinciam
1462 2742 1601 2784 primam
1619 2741 1713 2783 Lug—

113 2788 296 2822 dunensem
322 2789 498 2832 significari
528 2787 726 2829 arbitratum
753 2799 813 2820 nos
848 2799 908 2831 pro
942 2787 969 2820 N
996 2788 1203 2830 reposuimus
1238 2787 1275 2820 R.
1311 2804 1350 2809 —
1386 2786 1425 2829 8)
1459 2787 1623 2821 Lambert.
1657 2789 1713 2822 dat

111 2835 236 2876 ferrar.
271 2836 453 2879 explicans:
494 2834 732 2874 ferrariorum3
775 2835 902 2877 priores
935 2833 1098 2867 editores:
1139 2835 1224 2871 [ναν.
1260 2851 1299 2855 -
1339 2831 1376 2875 9)
1412 2840 1477 2867 tres
1515 2836 1711 2877 provinciae

115 2879 243 2914 Galliae
269 2880 532 2921 (Narbonensis,
558 2880 806 2922 Lugdunensis,
835 2878 999 2923 Belgica).
1034 2897 1073 2901 —
1112 2877 1168 2921 10)
1196 2882 1277 2913 viro.
1313 2898 1352 2903 —
1383 2878 1442 2922 11)
1467 2881 1709 2914 Viducassium.

116 2945 161 2952 —
189 2924 250 2970 12)
275 2927 418 2962 libenter
444 2928 539 2962 (ledit
563 2928 687 2970 pedum
713 2927 933 2971 undeviginti.
959 2944 1001 2950 -
1029 2925 1088 2969 13)
1114 2925 1149 2959 Ρ.
1176 2926 1253 2961 Chr.
1277 2926 1356 2962 238.
