1887 3324
187 158 239 199 16
480 137 485 144 .
584 156 695 198 Legis
720 155 907 196 municipii
930 153 1051 186 Flavii
1073 153 1286 185 Malacitani
1308 163 1402 194 pars.

183 262 562 324 ptorumve„quod
585 262 807 303 decretum
828 261 994 303 factum
1018 262 1118 313 erit,
1142 275 1239 301 cum
1265 275 1413 301 eorum
1437 264 1586 315 partes
1607 274 1696 301 non
1715 260 1792 301 mi-

184 337 265 364 nus
287 335 415 377 quam
430 314 549 361 'duae
571 319 726 359 tertiae
750 317 975 369 adessent,
1005 316 1230 371 negotium
1255 316 1402 357 datum
1426 315 1519 355 erit.
1559 314 1646 356 Per
1667 329 1796 371 quem

185 377 365 429 steterit,
388 390 472 431 quo
496 379 638 415 minus
656 374 719 414 ita
739 373 927 428 pecunia
944 371 1219 427 redigeretur
1234 372 1475 414 referretur
1495 385 1636 427 quove
1652 371 1796 412 minus

183 434 246 474 ita
265 432 458 473 rationes
479 429 791 481 redderentur,
814 429 863 480 is,
885 442 965 483 per
987 441 1114 483 quem
1137 429 1309 469 steterit
1331 442 1416 483 quo
1439 432 1582 468 minus
1602 427 1795 469 rationes

183 487 472 530 redderentur
494 499 634 541 quove
656 485 799 525 minus
821 483 1011 539 pecunia
1032 482 1309 538 redigeretur
1324 483 1564 524 referretur
1580 482 1795 538 heresque

186 545 277 586 eius
302 543 425 598 isque
448 541 505 582 ad
527 555 654 596 quem
678 555 731 581 ea
750 553 820 580 res
844 554 929 594 qua
950 538 1003 580 de
1032 539 1175 594 agitur
1197 538 1453 594 pertinebit,
1487 543 1642 594 quanti
1665 552 1719 578 ea
1737 552 1798 578 res

187 600 286 649 erit,
316 603 483 639 tantum
515 602 557 637 et
588 596 773 636 alterum
804 601 973 635 tantum
1005 593 1300 649 municipibus
1334 595 1444 636 eiius
1466 594 1675 649 municipi
1697 592 1798 634 dare

188 654 368 696 dmn'nas
389 662 487 694 esto.
518 652 711 707 Eiusque
734 651 948 706 pecuniae
972 649 1111 706 deque
1135 665 1188 691 ea
1208 651 1398 706 pecunia
1418 651 1688 705 municipum
1704 663 1797 689 mu-

187 710 337 765 nicipii
365 708 495 750 Flavi
516 707 771 749 Malacitani
803 706 873 762 qui
905 705 1022 748 volet
1055 706 1210 761 cuique
1242 721 1321 762 per
1352 706 1463 747 hanc
1493 705 1619 758 leyem
1651 702 1799 746 licebit

188 766 302 807 actio
324 765 474 821 petitio
496 763 745 819 persecutio
770 768 876 803 esto.

244 854 294 895 R.
332 854 400 895 De
424 851 739 894 constituendis
762 851 959 906 patronis
979 865 1154 903 causae,
1179 865 1275 891 cum
1297 851 1490 892 rationes
1513 849 1764 891 reddentur.

274 932 479 973 LXVIII.
512 930 620 973 Cum
652 931 714 971 ita
744 930 939 970 rationes
972 928 1231 981 reddentur,
1263 929 1397 981 IIvir,
1437 929 1508 984 qui
1541 928 1799 969 decuriones

194 989 522 1043 conscriptosve
544 985 743 1038 habebit,
776 985 830 1026 ad
853 985 1111 1027 decuriones
1134 986 1462 1040 col‘iscriptosve
1485 984 1667 1036 referte,
1692 998 1799 1039 quos

191 1044 364 1100 placeat
386 1042 604 1098 publicam
628 1057 806 1083 causam
830 1056 976 1097 agere,
999 1041 1113 1096 iique
1132 1040 1391 1081 decuriones
1412 1039 1705 1095 conscriptive
1722 1054 1802 1094 per

190 1099 395 1141 tabellam
427 1099 558 1139 iurati
587 1097 635 1139 de
664 1113 715 1139 ea
746 1114 789 1139 re
817 1097 1106 1149 decernunm,
1137 1103 1228 1137 tum
1252 1111 1347 1136 enm
1373 1110 1520 1136 eorum
1543 1102 1692 1150 partes
1714 1110 1801 1135 non

191 1157 335 1196 minus
358 1170 485 1209 quam
509 1154 620 1195 (luae
642 1154 798 1195 tertiae
822 1152 1020 1203 aderunt,
1042 1154 1100 1195 ita
1125 1160 1169 1193 ut
1191 1159 1293 1205 tres,
1318 1166 1424 1207 quos
1447 1151 1623 1206 plurimi
1645 1166 1723 1206 per
1738 1157 1801 1191 ta-

192 1210 352 1253 bellam
374 1210 578 1266 legerint,
612 1224 789 1250 causam
812 1208 1033 1264 publicam
1051 1214 1205 1262 agant,
1238 1208 1351 1263 iique
1376 1208 1448 1263 qui
1470 1208 1530 1248 ita
1550 1206 1651 1248 lecti
1674 1212 1800 1247 erunt

192 1272 365 1322 tempus
390 1282 413 1307 a
437 1265 746 1307 decurionibus
770 1265 1107 1319 conscriptisve,
1131 1279 1213 1320 quo
1239 1278 1416 1304 causam
1440 1268 1711 1318 cognoscant
1734 1277 1802 1303 ac—

192 1323 441 1378 tionemque
465 1337 586 1362 suam
612 1321 830 1373 ordinent,
863 1320 1113 1375 postulann)
1144 1334 1281 1374 eoque
1310 1326 1506 1374 tempore
1528 1317 1643 1374 quod
1671 1319 1707 1358 is
1731 1317 1803 1358 da-

194 1384 284 1420 tum
319 1379 399 1419 erit
430 1382 651 1419 transacto
685 1392 781 1418 eam
812 1391 989 1418 cansam
1014 1377 1075 1418 uti
1098 1376 1211 1432 quod
1234 1381 1354 1417 rccte
1380 1375 1542 1416 factum
1567 1388 1662 1415 esse
1686 1372 1804 1414 volet

199 1439 377 1490 agunto.

253 1522 304 1564 R.
345 1522 413 1563 De
436 1520 595 1562 iudicio
618 1522 832 1576 pecuniae
855 1522 1108 1562 communis.

280 1598 444 1641 LXIX.
478 1598 608 1651 Quod
629 1605 894 1652 municipum
927 1605 1153 1651 municipii
1185 1599 1312 1641 Flavi
1343 1598 1600 1641 Malaeitani
1628 1598 1804 1640 nomine

199 1661 373 1713 petetur
395 1654 448 1696 ab
473 1669 543 1707 eo,
577 1656 650 1711 qui
672 1655 762 1696 eius
794 1656 1005 1710 municipi
1034 1656 1249 1708 nmniccps
1279 1655 1477 1696 incolave
1502 1656 1600 1707 erit,
1633 1653 1804 1711 quodve

201 1727 297 1754 cum
321 1726 371 1753 eo
395 1717 550 1767 agetur
573 1711 687 1767 quod
706 1711 841 1767 pluris
865 1717 1066 1752 sestertios
1093 1717 1200 1752 mille
1230 1713 1282 1752 sit
1305 1725 1445 1767 neque
1466 1711 1577 1752 tanti
1599 1711 1653 1752 sit
1675 1716 1721 1751 ut
1743 1711 1807 1766 [de

199 1785 246 1810 ea
267 1784 310 1809 re
326 1772 623 1820 Jcn‘oconsulcm
646 1773 709 1808 ius
731 1772 860 1808 dicere
883 1772 1119 1820 iudiciaque
1141 1772 1239 1807 (lare
1260 1784 1308 1808 m·
1330 1772 1406 1808 hac
1427 1772 1509 1819 (cqc
1532 1774 1737 1819 oporteat,
1761 1770 1807 1807 de

201 1840 248 1866 ea
268 1840 310 1865 re
332 1827 444 1866 IIcc'r
460 1827 759 1877 praefectusrc,
785 1828 856 1876 qui
880 1829 964 1864 iuri
986 1828 1171 1864 dicundo
1191 1829 1374 1876 praeerit
1395 1829 1481 1864 cius
1505 1828 1729 1875 niuniffl'pt',
1753 1825 1809 1863 ad

202 1895 319 1936 quem
343 1884 389 1922 cle
411 1895 456 1921 ea
478 1895 521 1921 re
542 1884 587 1921 in
611 1885 674 1921 ius
692 1883 853 1921 nclitum
877 1885 965 1932 erit,
990 1885 1052 1921 ius
1071 1884 1197 1921 dicito
1223 1883 1459 1933 iudiciaque
1480 1878 1597 1938 dato]
1617 1882 1645 1937 ¹)

293 2210 357 2250 Ad
380 2210 537 2251 Delect.
556 2210 729 2265 Inscript
762 2210 862 2264 prof.
887 2211 1017 2264 Caput
1040 2211 1092 2250 II.
1115 2226 1140 2263 p
1177 2210 1268 2249 204.

292 2278 341 2317 N.
368 2282 485 2317 1678.
516 2280 767 2331 Argumento
798 2280 899 2331 legis
922 2280 1100 2317 Thoriae
1123 2286 1285 2330 praeter
1307 2278 1522 2330 scriptores
1545 2292 1568 2318 a
1590 2293 1652 2317 me
1675 2276 1811 2317 lauda-

212 2340 273 2373 tos
297 2335 526 2373 Handbuch
549 2335 621 2373 der
642 2341 727 2373 ro'm
752 2336 971 2387 Epigraph.
994 2335 1048 2372 H.
1074 2337 1152 2372 274
1189 2334 1397 2372 addendus
1421 2343 1481 2372 est
1498 2335 1722 2373 Mommsen
1751 2336 1810 2372 in:

209 2391 385 2429 Bericht.
409 2390 481 2428 der
502 2391 628 2429 siichs.
645 2391 857 2429 Gesellsch
881 2391 916 2429 d.
931 2391 996 2428 W.
1014 2392 1121 2428 1850
1155 2391 1208 2427 11.
1233 2392 1436 2428 89—101.
1464 2391 1531 2442 qui
1553 2391 1683 2441 legem
1703 2390 1811 2429 'rho-

209 2447 267 2485 rio
289 2446 505 2494 abimlicat,
531 2460 700 2499 eamque
724 2448 850 2497 ignoti
874 2447 1049 2484 auctoris
1073 2460 1175 2484 anno
1200 2460 1236 2483 11.
1260 2460 1290 2483 e.
1313 2447 1392 2483 643
1416 2447 1605 2497 assignat.

298 2513 347 2550 N.
373 2514 492 2551 1683.
552 2514 617 2551 Ex
639 2514 851 2552 Bitscholii
874 2514 1049 2551 editione
1072 2512 1186 2550 huius
1204 2512 1316 2563 legis,
1339 2514 1449 2551 cuius
1475 2513 1719 2551 mentionem
1747 2511 1814 2550 ad-

212 2568 294 2607 didi
316 2569 546 2607 Handbuch
577 2569 631 2607 11.
655 2571 746 2607 274.
772 2569 847 2607 hae
872 2569 1143 2607 correctiones
1167 2575 1207 2606 et
1238 2569 1375 2606 variae
1406 2567 1601 2607 lectiones
1631 2568 1733 2606 infra
1754 2580 1813 2605 se-

214 2630 388 2676 quuntur
403 2640 411 2662 :

279 2689 418 2722 Delect.
445 2701 478 2732 p.
499 2691 576 2722 278.
596 2691 673 2722 XX.
692 2691 754 2723 lin.
777 2692 794 2722 'a'
813 2690 882 2733 leg.
909 2693 956 2723 ssi
983 2701 1045 2733 pro
1071 2693 1112 2722 si.
1131 2707 1173 2711 -—
1195 2701 1228 2732 p.
1249 2690 1326 2721 ew.
1346 2689 1407 2721 lin.
1429 2690 1448 2721 5
1473 2689 1660 2721 deleantur
1683 2691 1815 2730 puncta

213 2744 305 2775 pone
324 2738 396 2767 erit.
409 2736 521 2768 —lin.
542 2737 560 2768 7
576 2736 725 2768 Ritschl.
745 2737 773 2767 Ι.
792 2737 834 2767 Ε.
855 2739 943 2768 δ.-
956 2736 1016 2767 1111.
1040 2738 1079 2767 12
1098 2746 1160 2777 pro
1179 2735 1210 2766 D
1244 2735 1284 2766 F.
1304 2735 1364 2766 Hs
1384 2734 1454 2776 leg.
1475 2745 1518 2765 ex
1536 2733 1713 2765 Huschkii
1732 2744 1816 2765 con-

214 2779 368 2819 iectura,
394 2781 615 2813 assentiente
641 2781 780 2813 Ritschl
798 2781 843 2812 D.
865 2782 905 2813 T.
927 2782 1000 2812 Hs.
1014 2805 1021 2812 .
1034 2805 1041 2812 .
1056 2803 1063 2810 .
1095 2782 1115 2811 i.
1135 2793 1165 2812 c.
1187 2782 1269 2811 dum.
1287 2784 1392 2811 haral.
1411 2795 1452 2800 —
1471 2779 1562 2811 lbid.
1582 2783 1662 2820 post
1680 2780 1718 2809 Ι..
1738 2781 1814 2809 διό,

215 2823 353 2856 Ritschl
372 2829 503 2866 puncto
522 2826 640 2858 dctnlo
660 2827 857 2858 orationem
877 2826 1199 2859 continnat.-—lin.
1221 2826 1260 2856 13
1278 2828 1358 2865 post
1374 2826 1485 2863 praef(
1494 2836 1517 2855 c.
1533 2835 1570 2855 re
1583 2823 1673 2855 adde
1688 2823 1813 2855 verba:

218 2868 438 2909 Mutinensis,
467 2872 554 2912 quod
571 2873 643 2904 cias
662 2872 770 2910 Ilviffi
792 2873 941 2910 llllct'r,
963 2873 1118 2912 praefeci.
1141 2879 1328 2911 rc.—-pag.
1349 2869 1426 2901 280.
1445 2869 1507 2900 lin.
1527 2868 1595 2910 leg.
1617 2869 1650 2900 (1(
1659 2871 1735 2900 icat.
1753 2877 1815 2910 pro

286 3004 415 3038 LXIX.
437 3006 468 3047 1)
487 3006 597 3040 Uncis
617 3007 754 3040 inclusa
772 3008 807 3040 in
835 3007 957 3040 tabula
981 3006 1127 3047 desunt3
1153 3007 1311 3040 restituit
1327 3006 1591 3040 Mommsen.-
