1877 3313
444 116 474 158 §.
500 116 532 150 4.
582 114 826 160 Imperatorum
852 114 972 150 Edicta
996 120 1030 150 et
1055 116 1237 162 Rescripta.
1558 115 1643 157 315

42 227 201 265 raturae
239 221 341 277 legis
382 223 557 263 terminis
597 222 874 276 stringeretur.
935 221 1068 263 Placet
1107 223 1226 276 igitur
1268 235 1311 264 ea
1353 222 1501 276 pretia,
1542 233 1643 275 quae

42 281 186 324 subditi
215 281 347 322 brevis
379 281 572 333 scriptura
604 279 808 334 designat,
851 281 902 321 ita
944 281 1064 320 totius
1096 282 1203 322 orbis
1235 282 1360 321 nostri
1391 281 1644 322 observantia

44 340 258 391 contineri,
288 344 328 380 ut
360 352 499 380 omnes
530 339 760 391 intellegant
792 337 1024 392 egrediendi
1051 339 1189 379 eadem
1220 339 1413 379 licentiam
1446 340 1520 380 sibi
1551 351 1645 380 esse

42 396 281 451 prae'cisam:
325 410 403 438 non
435 396 605 450 inpedita
637 398 771 449 utique
802 398 839 437 in
873 397 931 438 his
963 397 1086 448 locis,
1132 398 1198 437 ubi
1240 398 1351 450 copia
1383 398 1647 450 perspicietur

44 457 214 507 afluere,
246 456 401 496 vilitatis
444 454 704 507 beatitudine,
747 456 809 495 cui
848 455 1015 495 maxime
1056 455 1288 508 providetur
1319 455 1409 495 dum
1441 456 1644 508 praefinita

44 516 204 556 avaritia
237 514 502 567 conpescitur.
573 513 677 552 Inter
718 513 946 554 venditores
987 508 1114 554 autern
1157 518 1462 565 emptorcsque,
1505 515 1648 566 quibus

44 573 289 614 consuetudo
331 577 393 612 est
425 571 533 612 adire
566 576 727 624 portus,
773 577 811 612 et
852 573 1084 625 peregrinas
1117 572 1228 612 obire
1262 572 1507 624 provincias,
1547 572 1646 613 haec

45 633 262 673 communis
294 636 402 671 actus
435 629 595 669 debebit
627 642 718 669 esse
752 630 983 681 moderatio,
1014 635 1055 671 ut
1086 643 1172 671 cum
1207 635 1245 670 et
1266 630 1337 682 ipsi
1365 631 1489 670 sciant
1516 631 1552 670 in
1575 643 1647 670 ca-

45 691 168 731 ritatis
200 689 439 729 necessitate
472 692 614 728 statuta
645 689 766 729 rebus
799 689 926 741 pretia
955 701 1033 730 non
1060 701 1180 742 posse
1204 688 1442 738 transcendi,
1476 687 1647 728 distrac-

17 749 162 790 'tionis
195 753 374 801 tempore
407 759 453 786 ea
485 747 686 796 locorum,
718 746 848 799 adque
882 747 1141 798 discursuum,
1176 748 1372 798 totiusque
1404 747 1552 799 negotii
1578 760 1648 787 ra-

45 808 100 847 tio
132 807 382 859 subputetur,
417 817 516 857 quae
539 806 638 845 iuste
670 805 864 858 placuisse
892 806 1142 858 perspicitur,
1174 817 1365 857 nusquam
1389 806 1519 845 carius
1543 818 1645 845 ven-

46 865 197 906 dituros
229 877 321 905 esse
347 864 413 915 qui
433 862 684 903 transferunt.
733 864 830 911 Quia
854 864 972 916 igitur
991 869 1029 904 et
1051 864 1152 916 apud
1174 865 1343 904 maiores
1366 869 1526 904 nostros
1548 863 1648 903 lianc

46 923 301 964 serendarum
332 923 465 976 legum
500 926 656 962 constat
687 921 808 962 fuisse
831 922 1036 973 rationem,
1067 928 1109 962 ut
1136 923 1382 975 praescripto
1409 927 1514 962 metu
1547 934 1647 962 con-

45 986 279 1035 pesceretur
321 981 496 1030 audacia,
522 979 628 1032 quod
662 993 794 1020 rarum
828 980 1035 1021 admodum
1054 985 1127 1030 cst,
1147 981 1351 1020 humanam
1380 980 1650 1020 condicionem

28 1045 187 1093 ‘sponte
219 1039 434 1080 beneficam
464 1038 729 1090 ‹lepreliendi3
762 1044 798 1078 ct
822 1051 970 1092 scnper
1001 1043 1237 1092 praeceptor
1264 1043 1391 1078 metus
1414 1039 1651 1079 iustissimus

46 1099 266 1139 officiorum
289 1098 487 1138 invenitur
510 1109 600 1137 csse
622 1097 872 1137 moderator:
904 1097 1033 1150 placet
1055 1103 1109 1148 ut,
1143 1098 1174 1138 si
1205 1098 1291 1149 quis
1320 1101 1458 1137 contra
1485 1097 1650 1137 sormam

46 1158 178 1198 statuti
211 1157 324 1197 huius
356 1157 522 1197 conixus
554 1155 672 1196 suerit
705 1155 897 1206 audentia,
930 1156 1082 1208 capitali
1115 1156 1290 1208 periculo
1323 1156 1570 1209 subiugetur.
1593 1153 1649 1210 ¹²]

46 1216 130 1256 Nec
162 1216 366 1268 quisquam
400 1213 578 1255 duritiam
609 1215 726 1254 statui
758 1219 886 1266 putet:
920 1227 1008 1254 curn
1039 1215 1076 1254 in
1099 1218 1283 1267 promptu
1306 1213 1407 1254 adsit
1429 1213 1650 1268 perfugium

47 1273 267 1315 declinandi
307 1272 496 1326 periculi„
539 1272 755 1313 modestiae
798 1273 1058 1313 observantia.
1127 1272 1262 1312 Eidem
1301 1276 1430 1312 autem
1472 1272 1650 1325 periculo

47 1334 163 1373 ctiam
194 1332 259 1372 ille
290 1331 504 1381 subdetur,
547 1331 611 1382 qui
644 1331 884 1383 conparandi
925 1331 1159 1382 cupiditate,
1200 1331 1363 1371 avaritia
1396 1329 1651 1381 distrahendi,

47 1397 185 1432 contra
216 1394 358 1430 statuta
390 1390 648 1430 consenserit.
710 1389 770 1428 Ab
803 1389 996 1429 eiusmodi
1038 1401 1198 1442 quoque
1240 1400 1346 1428 noxa
1376 1389 1544 1429 inmunis
1576 1401 1651 1428 nec

47 1450 110 1490 ille
141 1449 424 1503 praestavitur,
466 1448 530 1500 qui
562 1447 710 1487 liabens
743 1447 900 1500 species
942 1447 1060 1487 victui
1101 1448 1230 1500 adque
1270 1447 1358 1487 usui
1390 1448 1652 1498 necessarias,

46 1513 136 1562 post
157 1508 232 1548 hoc
253 1507 369 1547 stulte
401 1510 750 1559 temperamentum]
784 1506 1070 1546 existimaverit
1096 1505 1405 1546 subtrahendas:
1438 1518 1526 1546 cum
1549 1518 1652 1558 poe-

46 1579 96 1607 na
136 1566 200 1606 vel
240 1567 401 1619 gravior
443 1576 534 1605 esse
566 1563 707 1604 debeat
738 1564 942 1605 inferentis
973 1565 1214 1617 paenuriam,
1248 1577 1362 1617 quam
1396 1569 1533 1605 contra
1565 1569 1653 1605 sta-

46 1630 128 1666 tuta
167 1625 393 1677 quatientis.
416 1620 486 1678 ¹3)v
533 1622 795 1664 Coliortamur
836 1636 934 1676 ergo
978 1624 1150 1663 omnium
1194 1623 1470 1673 devotionem,
1513 1627 1555 1663 ut
1585 1635 1653 1663 res

41 1684 258 1734 ,coristituta
289 1695 342 1722 ex
373 1681 540 1723 comodo
581 1681 743 1734 publico
785 1683 966 1735 benignis
1009 1682 1196 1735 obsequis
1230 1686 1269 1721 ct
1299 1681 1429 1722 debita
1459 1681 1653 1734 religione

48 1747 252 1790 teneatur,
283 1741 464 1781 maximo
496 1753 582 1780 cum
617 1740 809 1781 eiusmodi
841 1745 1011 1790 statuto,
1045 1752 1122 1781 non
1157 1741 1377 1781 civitatibus
1409 1739 1574 1793 singulis
1607 1753 1655 1780 ac

47 1800 204 1854 populis
235 1799 365 1852 adque
393 1799 633 1852 provinciis,
665 1799 737 1838 sed
770 1799 957 1839 universo
992 1798 1077 1839 orbi
1107 1800 1306 1851 provisum
1340 1811 1430 1839 esse
1463 1797 1654 1849 videatur,

47 1861 84 1900 in
125 1859 235 1899 cuius
273 1859 497 1910 pernicicm
539 1857 654 1910 pauci
695 1857 893 1898 atmodum
937 1857 1165 1897 desaebisse
1208 1862 1444 1905 noscantur,
1486 1869 1654 1909 quorum

47 1918 247 1959 avaritiam
279 1929 354 1957 nec
385 1916 601 1970 prolexitas
628 1921 860 1968 temporum,
893 1929 969 1956 nec
991 1915 1146 1955 divitiae
1170 1916 1308 1967 quibus
1331 1915 1533 1956 studuisse
1557 1928 1654 1955 cer-

20 1980 216 2028 nuntur,
258 1976 441 2028 mitigare
482 1979 545 2015 aut
586 1975 732 2015 satiare
773 1979 998 2027 potuerunt.
1021 1971 1074 2027 Η)
1136 1974 1267 2026 Iyilm·
1311 1974 1462 2013 etiamsi
1500 1985 1654 2013 summa

48 2035 215 2088 quaevis
247 2035 430 2074 caritatis
450 2034 513 2073 vis
533 2033 755 2086 aliquando
789 2034 1009 2082 exsisteret,
1043 2038 1173 2071 tamen
1205 2032 1347 2072 licitum
1379 2033 1441 2082 sit,
1463 2045 1529 2071 res
1558 2045 1651 2071 um-

48 2106 168 2147 quam
208 2092 374 2132 venales
412 2104 532 2146 supra
573 2097 758 2132 ostensos
789 2105 815 2131 a
847 2092 966 2131 nobis
1002 2091 1227 2143 pretiorum
1270 2091 1461 2131 ternn'nos
1502 2102 1654 2131 conce-

49 2152 145 2192 dere
176 2151 331 2191 nemini.

48 2222 248 2262 Frumenti
586 2221 617 2265 ἰῖ
684 2222 705 2267 3]
726 2218 779 2274 ¹5)

49 2280 197 2321 Hordei
585 2279 615 2324 Κ
685 2280 707 2325 ῗι
861 2291 981 2318 unum
1171 2310 1178 2318 .

52 2337 265 2379 Centenum
299 2338 384 2380 sivc
413 2337 534 2379 sicale
587 2338 615 2382 s(
686 2339 707 2385 ᾗ
866 2349 981 2377 unum
1039 2336 1076 2377 X
1095 2333 1178 2391 ιὃ).

50 2492 216 2524 mensilale
249 2491 386 2535 diffusis.
424 2490 536 2524 Editio
570 2490 675 2523 libere
707 2495 852 2534 vagatur
884 2490 950 2523 sic:
982 2500 1063 2533 quae
1093 2489 1181 2522 velue
1210 2489 1324 2522 nebula
1356 2489 1481 2533 campis
1513 2488 1655 2532 qzeadam

51 2538 205 2571 densitate
228 2538 358 2582 diffusa.
393 2554 437 2559 -—
474 2536 532 2579 12)
558 2537 637 2582 Lap.
662 2537 831 2580 subiyetur.
857 2536 919 2569 Ed.
944 2536 1148 2569 subnotatur.
1177 2553 1217 2559 —-·
1247 2536 1306 2578 13)
1332 2536 1380 2569 Ita
1405 2535 1482 2579 Lap.
1509 2535 1569 2568 Ed.
1593 2537 1652 2577 fa-

50 2585 175 2618 cientis.
202 2603 242 2608 ——-
272 2583 330 2626 14)
350 2585 430 2617 Heio
456 2584 527 2617 finis
555 2586 735 2626 imponitur
762 2585 865 2616 textui
892 2585 923 2616 in
950 2583 1064 2617 arcad.
1090 2583 1224 2626 ephem.
1259 2583 1294 2615 In
1321 2582 1394 2615 aliis
1420 2587 1533 2615 autem
1560 2592 1577 2613 n
1598 2593 1651 2614 mc

52 2633 243 2664 memoratis
268 2631 362 2664 libris
387 2637 572 2675 sequuntur
597 2631 650 2664 alii
677 2630 837 2663 versiculi
863 2630 930 2663 duo
956 2640 1064 2672 paene
1090 2630 1210 2671 deleti,
1246 2640 1388 2673 quorum
1414 2639 1520 2672 pauca
1546 2628 1653 2662 verba

52 2677 218 2721 leguntur.
265 2678 338 2719 Ego
372 2689 455 2711 vcro
491 2679 678 2721 supputatis
713 2682 847 2720 praeter
879 2682 1017 2720 propter
1048 2676 1243 2710 tacunarum
1277 2677 1392 2719 spatiis
1426 2673 1519 2716 (nam
1551 2675 1653 2717 paulo

53 2723 227 2758 breviores
260 2731 336 2757 sunt
368 2726 529 2768 postremi
556 2727 622 2756 duo
649 2725 680 2756 in
707 2723 819 2767 lapide
846 2722 980 2765 versus)
1014 2724 1063 2755 sic
1088 2723 1198 2767 legem
1234 2722 1411 2756 absolvere
1445 2732 1544 2754 ausus
1569 2732 1653 2755 sum.

55 2785 96 2791 —
139 2770 199 2812 15)
232 2773 412 2804 castrensis
454 2771 596 2804 modius.
661 2770 711 2803 De
755 2770 818 2803 hoc
860 2770 971 2803 modio
1014 2769 1218 2814 Borghesius
1261 2773 1422 2811 provocat
1463 2768 1503 2801 ad
1549 2767 1648 2802 Pela-

55 2817 146 2856 gonii
176 2818 384 2851 veterinaria
418 2818 470 2850 ed.
498 2817 599 2850 Lioni.
633 2817 827 2850 Florentiae
865 2818 962 2850 1826.
998 2827 1072 2860 cap.
1105 2816 1143 2850 Il.
1180 2828 1210 2858 p.
1237 2817 1280 2848 20
1306 2821 1339 2848 et
1373 2815 1411 2855 P,
1438 2814 1558 2848 Secehi
1582 2826 1651 2849 soc.

56 2862 117 2895 les.
144 2861 369 2904 (Bibliotheca
396 2865 523 2897 Italian.
550 2864 684 2897 milano.
712 2863 812 2896 1838.
838 2875 869 2907 p.
888 2861 995 2905 433.).
1013 2882 1051 2885 —
1072 2861 1129 2904 16)
1148 2863 1302 2895 denarius
1321 2863 1414 2906 isque
1433 2872 1561 2895 aereus.
1587 2862 1652 2896 Pro

56 2908 213 2952 peculiari
237 2912 335 2953 signo
361 2911 501 2952 denarii,
528 2911 617 2955 quod
644 2910 725 2954 lapis
750 2910 864 2952 habet,
890 2921 950 2944 nos
975 2911 1028 2943 hic
1054 2910 1183 2943 literam
1210 2909 1238 2941 X
1265 2909 1345 2942 dare
1372 2909 1534 2951 cogimur.
