1877 3313
151 174 235 216 104
519 170 621 204 Inscr.
646 179 773 204 sacrae.
822 166 904 214 Cap.
930 168 985 202 ΠΙ.
1034 167 1132 202 Tituli
1158 167 1372 211 sepulcrales.

148 279 296 329 mania,
334 278 395 318 Pr.
427 276 513 316 urb.
545 274 682 328 Legat.
713 278 753 315 et
783 273 922 316 Comiti
953 273 1083 315 Claud.
1116 273 1296 314 Caesaris
1333 273 1372 314 in
1403 273 1598 314 Britannia
1629 273 1738 315 Con-

148 338 244 388 suli,
276 337 436 377 Procos.
468 334 610 382 Asiae,
641 332 841 385 Propraet.
872 334 1073 383 Moesiae,
1111 333 1150 372 in
1182 345 1258 384 qua
1288 331 1401 385 plura
1433 345 1548 385 quam
1579 338 1738 373 centurn

148 395 239 435 mill.
272 407 325 435 ex
355 403 518 434 numero
551 390 931 432 Transdanuvianor.
974 391 1021 431 ad
1058 390 1292 443 praestanda
1333 391 1477 430 tributa
1519 403 1604 430 cum
1637 403 1739 431 con-

147 453 269 507 iugib.
312 465 357 492 ac
398 450 529 491 liberis
568 453 608 489 et
647 449 849 502 principib.
891 454 955 490 aut
994 450 1156 501 regibus
1188 450 1268 488 suis
1300 447 1530 489 transduxit.
1590 448 1738 489 Motum

149 513 341 553 orientem
373 509 580 550 Sarinatar.
614 509 868 560 compressit,
910 508 1086 560 quamvis
1118 511 1242 559 parte.
1275 519 1427 560 magna.
1461 507 1659 547 exercitus
1691 507 1740 547 ad

148 568 440 623 expeditionem
481 567 520 606 in
562 565 784 605 Armeniam
826 567 1006 606 misisset.
1067 566 1228 618 Ignotos
1267 569 1354 605 ante
1394 569 1458 605 aut
1488 564 1668 606 infensos
1697 565 1738 605 P.

146 628 192 668 R.
224 628 356 680 Reges
378 626 490 678 signa
520 636 681 664 romana
713 624 945 665 adoraturos
977 625 1013 664 in
1045 624 1168 676 ripam
1200 636 1313 675 quam
1342 624 1524 663 tuebatur
1545 623 1740 676 perduxit,

146 685 310 739 regibus
342 684 614 723 Bastarnarum
647 686 686 722 et
717 682 1035 723 Rhoxolanorum
1066 682 1164 721 filios
1196 681 1392 722 Dacorum
1419 681 1582 721 fratrum
1605 686 1740 735 captos

147 748 212 784 aut
242 743 419 784 hostibus
452 746 612 806 ereptos
643 741 811 789 remisit3
851 741 897 781 ab
935 741 1071 792 aliquis
1105 752 1240 780 eorum
1274 739 1432 793 opsides
1464 740 1638 791 accepit,
1668 752 1741 793 per

147 814 265 855 quem
295 812 433 854 pacem
463 799 691 852 provinciae
724 804 765 839 et
795 798 1038 839 confirmavit
1070 802 1108 837 et
1139 797 1320 851 protulit3
1363 798 1595 851 Scytharum
1635 810 1742 850 quo-

148 872 225 912 que
265 870 401 912 regem
423 855 458 911 ¹)
499 870 520 897 a
563 856 776 898 Cheronesi
818 870 927 923 quae
971 861 1031 896 est
1070 857 1169 896 ultra
1210 856 1495 897 Borusthenem
1535 856 1741 909 opsidione

147 922 343 960 summoto
375 916 523 970 primus
555 928 607 955 ex
637 928 683 956 ea
714 916 914 980 provincia
944 926 1087 967 magno
1118 915 1232 953 tritici
1264 914 1381 955 modo
1413 926 1606 954 annonam
1636 915 1672 954 P.
1695 915 1739 954 R.

146 976 351 1017 adlevavit.
412 974 524 1014 Hunc
554 973 740 1028 Legatum
771 974 809 1013 in
841 974 1060 1025 Hispaniam
1093 971 1140 1012 ad
1180 972 1414 1024 praefectur.
1457 973 1564 1012 urbis
1595 974 1740 1013 remis-

146 1047 234 1077 sum
264 1034 430 1075 Senatus
462 1033 502 1073 in
532 1032 778 1085 praefectura
810 1032 1101 1084 triumphalibus
1133 1032 1371 1072 ornamentis
1402 1031 1609 1071 honoravit
1641 1043 1742 1071 auc-

145 1098 234 1134 tore
273 1092 366 1145 Imp.
406 1090 577 1132 Caesare
618 1090 800 1143 Augusto
833 1090 1072 1142 Vespasiano
1114 1090 1246 1130 verbis
1287 1102 1338 1129 ex
1369 1090 1546 1131 oratione
1578 1090 1662 1130 eius
1695 1089 1740 1137 Q.

145 1151 175 1192 Ι.
206 1149 244 1193 S.
277 1150 316 1193 S.
342 1148 351 1171 ¹

283 1148 461 1249 Mogsiae
501 1208 552 1248 ita
593 1206 785 1260 praefuit,
826 1211 870 1246 ut
910 1218 988 1247 non
1030 1205 1209 1246 debuerit
1250 1206 1287 1246 in
1330 1219 1393 1246 nie
1435 1205 1582 1246 differri
1613 1206 1742 1247 honor

144 1266 432 1320 triumphalium
474 1266 559 1306 eius
591 1269 933 1315 ornamentorum,
976 1264 1048 1304 nisi
1082 1264 1186 1316 quod
1227 1265 1341 1305 latior
1373 1265 1409 1305 ei
1439 1265 1603 1319 contigit
1633 1277 1743 1306 mora

145 1325 279 1367 titulus
310 1323 515 1365 Praefecto
546 1324 664 1364 urbis.

285 1383 400 1424 Hunc
431 1383 470 1422 in
502 1381 639 1422 eadem
669 1380 918 1435 praefectura
950 1381 1060 1421 urbis
1090 1381 1182 1434 Imp.
1217 1381 1363 1422 Caesar
1393 1381 1495 1433 Aug.
1528 1381 1743 1434 Vespasia-

144 1454 221 1484 nus
251 1442 392 1483 iterum
425 1441 516 1481 Cos.
548 1440 650 1480 fecit.
684 1464 738 1469 —
769 1443 807 1478 In
839 1443 1003 1490 sepulcro
1046 1443 1259 1479 Plautiorum
1298 1454 1412 1490 prope
1452 1443 1569 1478 Tibur.
1603 1443 1741 1480 Gruter.

144 1517 180 1553 p.
211 1503 307 1539 453.
352 1499 525 1538 Dominici
558 1501 602 1537 de
634 1501 770 1537 Sanctis
813 1501 959 1537 Dissert.
999 1501 1043 1537 de
1074 1501 1213 1537 Piautiis
1260 1502 1331 1538 tab.
1363 1500 1399 1537 2.
1447 1501 1555 1538 Morc.
1588 1500 1653 1549 Op.
1686 1513 1742 1549 ep.

145 1562 188 1599 ΙΙ.
220 1561 287 1598 89.
332 1560 402 1596 Fea
432 1559 646 1596 Frammenti
677 1559 711 1595 di
743 1559 822 1595 fast.
855 1572 886 1607 p.
920 1559 1004 1595 C111.

286 1665 381 1701 899.
443 1661 483 1702 C.
518 1662 654 1702 Sentio
686 1661 837 1703 Severo
870 1661 1070 1708 Quadrato
1102 1660 1141 1701 C.
1173 1661 1216 1701 V.
1233 1658 1272 1716 3)
1316 1661 1406 1702 Cos.
1439 1662 1564 1703 amico
1597 1666 1636 1702 et
1667 1674 1742 1702 co-

144 1721 226 1761 mit.
257 1719 360 1775 Aug.
392 1720 439 1760 N.
471 1719 554 1761 Iulii
586 1719 728 1760 fratres
760 1719 951 1760 Maximus
983 1726 1021 1760 et
1053 1720 1198 1760 Victor.
1232 1744 1287 1749 —-
1320 1723 1458 1760 Gruter.
1489 1735 1524 1771 p.
1559 1722 1682 1770 1100,
1708 1724 1744 1760 5.

146 1782 312 1819 Haubold
345 1781 393 1817 Ce
426 1781 612 1818 consistor.
645 1781 792 1828 princip.
825 1781 952 1828 Opusc.
986 1781 1082 1817 acad.
1115 1781 1140 1817 I.
1173 1793 1206 1829 p.
1241 1781 1335 1818 209.

285 1874 380 1911 900.
440 1871 487 1912 D.
520 1871 570 1912 M.
603 1871 646 1911 T.
678 1871 755 1910 Fla.
788 1871 1007 1911 Postumius
1040 1872 1165 1912 Varus
1197 1872 1240 1912 V.
1275 1872 1314 1912 C.
1340 1871 1427 1913 Cos.
1457 1872 1612 1912 Orator.
1639 1870 1742 1926 Aug.

145 1930 217 1972 XV
247 1930 319 1981 vir,
350 1929 477 1970 Praef.
509 1930 593 1970 urb.
608 1926 649 1982 ⁴)
691 1929 778 1968 Vixi
809 1929 948 1969 beatus
981 1929 1065 1980 diis,
1097 1931 1255 1980 amicis,
1286 1930 1440 1971 litteris.
1499 1930 1636 1971 Manes
1668 1943 1743 1971 co-

144 1989 292 2029 lamus:
336 2000 505 2040 namque
545 1988 693 2040 opertis
724 1987 901 2027 Manibus
941 1987 1057 2027 divini
1088 1988 1146 2028 vis
1180 1993 1241 2028 est
1273 1990 1424 2029 aeterni
1455 1989 1657 2042 temporis.
1689 2010 1744 2016 —-

147 2049 268 2086 Giorn.
300 2049 417 2086 arcad.
450 2049 568 2086 XLIV.
600 2061 633 2097 p.
669 2047 759 2084 132.
791 2047 884 2095 Aug.
920 2047 1039 2085 1829.
1087 2049 1229 2085 Henzen
1265 2046 1390 2086 Annal.
1424 2049 1506 2086 den'
1536 2050 1617 2086 inst.
1650 2050 1744 2086 arch.

150 2107 273 2145 1845.
303 2120 338 2156 p.
372 2107 437 2144 54.

287 2200 382 2237 901.
443 2198 510 2238 Dis
542 2197 733 2238 Manibus.
766 2196 807 2237 C.
839 2196 930 2238 Seio
961 2196 1011 2237 Μ.
1044 2197 1083 2237 F.
1114 2195 1277 2252 Quir.⁵)
1311 2196 1520 2250 Calpurnio
1549 2197 1744 2246 Quadrato

148 2257 308 2307 Siliano,
339 2257 499 2297 Procos.
531 2258 709 2308 provinc.
741 2255 1022 2305 Narbonensis,
1052 2256 1180 2295 Praet.
1210 2256 1439 2309 peregrino,
1472 2255 1501 2294 T
1506 2257 1577 2297 rib.
1606 2256 1743 2309 plebis,

149 2315 362 2363 Quaestori
403 2315 580 2367 provinc.
624 2313 808 2362 Africae,
848 2312 895 2353 111
925 2313 1009 2353 viro
1043 2313 1206 2366 capitali,
1242 2315 1353 2354 cuius
1386 2326 1528 2368 corpus
1561 2315 1621 2355 hic
1652 2327 1745 2356 cre-

148 2379 293 2415 matum
325 2377 396 2414 est.
434 2397 484 2403 ss
517 2376 618 2412 Fabr.
651 2387 685 2423 p.
720 2375 813 2411 704.
859 2375 966 2410 Morc.
999 2373 1064 2422 Op.
1097 2386 1152 2422 ep.
1183 2374 1225 2410 ΙΙ.
1258 2374 1323 2411 9-1.
1692 2395 1693 2398 =

290 2469 384 2506 902.
445 2465 537 2507 Sex.
570 2466 712 2507 Tadius
745 2466 836 2507 Sex.
868 2465 908 2505 F.
941 2462 1078 2517 Vol.⁶)
1110 2464 1249 2505 Lusius
1270 2465 1400 2518 Nepos
1423 2466 1619 2507 Paullinus
1641 2466 1744 2507 Pro-

149 2537 230 2567 cos.
272 2526 434 2566 sortitus
465 2537 578 2578 prov.
622 2525 724 2565 Cret.
766 2524 854 2577 Cyr.
870 2521 908 2577 ⁷)
949 2523 1044 2576 Leg.
1079 2521 1268 2576 Propr.8)
1310 2536 1420 2577 prov.
1461 2524 1583 2565 Afric.
1616 2525 1743 2565 Praef.

149 2583 210 2623 Fr.
241 2583 285 2624 D.
301 2580 342 2637 ⁹)
381 2583 477 2636 Leg.
520 2583 581 2623 Pr.
623 2583 684 2622 Pr.
717 2595 826 2636 prov.
859 2582 991 2632 Asiae,
1023 2581 1119 2633 Leg.
1151 2582 1212 2622 Pr.
1244 2583 1305 2622 Pr.
1345 2595 1455 2636 prov.
1488 2583 1584 2623 Mac.
1617 2584 1743 2624 Praet.

152 2641 271 2682 Cand.
303 2641 403 2683 Aed.
436 2653 517 2682 cur.
552 2641 596 2688 Q.
617 2638 672 2694 ¹⁰]
705 2653 815 2694 prov.
849 2641 956 2681 Pont.
989 2644 1029 2681 et
1058 2639 1130 2680 Bit.
1163 2640 1225 2680 Tr.
1259 2641 1334 2681 mil.
1366 2640 1443 2695 leg.
1475 2641 1536 2682 lV.
1566 2641 1606 2681 F.
1633 2639 1741 2696 F.¹¹)

290 2803 327 2848 1]
353 2807 474 2840 vitiose
498 2815 559 2850 pro
583 2816 664 2849 r.e9e
690 2821 734 2826 --
760 2804 798 2847 2)
824 2792 917 2846 Quae
943 2803 1027 2837 infra
1056 2804 1182 2846 scripta
1207 2809 1292 2837 sunt.
1320 2821 1361 2826 —-
1387 2801 1426 2845 3)
1452 2803 1634 2837 clarissimo
1660 2805 1742 2838 viro.

154 2869 195 2874 —
221 2849 260 2893 4)
285 2851 364 2885 Post
388 2851 465 2886 Chr.
492 2863 544 2886 an.
569 2852 647 2884 271.
675 2869 714 2873 —
743 2852 780 2894 5)
807 2850 943 2892 Quirina
968 2850 1066 2884 tribu.
1093 2867 1132 2872 —
1160 2850 1198 2891 6)
1226 2850 1368 2884 Voltinia
1396 2849 1491 2883 tribu.
1523 2868 1563 2872 ·—
1598 2848 1635 2892 7)
1661 2861 1744 2895 p-to

152 2899 278 2931 vincias
319 2899 470 2942 Cretam,
503 2899 732 2942 Cyrenaicam.
766 2916 805 2920 —
840 2896 878 2939 8)
904 2898 1047 2939 Legatus
1073 2903 1279 2940 propraetor.
1313 2915 1353 2919 —
1388 2897 1426 2937 9)
1451 2896 1644 2930 Praefectus
1670 2897 1742 2931 fru-

152 2949 265 2978 mento
290 2944 410 2980 dando
437 2964 477 2969 —-
505 2944 565 2988 10)
592 2944 768 2988 Quaestor.
797 2962 836 2968 -
865 2942 922 2986 11)
949 2944 1092 2988 legionis
1116 2943 1169 2976 lv.
1195 2943 1330 2977 Flaviae
1356 2943 1490 2977 Felicis.
