1918 3313
169 178 225 219 68
541 176 644 209 Inscr.
668 183 798 208 sacrae.
844 171 925 218 Cap.
950 173 1007 209 111.
1054 174 1152 208 Tituli
1175 174 1390 218 sepulcrales.

290 280 509 379 44816230.
550 278 690 319 Lurius
731 277 777 325 Q.
819 277 862 319 L.
901 277 1194 332 Apollophanes
1224 277 1314 320 heic
1344 278 1472 320 cubat.
1503 301 1559 308 -—
1590 281 1761 319 Venetiis.

169 344 259 380 Don.
321 343 344 378 4
378 371 388 389 ‚
477 369 484 376 .

307 418 402 455 487.
462 414 505 454 D.
538 413 585 453 M.
618 411 734 463 Loci,
774 412 814 452 in
846 425 923 465 quo
956 425 1101 466 corpus
1133 413 1176 452 T.
1208 412 1334 453 Lu...
1376 412 1573 455 Sabiniani
1603 412 1763 454 Luciani

169 478 382 516 crematum
414 477 484 512 esl.
511 492 567 499 —-
598 473 735 509 Oderic.
760 473 899 520 Syllog.
924 474 1028 510 inser.
1051 486 1083 522 p.
1110 473 1204 509 224.
1237 474 1381 510 Morcel.
1414 473 1478 522 Op.
1502 485 1557 522 ep.
1573 473 1616 510 Π.
1638 486 1672 522 p.
1696 474 1761 510 94.

307 553 401 588 488.
461 547 502 586 L.
534 545 637 599 Mag.
670 545 849 586 Maciano
882 546 935 587 Cl.
977 547 1123 587 Severa
1162 546 1301 587 marito
1333 546 1542 587 karissimo
1574 551 1613 587 et
1644 546 1761 587 Corn.

167 608 327 649 Valerio
358 607 407 647 fil.
438 605 679 658 pientissimo
721 608 759 644 et
789 604 890 657 Mag.
931 605 1171 646 Prisciniano
1204 617 1350 645 socero
1381 604 1423 644 B.
1457 605 1508 646 M.
1528 602 1562 658 ¹)
1601 609 1640 644 et
1677 605 1761 646 sibi.

167 667 216 708 Et
245 667 284 706 in
315 664 537 705 memoriam
570 675 652 703 eor.
687 667 725 702 et
755 663 815 702 sui
847 662 934 703 coll.
967 662 1013 703 N.
1046 663 1086 703 B.
1103 661 1143 717 ²)
1186 663 1235 703 ad
1277 675 1391 703 rosas
1433 667 1472 703 et
1509 662 1763 716 profusiones

169 725 216 766 Ο.
248 724 294 764 Ν.
325 724 364 763 F.
381 720 418 774 ³)
451 721 499 761 ad
529 721 601 762 HS.
633 720 678 760 N.
710 720 791 761 LX.
825 721 902 760 mil.
936 721 982 762 D.
1015 722 1054 761 F.
1086 722 1132 761 D.
1164 722 1191 761 I.
1224 721 1263 761 Ρ.
1279 719 1321 775 4)
1354 744 1409 750 ——
1451 724 1632 760 Veronae.
1665 724 1762 760 Grut.

170 785 268 832 303,
301 785 335 821 8.
377 783 471 819 Orel.
504 781 628 818 4415.
663 776 746 832 (qui
777 782 810 818 in
841 782 911 818 ind.
944 783 1120 830 explicat:
1152 782 1277 818 divisio
1299 782 1359 819 fiat
1381 783 1426 819 de
1446 782 1550 830 ipsius
1574 777 1761 834 pecunia.)

307 857 400 897 489.
459 854 500 895 L.
532 855 662 909 Magio
693 854 868 895 Pudenti.
913 880 961 885 —-
1006 858 1043 895 In
1085 859 1323 906 sarcophago.
1369 858 1532 895 Treviris.
1565 858 1693 895 Lersch
1725 857 1764 895 C.

169 919 212 956 M.
242 918 302 966 111,
333 917 398 954 21.

307 1004 402 1040 490.
433 1001 479 1041 D.
511 1000 561 1042 M.
595 1000 640 1048 Q.
672 1000 851 1041 Medicus
882 1000 986 1055 Aug.
1019 1000 1083 1040 lib.
1116 1013 1138 1040 a
1169 1000 1256 1041 solo
1299 1001 1375 1041 sibi
1405 1000 1498 1041 fecit
1530 1000 1605 1041 hoc
1636 1012 1764 1053 cepo-

167 1057 325 1115 tafiu.⁵)
388 1059 527 1107 Quinta
559 1059 694 1099 Vitalis
726 1058 802 1099 filia
833 1072 919 1099 mea
950 1056 1234 1112 possidebetss)
1267 1059 1352 1098 sine
1384 1059 1666 1099 controversia.
1708 1081 1763 1086 —

168 1121 341 1159 Panormi.
372 1121 515 1166 Vignol.
546 1120 722 1168 Inscriptt.
754 1121 876 1156 select.
917 1132 950 1167 p.
985 1120 1079 1155 330.
1136 1119 1316 1156 D'Orville
1347 1119 1442 1156 lllisc.
1483 1120 1559 1157 obs.
1590 1131 1673 1157 nov.
1704 1119 1763 1156 111.

167 1194 201 1230 p.
236 1180 327 1216 142.
373 1180 501 1216 Donat.
533 1179 558 1215 I.
589 1191 625 1226 p.
661 1178 754 1224 197,
790 1178 822 1214 1.
870 1178 965 1215 Orel.
998 1177 1122 1214 4514.

307 1254 403 1291 491.
465 1251 514 1292 A.
545 1251 728 1292 Memmio
759 1251 873 1291 Claro
907 1251 952 1291 A.
985 1251 1190 1291 Memmius
1216 1251 1395 1292 Urbanus
1418 1251 1638 1292 conliberto
1659 1250 1763 1292 idem

169 1312 342 1352 consorti
373 1311 576 1351 carissimo
609 1310 693 1350 sibi.
755 1309 859 1350 Inter
890 1323 952 1349 me
985 1314 1024 1349 et
1054 1314 1116 1360 te,
1159 1310 1406 1350 sanctissime
1445 1311 1496 1350 mi
1534 1309 1764 1362 conliberte,

168 1369 314 1410 nullum
346 1381 519 1421 unquam
561 1367 790 1420 disiurgium
818 1367 943 1407 fuisse
985 1368 1168 1408 conscius
1211 1380 1297 1408 sum
1330 1368 1420 1408 mihi
1433 1381 1444 1417 3
1486 1368 1562 1409 hoc
1604 1380 1764 1421 quoque

169 1428 280 1469 titulo
313 1439 479 1480 superos
511 1431 550 1467 et
579 1425 729 1466 inferos
762 1430 887 1466 testor
919 1425 1037 1476 deos,
1069 1438 1144 1465 una
1176 1438 1239 1465 me
1270 1431 1399 1466 tecum
1433 1438 1694 1479 congressum
1725 1427 1765 1466 in

169 1486 376 1537 venalicio,
406 1498 481 1526 una
514 1484 630 1525 domo
669 1483 814 1525 liberos
854 1496 945 1524 esse
986 1483 1136 1532 factos;
1174 1496 1304 1536 neque
1344 1484 1446 1524 ullus
1488 1496 1658 1536 unquam
1691 1496 1764 1525 nos

172 1544 413 1595 diiunxisset‚
445 1544 520 1584 nisi
550 1543 612 1583 hic
652 1548 742 1583 tuus
781 1542 905 1583 fatalis
940 1542 1035 1582 dies.
1070 1565 1125 1570 ——-
1156 1544 1213 1581 Ad
1245 1549 1384 1593 portam
1416 1545 1604 1593 Capenam.
1644 1545 1766 1582 Marini

172 1605 248 1642 Atti
280 1605 321 1642 11.
353 1618 387 1653 p.
420 1604 513 1640 712.
561 1604 657 1640 Orel.
689 1604 812 1640 4777.

312 1680 405 1717 492.
465 1677 533 1718 Dis
574 1677 752 1718 Manibus
784 1676 1016 1717 Meviorum.
1049 1695 1104 1704 --—
1137 1679 1226 1715 Illaff.
1260 1680 1346 1717 llius.
1376 1679 1419 1716 V.
1451 1692 1484 1728 p.
1518 1679 1612 1716 363.
1657 1679 1765 1716 More.

174 1740 238 1788 Op.
270 1751 326 1787 ep.
356 1739 399 1776 11.
436 1738 525 1774 112.

313 1815 407 1851 493.
466 1811 638 1853 Mussius
669 1811 899 1864 Trophimus
935 1811 1150 1864 Callityche
1182 1811 1246 1851 lib.
1282 1816 1321 1851 et
1363 1811 1523 1865 coniugi
1563 1824 1659 1852 suae
1690 1823 1767 1865 op-

174 1871 290 1912 timae
322 1875 360 1910 et
391 1871 537 1910 meritis
569 1871 649 1910 suis
681 1870 924 1920 carissimae,
956 1883 1043 1910 cum
1075 1882 1150 1921 qua
1182 1870 1279 1909 vixit
1309 1871 1419 1910 annis
1451 1869 1644 1910 XXXXII.
1682 1870 1767 1911 tulit

175 1941 301 1970 annos
331 1928 406 1969 LII.
440 1933 479 1969 et
509 1928 595 1969 sibi.
628 1952 684 1958 —
715 1931 884 1967 Venetiis.
914 1931 1053 1966 Fabret.
1086 1943 1119 1978 p.
1154 1930 1248 1967 325.

312 2007 408 2042 494.
468 2004 621 2045 Silvana
651 2004 789 2044 Niciati
820 2003 957 2044 marito
988 2004 1089 2043 bene
1122 2004 1298 2054 merenti,
1331 2016 1419 2044 cum
1443 2017 1520 2057 quo
1541 2004 1637 2045 vixit
1655 2003 1766 2044 annis

174 2063 320 2115 tribus,
361 2063 532 2103 mesibus
565 2062 732 2114 duobus,
763 2063 843 2102 oris
876 2061 1070 2102 undecim.
1104 2083 1153 2088 —
1189 2065 1330 2101 Romae.
1362 2065 1500 2101 Fabret.
1536 2064 1638 2112 186,
1669 2064 1765 2101 419.

315 2141 410 2177 495.
469 2137 592 2180 Sedes
635 2138 686 2178 M.
729 2138 890 2178 Octavio
923 2137 972 2178 M.
1013 2137 1053 2177 F.
1085 2134 1325 2190 Aprinem7)
1369 2137 1411 2178 L.
1452 2137 1608 2178 Valerio
1648 2137 1690 2177 L.
1723 2137 1764 2177 F.

176 2197 305 2238 Firmo
325 2196 442 2236 Melio
465 2195 592 2237 Aucto
612 2196 765 2237 liberto.
799 2219 853 2223 —
884 2199 998 2246 Prope
1020 2198 1211 2235 Veronam.
1234 2199 1329 2235 Grut.
1351 2211 1385 2246 p.
1408 2198 1501 2235 882.
1524 2198 1619 2234 Orel.
1642 2198 1766 2234 4534.

315 2275 411 2310 496.
471 2272 613 2311 Vivont
645 2272 687 2311 T.
720 2273 914 2313 Paconius
955 2271 998 2311 T.
1031 2270 1072 2310 L.
1105 2270 1232 2311 Alexa
1263 2271 1423 2313 Octavia
1455 2271 1494 2311 O.
1526 2267 1627 2325 L.⁸)
1658 2270 1765 2313 Asia.

179 2348 235 2362 μ
267 2332 380 2369 lllaffei
411 2332 493 2369 Ant.
526 2333 611 2368 Gall.
644 2333 746 2381 epist.
781 2333 815 2369 6.
860 2333 966 2369 More.
997 2332 1048 2367 st.
1081 2331 1193 2368 CLIII.

317 2408 412 2445 497.
470 2405 659 2457 Reliquiis
683 2405 722 2446 C.
747 2406 866 2446 Paccl
885 2405 1135 2445 Aristaeneti.
1157 2427 1211 2433 ——
1234 2408 1375 2444 Romae.
1396 2408 1536 2444 Fabret.
1562 2407 1655 2444 721.
1672 2407 1767 2445 426.

316 2484 412 2520 498.
473 2480 518 2528 Q.
552 2480 755 2522 Cornelius
788 2482 833 2530 Q.
864 2481 907 2521 L.
938 2480 1182 2521 Philomusus
1213 2479 1399 2532 Sagarius
1425 2493 1447 2520 a
1474 2480 1625 2522 theatro
1655 2481 1767 2521 Mar-

180 2539 268 2581 celli
297 2538 391 2580 fecit
420 2538 491 2579 sibi
523 2543 562 2578 ct
592 2540 686 2589 suis,
718 2539 924 2580 Corneliae
955 2537 1114 2591 Daphne
1142 2537 1392 2578 Conlibertae
1422 2550 1520 2578 suae
1545 2543 1585 2579 et
1611 2538 1767 2580 Corne-

179 2598 253 2639 liae
283 2597 463 2652 Nymphe
494 2597 623 2638 sorori
654 2598 738 2638 eius
772 2598 813 2638 L.
846 2598 897 2640 Se
927 2597 1017 2637 vivo
1038 2595 1164 2636 intulit
1185 2595 1406 2637 Corneliam
1425 2596 1633 2638 Proculam
1653 2596 1767 2638 filiam

321 2761 359 2802 1)
383 2762 470 2795 bene
488 2761 642 2794 merenti.
671 2777 709 2783 ·—
738 2759 775 2802 2)
794 2762 982 2794 numeravit
998 2759 1075 2793 biba
1101 2756 1195 2803 (proz
1212 2756 1305 2801 viva)
1331 2759 1486 2803 explicat.
1501 2759 1625 2803 Scalig.
1651 2757 1716 2791 Sed
1734 2759 1767 2791 in

183 2808 235 2841 his
260 2806 372 2841 COLL.
399 2808 437 2841 N.
462 2808 499 2842 B.
527 2806 651 2842 Orellio
684 2809 794 2850 potius
827 2808 961 2851 collegii
994 2806 1132 2840 alicuius
1163 2806 1365 2839 Veronensis
1398 2815 1519 2838 nomen
1545 2805 1640 2838 nobis
1663 2806 1768 2848 ignoti

182 2854 288 2887 latere
313 2854 452 2888 videtur.
479 2873 520 2877 —
546 2852 583 2896 3)
609 2855 755 2886 omnium
779 2856 913 2888 nomine
938 2852 1117 2886 faciendas.
1144 2869 1184 2874 —
1211 2849 1248 2893 4)
1268 2851 1483 2885 decurionum
1504 2850 1569 2884 fide
1587 2850 1768 2884 dividenda

183 2901 217 2933 in
244 2899 421 2944 publicum.
455 2915 496 2924 -r-
532 2900 570 2944 5)
603 2899 737 2944 Vignoli
772 2900 857 2933 male
889 2901 1051 2933 coniecit:
1086 2897 1250 2941 cenolafiu.
1282 2915 1323 2921 —
1359 2898 1396 2939 6)
1422 2896 1552 2940 vigunt.
1574 2896 1768 2942 possidebit,-

185 2945 304 2981 Donat.
327 2947 508 2992 possidebee.
531 2965 573 2971 —-
600 2943 638 2990 7)
663 2945 807 2992 Aprioni
831 2947 886 2981 vel
909 2945 1026 2991 Aprili
1049 2945 1117 2990 leg.
1147 2961 1185 2969 -
1213 2943 1254 2989 8)
1280 2942 1381 2979 Gaiae
1404 2943 1536 2979 liberta.
