1877 3313
208 161 291 202 362
650 158 752 193 Inscr.
778 159 951 204 profanae.
1002 158 1084 203 Cap.
1110 158 1151 193 ΙΙ,
1200 158 1360 193 Tabulae.

196 266 304 308 iussi.
350 264 437 306 Duo
468 268 506 305 el
538 265 740 320 octogInta
770 266 912 320 templa
945 265 1062 307 deum
1093 267 1132 306 in
1163 265 1263 307 urbe
1296 265 1444 306 Consul
1474 269 1630 307 sextum
1653 278 1705 307 ex
1727 265 1803 307 de-

202 329 314 365 creto
346 329 508 365 senatus
539 323 678 375 refeci,
710 325 816 365 nullo
848 326 1129 377 praetermisso
1161 324 1266 377 quod
1298 329 1414 364 vetus
1433 324 1618 377 templum
1641 324 1796 366 fuisset.

209 381 377 437 [Consul
408 383 616 436 septimum
650 383 761 433 viam,
794 396 893 436 quae
925 382 1110 423 Flaminia
1141 382 1368 435 appellatur,
1406 383 1491 435 ipse
1521 395 1609 423 mea
1637 386 1805 436 pecunia

204 442 253 482 ab
285 441 368 482 aliis
399 441 920 499 p1·aetermissa1n‚·suinpsi
952 439 1234 495 muniendam}

342 500 498 540 Privato
529 500 616 540 solo
648 505 779 553 empto
810 501 943 541 Martis
974 501 1112 541 ultoris
1135 499 1320 552 templum
1339 498 1553 552 serumque
1585 499 1805 553 Augustum

196 562 245 598 -et
272 557 464 599 theatrum
495 557 545 598 ad
575 557 713 598 aedem
745 558 937 610 Apollinis
980 560 1017 598 in
1060 558 1147 599 solo
1180 571 1320 611 magna
1361 570 1414 598 ex
1444 563 1556 610 parte
1590 570 1613 599 a
1642 560 1805 611 privatis

200 622 331 669 empto
363 616 463 667 feci,
502 617 611 669 quod
641 617 714 658 sub
747 618 906 657 nomine
937 617 988 657 M.
1021 616 1194 657 Marcelli
1235 617 1378 670 generi
1408 617 1485 656 mci
1517 621 1638 657 esset.
1693 617 1806 658 Dona

199 675 248 715 de
280 675 456 715 manibiis
486 675 525 715 in
557 674 745 727 Capitolio
779 681 817 715 et
849 676 887 715 in
920 675 1020 715 aede
1054 675 1140 715 Divi
1171 674 1238 715 Iuli
1271 679 1310 714 et
1341 676 1378 714 in
1412 674 1513 714 aede
1546 674 1739 727 Apollinis
1767 680 1806 715 et

198 735 237 774 in
269 733 368 774 aede
401 733 547 774 Vestae
579 738 618 773 et
648 734 685 774 in
718 734 862 786 templo
904 734 1038 774 Martis
1082 734 1225 774 Ultoris
1269 733 1529 783 consecravi,
1577 745 1682 785 quae
1713 733 1806 774 mihi

198 793 460 834 constiterunt
489 791 550 833 HS
593 792 750 832 circiter
782 793 961 832 milliens.
1018 792 1119 832 Auri
1159 792 1345 833 coronari
1390 791 1524 844 pondo
1567 791 1725 841 triginta
1766 797 1806 832 et

202 853 374 904 quinque
404 849 521 891 millia
551 851 754 903 municipis
787 856 826 890 ct
858 850 1008 890 colonis
1041 850 1170 891 ltaliae
1203 850 1496 891 conferentibus
1518 848 1567 889 ad
1589 849 1804 903 triumphos

199 922 308 951 meos
359 910 535 962 quintum
578 909 722 950 Consul
762 910 895 949 remisi
935 914 974 948 et
1016 914 1152 962 postea
1194 909 1544 962 quotienscunque
1584 907 1806 962 Imperator

196 968 409 1022 appellatus
440 980 528 1008 sum
560 980 701 1008 aurum
733 968 979 1008 coronarium
1012 980 1090 1009 uon
1123 968 1257 1020 accepi
1287 967 1596 1007 decernentibus
1630 968 1803 1008 munici-

203 1028 277 1081 piis
310 1031 348 1066 et
380 1026 531 1067 colonis
560 1025 691 1066 ltaliae
722 1026 898 1067 similiter
917 1026 1047 1079 adque
1071 1031 1184 1066 antea
1202 1026 1463 1066 decreverant
1480 1056 1629 1065 ......
1663 1038 1804 1066 munus

204 1085 481 1140 gladiatorium
513 1083 603 1125 dedi
635 1097 722 1125 mco
765 1086 921 1125 nomine
954 1089 992 1124 ct
1033 1084 1268 1137 quinquiens
1306 1083 1474 1124 filiorum
1515 1095 1694 1125 meorum
1736 1089 1805 1125 aut

203 1148 391 1197 nepotum
422 1143 600 1193 nomine,
643 1144 783 1196 quibus
825 1144 1051 1183 muneribus
1092 1147 1369 1195 pugnaverunt
1408 1141 1604 1182 hominum
1645 1143 1805 1182 circiter

204 1202 344 1244 decem
376 1202 505 1242 millia.
561 1201 625 1242 Bis
669 1202 899 1242 athletarum
942 1201 1116 1254 undiquc
1153 1202 1369 1241 accitorum
1403 1201 1616 1242 certamina
1646 1200 1736 1240 dedi
1765 1201 1803 1240 in

204 1261 430 1315 spectaculo
462 1261 622 1313 proprio
654 1273 742 1301 meo
774 1263 931 1300 nomine
965 1265 1004 1299 et
1038 1260 1195 1300 tertium
1227 1265 1413 1312 nepotum
1446 1271 1636 1300 meorum.
1670 1258 1803 1299 Ludos

203 1320 281 1361 feei
311 1331 401 1360 meo
432 1320 589 1359 nomine
623 1324 773 1372 quater,
806 1320 970 1359 aliorum
1001 1324 1133 1359 autem
1156 1319 1450 1372 magistratuum
1475 1317 1716 1368 [absentium
1739 1321 1805 1358 aut

204 1391 285 1420 non
315 1374 612 1431 sufficientium]
645 1382 707 1418 ter
738 1382 777 1417 et
808 1379 970 1418 viciens.
1029 1378 1070 1417 In
1103 1377 1272 1430 collegio
1314 1376 1577 1416 XVvirorunl
1614 1377 1804 1430 magister

202 1437 381 1478 adlectus
413 1437 498 1477 eius
531 1436 673 1489 collegi
705 1449 791 1476 cum
824 1436 871 1476 Μ.
913 1436 1088 1489 Agrippa
1120 1448 1191 1488 pro
1225 1434 1456 1482 Quindecim
1487 1435 1582 1475 viris
1615 1435 1657 1476 C.
1697 1435 1804 1475 Fur-

198 1496 264 1536 nio
297 1495 336 1536 C.
370 1494 501 1536 Silano
537 1494 627 1535 Cos.
661 1496 819 1548 quintos
856 1494 971 1535 ludos
1012 1494 1238 1535 saeculares
1280 1494 1432 1533 ratione
1476 1492 1525 1534 ad
1566 1492 1603 1534 id
1645 1498 1803 1546 tempus

200 1555 294 1595 inita
325 1567 377 1595 ex
408 1553 570 1595 oraculo
601 1552 788 1595 librorum
820 1553 1100 1607 Sib3'llinorum
1131 1564 1285 1593 summa
1317 1564 1407 1592 cum
1427 1563 1522 1592 cura
1543 1550 1633 1592 feci.
1665 1552 1803 1592 Vena-

203 1613 333 1654 tiones
364 1612 578 1653 bestiarum
619 1611 893 1653 Africanarum
926 1624 1015 1651 meo
1057 1611 1215 1652 nomine
1258 1614 1297 1650 et
1336 1609 1503 1651 filiorum
1545 1623 1724 1652 meorum
1765 1614 1804 1650 et

201 1676 389 1724 nepotum
421 1671 459 1710 in
493 1671 607 1711 Circo
639 1675 706 1710 aut
736 1671 774 1710 in
805 1670 893 1711 foro
926 1675 992 1709 aut
1023 1671 1060 1710 in
1093 1668 1385 1722 amphitheatris
1422 1668 1570 1722 populo
1609 1667 1700 1709 dedi
1730 1681 1803 1710 sc-

200 1731 316 1771 xiens
349 1734 388 1769 et
418 1729 588 1780 viciens,
630 1730 772 1781 quihus
804 1727 985 1769 confecta
1017 1733 1108 1768 sunt
1139 1728 1351 1768 bestiarum
1383 1728 1543 1767 circiter
1574 1728 1646 1768 tria
1687 1726 1803 1768 millia

202 1794 241 1829 ct
273 1789 524 1842 quingentae.

340 1846 497 1886 Navalis
528 1845 653 1898 procli
685 1845 954 1899 spectaculum
988 1844 1134 1898 populo
1170 1843 1257 1884 dedi
1292 1849 1398 1885 trans
1430 1845 1623 1896 Tiberim,
1653 1843 1802 1897 iri-quo

201 1906 290 1946 loco
323 1917 425 1945 nunc
457 1917 594 1945 nemus
627 1909 687 1944 est
719 1905 954 1954 Caesarum,
997 1908 1135 1943 cavato
1174 1903 1260 1943 solo
1294 1903 1332 1943 in
1363 1902 1645 1956 longitudinem
1676 1903 1802 1956 pedes

202 1968 312 2004 crant
345 1963 447 2003 mille
480 1968 519 2003 et
550 1962 731 2014 ducenti,
763 1965 800 2003 in
834 1976 912 2015 quo
946 1963 1103 2016 triginta
1135 1966 1329 2002 rostratae
1362 1974 1508 2012 naves,
1551 1963 1732 2002 triremes
1763 1966 1803 2001 et

202 2022 486 2076 quadriremes,
518 2022 640 2074 pluris
673 2026 803 2062 autem
835 2023 1009 2061 minores
1032 2023 1133 2060 inter
1157 2033 1202 2060 se
1225 2020 1501 2060 conflixerunt.
1543 2020 1584 2060 ln
1615 2020 1663 2060 iis
1695 2019 1801 2060 ctas-

200 2081 306 2122 sibus
338 2085 613 2134 pugnawrunt
643 2085 802 2133 praeter
832 2081 1003 2133 remiges
1036 2079 1150 2119 millia
1183 2079 1381 2119 hominum
1414 2080 1486 2118 tria
1518 2079 1686 2118 circiter.

338 2139 379 2179 ln
411 2138 563 2191 templis
595 2139 770 2179 emnium
813 2139 1022 2178 civitatium
1056 2137 1227 2177 Achaiae
1269 2143 1307 2177 ct
1348 2137 1469 2177 Asiae
1512 2137 1638 2178 victor
1678 2148 1802 2178 orna-

200 2203 328 2238 menta
360 2198 536 2251 reposui,
570 2209 672 2249 qnae
703 2197 881 2250 spoliatis
915 2196 1067 2249 templis
1108 2196 1140 2236 is
1172 2209 1261 2235 enm
1295 2207 1372 2248 quo
1405 2194 1551 2236 bellum
1593 2207 1798 2249 gesseram

202 2257 379 2310 privatim
421 2255 671 2309 possederat.
743 2255 856 2296 Meae
906 2259 1056 2296 statuae
1106 2253 1313 2308 pedestres
1355 2258 1394 2293 et
1432 2257 1642 2306 equestres
1684 2258 1724 2294 et
1763 2255 1802 2294 in

201 2314 428 2368 quadrigeis
460 2319 677 2366 argenteae
709 2318 902 2354 steterunt
933 2314 969 2353 in
1002 2313 1100 2353 urbe
1130 2312 1238 2352 XXC
1270 2313 1448 2363 circiter,
1481 2324 1577 2366 quas
1609 2312 1694 2366 ipse
1726 2324 1800 2353 su-

202 2373 306 2423 stuli,
339 2384 472 2426 exque
504 2385 550 2414 ea
582 2373 749 2426 pecunia
781 2372 883 2413 dona
915 2384 1034 2412 aurea
1067 2371 1104 2410 in
1145 2370 1243 2410 aede
1282 2370 1473 2422 Apollinis
1514 2383 1603 2411 meo
1642 2371 1801 2412 nomine

205 2436 244 2472 et
274 2431 424 2472 illorum
458 2431 524 2483 qni
555 2430 647 2471 mihi
678 2435 893 2472 statuarum
927 2431 1118 2471 honorem
1150 2429 1392 2480 hahuerunt,
1425 2430 1552 2483 posui.

920 2489 1012 2529 Tah.
1047 2489 1090 2528 V.

338 2549 448 2589 Mare
478 2547 616 2601 pacavi
647 2560 668 2588 a
699 2547 977 2601 praedonibus.
1040 2547 1098 2587 Eo
1133 2545 1235 2586 hello
1267 2556 1489 2598 servorum,
1519 2546 1585 2600 qui
1616 2545 1801 2601 fugerant

197 2620 220 2648 a
252 2606 417 2648 dominis
448 2607 532 2647 suis
571 2611 609 2645 et
640 2619 747 2647 arma
787 2611 923 2647 contra
966 2604 1245 2658 rempublicam
1278 2603 1472 2656 tulerant,
1511 2605 1672 2659 triginta
1711 2605 1800 2645 fere

196 2665 314 2706 millia
345 2669 458 2718 capta
489 2663 655 2705 dominis
688 2664 736 2705 ad
768 2665 997 2717 supplicium
1029 2663 1260 2704 sumendum
1292 2661 1444 2703 tradidi.
1486 2663 1632 2704 Iuravit
1652 2665 1689 2703 in
1713 2675 1800 2704 mea

196 2724 319 2764 verba
351 2729 432 2764 tota
462 2723 570 2764 Italia
603 2728 745 2776 sponte
788 2736 860 2763 sua
892 2727 931 2763 ct
963 2734 1024 2762 mc
1055 2734 1128 2774 pro
1159 2721 1325 2762 victoria
1356 2721 1414 2760 rei
1445 2721 1626 2773 publicae
1657 2721 1798 2762 ducem

192 2782 437 2836 depoposcit.
494 2782 724 2822 luraverunt
765 2782 802 2821 in
835 2781 973 2822 eadem
1014 2781 1136 2820 verba
1168 2779 1327 2828 Galliae,
1369 2779 1605 2832 Hispaniae,
1647 2779 1798 2832 Africa,

199 2840 348 2892 Sicilia,
389 2840 584 2888 Sardinia,
626 2839 831 2892 Illyricum.
892 2838 1125 2879 Iuraverunt
1168 2839 1207 2878 in
1248 2837 1387 2878 eadem
1428 2838 1549 2878 verba
1587 2842 1797 2879 senatores

199 2898 331 2950 plures
363 2911 478 2952 quam
518 2898 618 2938 DCC
649 2898 717 2938 Cn.
750 2897 918 2939 Domitio
951 2897 990 2937 C.
1023 2897 1138 2939 Sosio
1179 2896 1425 2937 Consulibus.
1488 2895 1594 2938 Facti
1625 2901 1716 2939 sunt
1747 2896 1796 2938 ad
1854 2930 1857 2943 ,

196 2967 285 2996 eum
316 2955 416 2998 diem
449 2968 528 3010 quo
560 2956 705 3010 scripta
736 2961 826 3000 sunt
856 2956 954 2998 haec
971 2987 1120 2998 ......
1138 2955 1310 3010 ῥοἰνοίῐθι·
1341 2953 1494 2996 CLXX.
1854 2969 1856 2981 ν
