1877 3313
470 155 500 197 ξ,
529 152 581 187 11.
630 152 778 188 Tabulae
804 152 1019 197 negotiorum
1044 152 1252 189 solemnium.
1585 149 1669 192 395

63 264 175 313 prima
205 264 309 312 plane
341 264 457 300 lacera
490 268 567 309 est,
610 267 647 300 ut
689 275 766 300 eam
797 262 831 299 in
870 267 995 300 nostro
1029 263 1195 311 exemplo
1227 262 1318 299 infra
1348 261 1469 311 posito
1502 260 1668 298 omittere

63 323 171 359 satius
203 323 417 360 duxerimus.
459 324 591 359 Titulus
620 335 727 370 super
754 322 863 359 tribus
897 322 1068 358 columnis
1100 334 1165 370 per
1196 321 1377 368 integrum
1409 321 1550 358 tabulae
1581 331 1668 369 spa-

63 383 148 418 tium
180 383 370 418 maioribus
410 382 520 418 literis
559 382 751 430 insculptus
794 380 961 418 excurrit.
1023 381 1108 417 Cum
1152 385 1227 417 tota
1269 381 1387 417 tabula
1418 391 1543 428 parum
1575 380 1668 416 bene

63 441 200 489 scalpta
231 442 274 478 sit
306 435 427 492 (quod
461 442 671 489 plerumque
703 441 734 476 in
767 440 888 477 aeneis
920 440 1044 476 tabulis
1078 452 1141 476 usu
1168 440 1291 476 venire
1318 433 1434 491 solet]
1468 438 1572 475 tertia
1600 449 1669 475 co-

63 500 178 537 lumna
212 512 335 536 versus
367 500 531 547 obliquos
563 501 670 536 babet
702 504 738 535 et
769 499 909 535 nimium
942 503 1109 547 quantum
1142 510 1380 548 compressos

202 560 360 595 Pertinet
393 560 511 594 tabula
544 558 588 594 ad
619 558 876 594 institutionem
907 558 1159 594 alimentariam
1187 570 1233 594 ex
1260 557 1481 603 indulgentia
1508 557 1670 605 tmpera-

62 618 151 655 toris
185 618 323 654 Traiani
354 618 387 654 in
420 618 647 653 commodum
688 628 882 665 puerorum
916 618 1182 665 puellarumque
1214 617 1378 664 Ligurum
1411 616 1670 653 Baebianorum

39 679 201 725 iactam.
262 677 326 713 Est
356 676 464 724 igitur
507 676 696 713 consimilis
729 677 931 723 argumenti
964 688 1042 713 cum
1073 677 1192 712 tabula
1225 676 1427 721 Velleiateg
1460 675 1579 711 differt
1610 679 1669 710 ta-

62 748 140 773 men
173 740 210 773 et
241 741 429 784 tempore,
474 747 581 783 quum
613 735 647 771 iu
679 735 781 772 titulo
813 735 953 772 Traiani
984 747 1112 772 nomen
1145 735 1265 772 Dacici
1295 734 1570 783 appellationem
1601 733 1671 770 ad-

65 796 173 832 ditam
205 795 361 832 nondum
393 795 523 831 babeat
555 799 592 830 ut:
624 805 752 830 annum
788 794 864 831 101
902 808 934 843 p.
969 795 1030 831 Ch.
1061 795 1282 842 praecedere
1316 797 1499 842 appareat,
1530 797 1566 829 et
1594 796 1670 828 tota

64 855 296 891 formularum
326 853 477 890 ratione.
519 853 618 890 Illico
646 853 680 889 in
703 853 808 890 titulo
834 854 909 890 sive
937 854 1052 890 indice
1080 854 1222 890 tabulae
1253 853 1511 889 Baebianoruin
1543 862 1673 900 praes-

63 913 180 962 cripto
228 913 331 949 deest
375 917 411 949 et
462 924 618 949 summae
659 913 702 949 ab
745 913 966 961 Imperatore
1009 914 1162 950 donatae
1203 912 1371 949 indicatio
1414 916 1451 948 et
1481 921 1673 959 puerorum

44 973 334 1022 ‘puellarumque
381 983 545 1008 numerus
594 977 629 1008 ct
671 984 853 1009 usurarum
896 972 1139 1020 pecuniaeque
1180 971 1247 1008 illis
1289 970 1528 1019 praestandae
1574 973 1674 1014 nota,

66 1043 158 1081 quae
191 1032 308 1068 omnia
341 1030 460 1067 titulus
494 1030 635 1067 tabulae
668 1031 850 1067 Velleiatis
883 1031 1002 1068 habet.
1063 1031 1185 1078 Neque
1218 1030 1333 1066 minor
1364 1030 1396 1065 in
1429 1028 1576 1076 singulis
1609 1039 1674 1064 ca-

62 1091 196 1140 pitibus
232 1090 433 1137 diversitas,
464 1090 497 1126 in
531 1090 655 1136 quibus
688 1090 723 1126 id
755 1090 975 1138 potissimum
1008 1094 1202 1138 spectatur,
1234 1094 1271 1125 ut
1303 1100 1484 1124 usurarum
1517 1098 1675 1124 summae

65 1163 82 1187 a
117 1149 346 1198 praediorum
381 1149 533 1185 dominis
566 1149 764 1185 solvendae
792 1154 889 1185 recte
918 1150 1139 1197 perscriptae
1164 1149 1256 1194 sint3
1288 1148 1403 1184 omnia
1429 1147 1564 1194 reliqua
1585 1147 1672 1182 bre-

60 1208 202 1245 vissime
246 1213 281 1244 et
325 1209 399 1244 sine
444 1212 608 1244 accurata
652 1208 858 1244 delinitione
901 1208 1143 1244 absolvuntur.
1203 1208 1325 1254 Neque
1358 1206 1622 1254 professionum
1655 1216 1674 1240 a

62 1267 212 1304 dominis
258 1268 429 1303 factarum
463 1278 607 1314 nsquam
637 1267 769 1303 mentio
813 1268 860 1302 lit.
919 1268 1147 1315 Quapropter
1188 1265 1387 1302 Henzenins
1431 1260 1509 1316 (De
1552 1264 1673 1300 tabula

62 1326 278 1364 Baebianor.
310 1337 393 1374 pag.
429 1320 508 1377 68)
542 1326 587 1361 dc
621 1330 833 1371 argumento
866 1330 903 1361 et
935 1326 1123 1374 proposito
1158 1325 1299 1361 tabulae
1331 1325 1363 1360 in
1397 1324 1596 1359 universam
1627 1322 1675 1359 ita

61 1386 218 1424 iudicat:
254 1386 493 1433 „Comparata
526 1383 626 1420 brevi
660 1386 725 1421 liae
757 1396 893 1433 perque
926 1384 1138 1433 compendia
1171 1382 1393 1432 exprimendi
1426 1383 1565 1419 ratione
1597 1393 1676 1417 cum

62 1445 225 1482 oratione
253 1444 391 1494 prolixa
417 1444 566 1490 fusaque
598 1443 740 1479 tabulae
774 1443 998 1489 Veleiatium,
1029 1455 1122 1491 quae
1139 1442 1282 1491 publico
1304 1442 1541 1478 instrumento
1563 1439 1677 1487 magis

62 1504 230 1541 convenit
263 1515 366 1551 quam
400 1502 519 1538 brevis
544 1503 601 1538 illa
635 1502 835 1539 Baebianae
871 1502 1013 1540 tabulae
1035 1502 1140 1548 ratio,
1174 1501 1386 1538 Baebianam
1419 1501 1572 1537 tabulam
1604 1510 1673 1547 pro

62 1564 219 1613 epitome
254 1562 406 1610 quadam
441 1561 560 1598 babeo
593 1561 684 1598 facta
718 1573 763 1598 ex
795 1562 938 1610 publico
971 1562 1236 1610 professionum
1269 1561 1351 1597 albo
1384 1560 1418 1597 in
1451 1559 1677 1596 commodum

63 1622 315 1670 magistratus,
356 1620 411 1657 cui
456 1620 705 1657 alimentorum
739 1633 822 1657 cura
855 1622 1065 1658 demandata
1100 1618 1215 1657 erat.“
1278 1620 1426 1666 Singula
1460 1623 1577 1655 antem
1610 1629 1674 1654 ca—

63 1683 138 1732 pita
182 1682 272 1718 banc
314 1680 500 1717 formulam
547 1685 759 1728 sequnntur:
815 1681 1048 1728 perscribitur
1088 1680 1203 1729 primo
1243 1680 1326 1716 loco
1370 1677 1502 1715 domini
1548 1688 1678 1714 nomen

67 1740 205 1790 praedii
239 1739 390 1785 obligati
423 1738 581 1775 ablativo
625 1751 706 1775 casu
740 1740 914 1787 positum,
947 1739 1075 1776 deinde
1109 1751 1236 1775 nomen
1269 1738 1366 1775 fundi
1399 1736 1560 1783 genitivo
1594 1747 1677 1772 casu

68 1800 189 1837 addita
221 1798 380 1847 perticae
412 1798 486 1833 sive
521 1798 620 1844 agri,
651 1799 760 1846 pagi,
794 1798 957 1835 adfinium
990 1803 1025 1834 et
1056 1798 1175 1846 pretii,
1216 1809 1286 1845 quo
1321 1796 1541 1842 aestimatur,
1572 1807 1676 1831 men-

67 1860 190 1904 tione,
222 1857 352 1894 deinde
384 1868 538 1902 summa,
582 1857 615 1893 in
649 1869 752 1905 quam
785 1858 911 1893 fundus
944 1858 1122 1903 obligatus
1155 1861 1229 1900 est,
1272 1861 1479 1905 postremo,
1512 1855 1544 1891 in
1578 1865 1670 1890 mar-

63 1917 150 1965 gine
191 1917 403 1961 columnae,
445 1927 576 1952 summa
620 1928 637 1952 a
678 1916 823 1953 domino
863 1917 1090 1964 praediorum
1132 1916 1317 1952 solvenda.
1390 1914 1503 1958 Quum
1545 1913 1678 1949 initium

63 1976 200 2026 primae
233 1976 420 2012 columnae
453 1975 679 2012 obliteratum
712 1975 745 2012 in
789 1977 904 2012 tabula
938 1976 995 2021 sit,
1028 1976 1131 2023 plena
1166 1975 1331 2020 formula,
1363 1972 1460 2010 cuius
1493 1971 1677 2019 sequentia

65 2035 180 2084 capita
208 2034 457 2082 compendium
487 2034 684 2081 continent,
718 2035 892 2082 cognosci
921 2046 991 2071 non
1018 2034 1165 2082 amplius
1197 2037 1344 2082 potest3
1375 2043 1478 2079 quam
1502 2043 1547 2067 ex
1576 2031 1677 2067 Hen-

65 2094 156 2132 zenii
190 2093 396 2130 coniectura
430 2097 547 2129 tamen
580 2094 663 2130 satis
696 2099 793 2130 certa
834 2093 866 2130 in
909 2095 1001 2130 buno
1041 2093 1183 2129 modum
1216 2093 1400 2140 suppleas:
1446 2090 1528 2139 „Ab
1561 2089 1678 2137 aliquo

66 2154 210 2191 domino
241 2153 341 2189 fundi
372 2151 517 2188 alicuius
545 2153 718 2189 aestimati
750 2164 883 2189 summa
916 2152 1053 2200 aliqua,
1086 2151 1235 2199 obligati
1267 2151 1301 2187 in
1334 2150 1486 2196 aliquam
1507 2160 1676 2185 summam

66 2213 218 2249 debetur
248 2223 379 2248 summa
413 2210 568 2259 aliqiia.“
633 2212 813 2260 Capitibus
848 2212 981 2259 aliquot
1023 2211 1057 2247 in
1090 2211 1159 2247 line
1190 2221 1319 2247 nomen
1358 2209 1537 2257 quoddam
1569 2206 1676 2244 addi-

66 2277 124 2308 tur
156 2271 266 2307 modo
298 2270 401 2307 liberi
434 2271 578 2307 alicuius
611 2271 720 2308 modo
752 2271 869 2315 servi,
902 2270 982 2318 qnin
1016 2269 1119 2306 etiam
1152 2269 1324 2314 feminae,
1355 2267 1561 2316 praeposita
1595 2271 1678 2302 nota

65 2331 104 2367 N.
136 2331 171 2367 id
204 2334 280 2376 est,
323 2335 504 2376 numerat3
549 2330 674 2377 quibus
707 2330 904 2366 nominibus
939 2333 1078 2364 actores
1120 2329 1175 2365 vei
1215 2328 1456 2364 conductores
1489 2326 1678 2362 fundorum

65 2389 320 2436 intelliguntur.
380 2389 503 2436 Neque
547 2400 632 2425 vero
675 2389 764 2425 baec
806 2388 957 2425 formula
999 2387 1129 2434 ubique
1162 2391 1367 2423 constanter
1406 2390 1571 2431 tenetur,
1613 2385 1676 2420 sed

65 2449 124 2485 vel
156 2448 339 2485 brevitatis
381 2447 498 2484 studio
541 2448 598 2484 vel
633 2447 876 2494 negligentiae
919 2445 1006 2483 vitio
1050 2446 1253 2482 notationes
1285 2445 1434 2482 subinde
1467 2445 1678 2481 omittuntur

65 2507 99 2544 in
131 2507 247 2544 tundis
281 2506 525 2543 describendis
558 2507 797 2555 perticarum,
840 2516 1036 2554 pagorum.
1080 2505 1267 2551 adfinium,
1306 2504 1473 2551 adeoque
1503 2502 1678 2551 pecuniae

67 2570 237 2614 acceptae
268 2566 302 2602 in
335 2577 437 2613 quam
470 2566 595 2602 fundus
631 2566 809 2611 obligatus
843 2569 907 2600 est.
957 2565 1146 2600 Praeterea
1172 2575 1336 2610 magnam
1364 2563 1553 2610 sealptoris
1581 2573 1678 2609 neg-

67 2624 249 2672 ligentiam
283 2625 555 2673 deprehendere
587 2624 670 2660 licet
700 2625 732 2660 in
767 2635 993 2660 numerorum
1025 2623 1117 2659 notis
1150 2627 1186 2659 et
1217 2623 1328 2659 literis
1360 2621 1573 2669 scalpendis.

206 2683 355 2720 Primam
386 2684 528 2720 tabulae
560 2683 659 2720 huius
693 2681 934 2719 alimentariae
967 2681 1127 2718 notitiam
1171 2682 1347 2718 dederunt
1388 2685 1466 2716 acta
1498 2684 1675 2716 menstrua

67 2741 219 2779 Instituti
252 2742 521 2789 archaeologici
552 2742 687 2778 romani
721 2736 909 2793 (Bulletin.
943 2740 1023 2777 dell7
1054 2741 1166 2777 Instit.
1198 2742 1295 2777 areb.
1331 2739 1453 2776 1832.
1486 2751 1521 2787 p,
1554 2734 1677 2791 210).

68 2799 180 2848 Ipsius
221 2801 460 2850 inscriptionis
503 2805 639 2849 partem
680 2800 812 2848 primus
858 2799 968 2836 edidit
1009 2799 1193 2836 Guarinius
1236 2800 1270 2836 in
1312 2797 1577 2835 Commentario
1611 2810 1676 2835 suo

70 2859 162 2895 XVI.
196 2858 317 2897 1833„
351 2860 454 2897 aliam
487 2859 750 2896 Commentario
782 2858 874 2895 XIX.
914 2858 1062 2906 Neapoli
1098 2857 1219 2895 1840.
1251 2871 1285 2906 p.
1322 2857 1384 2893 16.
1447 2857 1556 2901 Quam
1588 2869 1671 2906 par-

70 2921 141 2952 tem
179 2917 360 2955 Gnarinius
400 2919 564 2955 ediderat
605 2918 810 2954 doctissime
850 2917 1036 2954 illustravit
1076 2917 1290 2964 Burgliesius
1331 2915 1367 2952 in
1399 2915 1560 2953 Bulletin.
1592 2915 1676 2952 dett'

71 2975 149 3012 inst.
182 2978 274 3014 arch.
309 2977 429 3016 1835.
461 2990 495 3027 p.
533 2977 611 3014 146
644 2989 695 3025 sq.
737 2978 880 3015 Plenum
923 2980 959 3014 et
998 2980 1202 3015 accuratum
1240 2976 1383 3013 tabulae
1425 2976 1674 3025 apographum
