1877 3313
521 147 552 190 ξ.
578 147 610 182 9.
659 146 745 181 Acta
771 146 907 191 publica
932 147 1199 191 municipiorum.
1577 149 1658 192 381

56 252 141 294 dari
183 265 302 306 quem
344 252 370 293 f.
405 284 414 293 .
449 283 458 293 .
493 284 501 293 .
534 252 573 293 in
617 257 785 295 mortem
824 254 983 305 funeris
1014 265 1141 294 causa
1178 256 1296 295 iuoela
1333 255 1439 296 viam
1481 255 1661 311 Appiam.

56 334 112 344 ο-
144 315 334 351 Decretum
367 319 420 350 est
451 314 633 362 municipii
663 326 778 363 prope
811 315 902 351 viam
935 315 1086 363 Appiam
1111 315 1178 362 siti,
1212 317 1308 354 cuius
1335 328 1462 354 nomen
1485 318 1660 355 nescitur:

56 385 136 411 nam
168 374 309 410 nonnisi
353 378 454 410 terna
496 374 606 410 frusta
648 373 741 410 basis
785 385 1006 410 marmoreae
1048 380 1237 422 supersunt
1276 376 1424 424 Neapoli
1463 377 1497 413 in
1539 389 1661 414 museo

54 432 257 470 borbonico
291 437 486 479 asservata,
518 443 610 480 quae
643 432 822 478 margines
854 432 1094 480 inscriptionis
1137 433 1300 470 dextram
1341 439 1377 471 et
1419 435 1593 472 sinistram
1627 441 1661 472 et

54 492 208 528 laceram
240 496 378 540 partem
410 503 430 528 e
462 490 576 527 media
608 490 840 538 inscriptione
872 491 1066 528 continent.
1129 492 1276 540 Singula
1319 494 1432 530 frusta
1466 495 1661 532 eorundem

55 550 229 587 denorum
262 562 429 587 senorum
461 560 629 586 versuum
660 550 863 595 fragmenta
894 555 1093 587 servarunt.
1153 552 1358 600 Scripturae
1380 552 1493 589 forma
1515 554 1663 602 primum

54 613 138 657 post
171 609 346 646 Christum
378 614 449 645 nat.
481 608 639 645 seculum
671 609 798 655 arguit.
860 609 1106 646 Decernuntur
1137 610 1183 646 ibi
1215 611 1250 647 L.
1272 611 1392 648 Annio
1421 612 1557 649 cuidam
1590 614 1661 650 ho-

54 679 164 705 nores
197 668 331 705 suneris
364 667 510 716 publici,
543 671 683 703 statuae
716 672 752 704 et
782 667 854 705 Ioci
895 669 1113 716 sepulturae.
1174 670 1293 706 Edidit
1333 672 1422 707 haec
1463 671 1664 719 fragmenta

42 732 93 764 >et
124 727 282 764 restituit
313 738 380 775 pro
413 727 466 763 rei
499 730 711 773 argumento
745 726 882 763 etiamsi
924 728 1062 774 singula
1095 728 1204 764 verba
1236 740 1306 765 non
1339 734 1498 777 praestet
1539 731 1662 768 Theo-

55 786 134 824 dor.
164 786 358 824 Mommsen
390 785 425 823 in
456 785 610 822 Richter.
642 785 729 822 Krit.
762 786 950 823 Iahrbuch.
982 787 1078 823 Toni.
1110 787 1189 823 A'v.
1221 800 1254 836 p.
1288 788 1384 825 473.

199 861 322 900 1758.
383 859 531 900 Fausto
564 858 753 900 Cornelio
785 859 906 912 Sulla,
939 860 1030 901 Sex.
1065 860 1177 901 'sidio
1210 860 1400 903 Catullino
1437 863 1526 904 Cos.

193 918 236 959 L.
271 918 483 960 Cornelius
524 918 573 959 A.
616 918 660 959 F.
699 918 765 958 Fal
772 950 893 959 .....
927 919 1083 972 Upc'lius
1114 924 1157 960 ut
1176 951 1296 961 .....
1330 933 1419 961 cum
1450 922 1500 963 M.
1532 922 1665 964 Iunius

55 978 177 1021 Silani
206 978 401 1019 Monimus
434 991 486 1018 ex
518 976 658 1018 ordine
686 979 737 1018 sit
763 983 901 1019 nostro
929 983 968 1018 et
994 978 1096 1018 utilis
1123 979 1173 1019 sit
1198 981 1256 1019 rei
1282 980 1460 1032 publicae
1487 985 1526 1021 et
1553 994 1665 1022 ama-

54 1042 119 1078 tor
149 1038 373 1091 municipii,
416 1049 662 1089 muneraque
695 1037 779 1077 eius
810 1037 1023 1090 municipio
1057 1038 1372 1091 conspiciamus,
1412 1051 1574 1092 censeo,
1605 1041 1670 1082 Io-

56 1109 145 1137 cum
178 1097 246 1149 qui
289 1101 352 1137 est
383 1101 497 1136 extra
528 1101 680 1149 portam
713 1094 933 1136 Medianam
966 1097 1013 1136 ab
1046 1108 1095 1137 co
1126 1096 1217 1138 loco
1249 1098 1286 1138 in
1319 1110 1396 1150 quo
1428 1098 1564 1141 schola
1596 1099 1668 1140 fuit

54 1155 164 1209 long.
197 1156 237 1195 P.
269 1155 419 1195 LXVII.
453 1154 502 1195 ad
533 1155 660 1195 rivom
701 1167 829 1206 aquae
861 1154 1037 1196 Albanae
1069 1159 1108 1195 et
1140 1169 1162 1196 a
1194 1157 1256 1197 via
1288 1157 1485 1199 introrsus
1516 1158 1554 1199 in
1587 1171 1666 1211 quo

54 1219 170 1255 antea
213 1214 428 1255 columnar.
471 1213 670 1267 publicum
713 1213 785 1253 suit
827 1213 889 1253 lat.
932 1214 971 1254 P.
1014 1214 1061 1254 X.
1103 1214 1265 1256 honoris
1299 1228 1440 1258 caussa
1471 1216 1521 1258 M.
1555 1217 1666 1259 lunio

53 1273 172 1315 Silani
202 1273 244 1313 L.
276 1273 450 1315 Monimo
484 1273 696 1325 postcrisq.
729 1272 813 1312 eius
845 1272 940 1312 (lari.

196 1332 295 1373 Tum
326 1333 502 1373 universi
534 1344 621 1371 cum
654 1331 704 1371 M.
735 1331 865 1371 lunius
897 1331 1016 1373 Silani
1046 1332 1090 1372 L.
1124 1332 1319 1373 Monimus
1349 1333 1388 1374 in
1415 1347 1482 1376 ara
1509 1339 1548 1375 et
1574 1348 1665 1376 mu·-

54 1391 238 1445 nicipium
292 1396 331 1432 ct
382 1392 478 1443 reip.
521 1391 571 1431 sit
613 1390 716 1430 utilis
758 1394 797 1429 ct
845 1389 1049 1432 munificus
1097 1390 1145 1430 ad
1192 1404 1356 1432 munera
1401 1394 1531 1434 omnia
1579 1395 1666 1435 eius

57 1451 256 1504 municipii
286 1449 492 1501 facienda,
533 1449 663 1489 locum
702 1449 767 1500 qui
799 1454 860 1489 est
901 1454 1013 1490 extra
1053 1454 1206 1503 portam
1247 1450 1467 1492 Medianam
1508 1454 1546 1493 in
1588 1466 1666 1507 quo

56 1509 272 1550 columnar.
305 1508 378 1549 fuit
408 1509 455 1549 ab
489 1521 538 1548 eo
570 1508 659 1548 loco
692 1508 730 1547 in
764 1519 844 1559 quo
875 1508 1011 1548 schola
1041 1509 1112 1549 fuit
1142 1508 1248 1563 long.
1283 1510 1321 1550 P.
1353 1510 1502 1552 LXVII.
1529 1511 1578 1553 ad
1605 1513 1668 1553 ri-

56 1581 149 1609 vom
180 1580 307 1622 aquae
339 1567 532 1618 Albanae,
563 1566 684 1607 latum
716 1580 738 1607 a
770 1567 832 1607 via
872 1567 1027 1621 publica
1070 1569 1107 1608 iu
1148 1580 1289 1623 agrum
1322 1569 1361 1610 P.
1393 1570 1441 1611 X.
1473 1571 1524 1612 M.
1557 1570 1667 1613 Iunio

56 1627 177 1670 Silani
207 1627 250 1667 L.
282 1627 455 1668 Monimo
488 1626 698 1680 posterisq.
734 1626 818 1666 cius
852 1627 1015 1668 honoris
1048 1639 1191 1668 caussa
1219 1626 1302 1668 dari
1330 1635 1584 1672 censuerunt.
1625 1631 1667 1672 In

55 1686 350 1728 Decurionibus
381 1685 545 1727 suerunt
575 1685 714 1726 XXVI.
748 1710 803 1715 —
835 1688 970 1736 Marini,
1002 1693 1128 1738 postea
1155 1689 1299 1728 Romae.
1345 1691 1487 1730 Fabret.
1512 1704 1547 1742 p.
1570 1692 1666 1731 463.

57 1748 153 1786 Orel.
184 1748 310 1786 4034.

199 1825 321 1863 1759.
383 1823 640 1876 Conscriptes
673 1823 788 1864 Cose.
811 1821 845 1878 ¹)
878 1822 922 1864 T.
956 1822 1009 1864 Fa
1025 1820 1136 1878 ²)...
1165 1825 1360 1878 praifecti
1373 1839 1456 1879 pro
1488 1825 1665 1880 praifec-

56 1886 144 1923 tura
177 1887 258 1924 tota
288 1882 581 1923 Fundanorum
620 1882 835 1934 hospitium
866 1882 1003 1923 fecere
1036 1895 1156 1935 quom
1199 1884 1243 1924 Ti
1260 1881 1392 1939 ⁶)
1425 1886 1463 1926 in
1497 1886 1583 1926 eius
1613 1886 1666 1926 fi-

57 1941 146 1982 dem
179 1954 315 1983 omnes
345 1943 543 1982 {indimus
575 1946 611 1982 et
639 1939 963 1994 convenumis4).
1023 1942 1269 1994 Cooptamus
1311 1956 1399 1984 eum
1430 1949 1664 1997 patronum.

57 2000 107 2041 M.
142 2000 304 2042 Claudi0
336 2000 387 2042 M.
418 2002 572 2042 F..
607 2014 689 2042 cos.
722 2024 777 2029 ——
809 2003 922 2040 Fondi
963 2004 1216 2050 Fragmentum
1257 2005 1400 2042 tabulae
1441 2006 1587 2054 hospitii
1628 2006 1663 2043 in

57 2074 171 2100 massa
204 2075 324 2109 aerea,
358 2075 376 2099 a
408 2063 618 2100 Minervinio
651 2067 687 2099 et
718 2063 901 2099 Henzenio
940 2063 1155 2111 suppletum.
1216 2063 1377 2102 Bulletin.
1410 2065 1505 2102 arch.
1537 2065 1663 2113 Napo-

56 2121 106 2159 lit.
138 2122 198 2160 111.
231 2134 265 2171 p.
300 2123 366 2159 90.
398 2122 593 2159 Archaeol.
624 2122 738 2169 Zeitg.
775 2118 896 2160 1846.
928 2134 963 2170 p.
997 2122 1090 2158 330.

201 2198 324 2235 1760.
385 2195 427 2236 L.
461 2196 592 2239 Silano
623 2195 797 2237 Flamine
828 2196 1016 2248 Martiali,
1061 2195 1101 2237 C.
1134 2197 1296 2239 Vellaeo
1332 2197 1481 2239 Tutore
1515 2197 1605 2240 Cos.
1625 2195 1665 2253 ⁵)

58 2254 161 2296 Non.
192 2255 403 2296 Decembr.

198 2314 364 2356 Senatus
394 2315 646 2368 populusque
677 2315 901 2370 Siagitanus
932 2314 1144 2368 hospitium
1175 2314 1358 2357 fecerunt
1390 2329 1477 2357 cum
1510 2315 1549 2357 C.
1570 2316 1665 2359 Silio

60 2372 102 2414 C.
135 2374 176 2415 F.
208 2371 357 2427 Fab.⁶)
389 2374 554 2426 Aviola,
598 2374 702 2415 Trib.
736 2375 812 2414 mil.
852 2373 932 2428 leg.
964 2373 1023 2415 lIl.
1054 2374 1159 2427 Aug.
1175 2371 1217 2429 7)
1258 2374 1466 2416 Praefecto
1499 2374 1666 2427 fabrum,

60 2445 230 2486 eumque
261 2438 530 2486 posterosque
562 2434 647 2474 eius
679 2434 755 2474 sibi
786 2433 1040 2486 posterisque
1082 2434 1164 2474 suis
1204 2434 1415 2476 Patronum
1447 2439 1668 2488 cooptave-

59 2497 162 2533 runt.
212 2491 253 2532 C.
285 2492 402 2534 Silius
434 2492 474 2533 C.
506 2492 548 2533 F.
581 2492 722 2533 Aviola
753 2504 824 2532 cos
856 2496 1122 2544 posterosque
1155 2504 1296 2534 eorum
1327 2494 1367 2534 in
1397 2493 1514 2533 fidem
1535 2493 1664 2534 clien-

59 2551 257 2607 telamque
298 2564 411 2594 suam
446 2552 610 2605 recepit.
672 2551 830 2606 Ageute
874 2550 1014 2592 Celere
1054 2551 1261 2593 Milchonis
1303 2548 1543 2606 Gulalsaess]
1584 2551 1665 2594 filio

201 2735 238 2779 1)
267 2738 467 2782 conscriptes
493 2748 572 2781 pro:
606 2736 784 2781 conscripti
817 2737 1006 2780 antiquiore
1042 2736 1159 2771 forma.
1200 2736 1238 2770 In
1265 2736 1343 2770 Cose
1371 2735 1571 2771 Minervinio
1598 2748 1664 2771 no-

3 2790 6 2805 ‘-
63 2792 140 2815 rnen
167 2782 335 2817 Coseneiae
360 2786 393 2818 in
428 2785 550 2829 Apulia
584 2784 640 2817 vel
675 2783 791 2817 Cossae
825 2785 858 2816 in
885 2784 1021 2817 Samnio
1056 2783 1196 2817 subesse
1229 2785 1389 2825 videtur3
1419 2783 1592 2818 Henzenio
1618 2790 1668 2818 est

64 2839 125 2871 pro
149 2840 271 2864 cosesu
296 2833 316 2866 i.
342 2843 372 2865 e.
398 2842 575 2865 consensu.
601 2849 646 2854 —
671 2831 709 2872 2)
735 2830 841 2864 Fabia
867 2830 965 2864 tribu.
994 2849 1035 2853 —
1067 2829 1106 2873 3)
1133 2842 1208 2864 cum
1234 2831 1425 2865 Tiberio...
1450 2848 1495 2853 —
1520 2828 1558 2873 4)
1583 2842 1665 2875 pro:

5 2897 7 2908 .
66 2878 296 2919 convenimus,
322 2884 358 2912 ut
384 2879 535 2912 Venerus
562 2889 624 2922 pro
650 2878 801 2918 Veneris,
827 2877 944 2911 simila.
970 2894 1016 2899 —
1041 2876 1078 2920 5)
1105 2877 1261 2912 consules
1286 2877 1419 2911 suffecti
1444 2888 1473 2911 a.
1490 2888 1522 2911 u.
1539 2889 1568 2911 c.
1586 2878 1665 2912 763.

6 2950 7 2955 ,
65 2921 122 2954 vel
145 2928 181 2956 ut
204 2923 344 2959 Marinio
367 2925 479 2969 placet
504 2926 582 2959 780.
609 2944 649 2948 —
677 2923 716 2966 6)
742 2924 847 2958 Fabia
872 2924 971 2959 tribu.
999 2942 1039 2948 --
1068 2923 1107 2968 7)
1131 2924 1268 2960 tribuno
1293 2924 1435 2960 militum
1452 2924 1595 2969 legionis
1611 2925 1668 2960 111.

7 2993 9 2997 -
65 2967 247 3013 Augustae.
269 2987 314 2996 --
339 2970 379 3015 8]
404 2973 453 3008 Ita
480 2972 609 3008 Gruter.
638 2971 799 3007 Gulassac
824 2971 927 3007 More.
