1877 3313
0 2383 8 2472 ‚J

0 2477 9 2510 i

0 2515 9 2541 ἰ

402 167 433 209 §.
459 167 490 202 5.
539 167 577 202 In
603 168 737 202 annulis
763 173 798 202 et
822 167 1058 212 sphragidibus
1083 168 1155 202 sive
1179 169 1306 214 sigillis.
1571 169 1659 211 429

54 288 146 325 quae
177 276 242 314 viri
274 289 352 314 cum
383 277 523 315 duobus
566 278 666 326 equis
700 277 890 325 imaginem
931 277 1141 325 insculptam
1182 279 1300 316 habet.
1361 278 1487 316 Biondi
1527 279 1658 317 Monu-

53 336 161 373 menti
191 336 449 374 Amaranziani.
481 341 551 374 tav.
583 337 701 374 XLIX.
764 337 1009 384 Archaeolog.
1041 337 1201 384 Zeitung.
1238 337 1358 374 1848.
1390 350 1424 386 p.
1457 338 1550 374 376.

196 412 318 449 1911.
380 411 551 452 Victoris
582 410 661 451 RR.
684 408 719 465 ¹)
754 407 858 466 [cum
890 413 1045 460 imagine
1076 408 1338 465 Iovis).——-C.
1372 412 1415 451 V.
1448 411 1490 451 L.
1507 409 1547 466 ²]
1582 426 1659 451 cum

53 471 208 518 imagine
241 467 507 523 Concordiae).
554 494 602 498 —
636 469 757 509 Nicer
787 465 979 523 Pomp.³)
1025 466 1128 522 (cum
1170 473 1308 509 duobus
1352 469 1564 524 delphinis).
1605 493 1660 498 ——

53 527 148 568 Tau.
180 525 328 582 Fr0.‘¹)
363 524 467 581 [cum
513 524 649 581 equo).
684 552 734 557 -
768 528 951 568 Parentio
994 529 1082 568 vila.
1130 527 1232 583 (cum
1274 532 1484 579 sagittarum
1525 525 1663 582 fasce).

56 611 106 616 —-
138 589 177 626 In
210 588 373 636 gemmis.
406 590 530 626 Museo
564 589 823 636 W'orsleyano.
860 584 954 640 (Ed.
985 583 1124 641 Labur]
1164 591 1292 627 milano
1339 590 1460 627 1834.
1501 602 1535 638 p.
1571 589 1663 626 127.

199 665 327 702 1912.
391 659 438 716 a)
470 662 613 703 Metius
656 661 823 703 Hilarus.
856 686 912 691 —
945 660 996 716 2)
1040 663 1206 704 Faustus
1249 663 1299 704 M.
1332 663 1382 704 M.
1415 664 1507 707 Sex,
1540 687 1594 693 ——
1628 667 1664 702 In

44 723 202 772 ‘gemmis
235 724 376 761 nomina
408 734 671 772 possessorum.
702 724 839 761 Kohler
870 723 1100 762 Dioscorides
1126 729 1161 762 et
1183 725 1305 763 Solon.
1340 726 1434 775 apud
1465 725 1662 774 Boettiger.

52 784 254 820 Alterthum
286 783 356 820 und
386 782 498 819 Kunst
528 794 613 831 pag.
646 782 713 819 45.

339 940 375 979 §a
408 936 442 973 5.
503 936 548 973 In
580 935 732 972 annulis
764 941 798 973 et
828 935 1095 985 splzraqz'dibus
1127 937 1204 973 slve
1235 937 1381 986 siqillz'S.

195 1052 316 1090 1913.
378 1051 573 1092 Maxsenli
605 1051 714 1092 vivas
746 1051 821 1092 luis
861 1051 901 1091 F.
923 1075 978 1081 —-
996 1054 1149 1092 Treviris
1171 1055 1203 1092 in
1223 1066 1369 1101 mus-1³03
1400 1054 1433 1090 in
1452 1054 1579 1091 annulo
1599 1065 1661 1090 ar-

51 1116 198 1160 genteo.
247 1112 399 1150 Chassot
439 1124 510 1149 von
543 1113 781 1150 Florencourt
820 1112 853 1149 in
886 1113 1008 1150 Rhein.
1040 1114 1185 1151 Jahrbb.
1221 1113 1343 1150 1846.
1374 1113 1466 1150 VIII.
1498 1126 1533 1162 p.
1570 1112 1662 1150 102.

194 1188 316 1225 1914.
376 1184 478 1226 iram
520 1197 732 1239 compesce
773 1185 970 1238 pauentia.
1005 1210 1054 1216 ——
1097 1190 1135 1226 In
1169 1190 1297 1227 annulo
1334 1193 1510 1238 argenteo
1543 1187 1663 1226 musei

51 1247 162 1296 Aquis
194 1247 380 1284 Mattiacis.
422 1248 552 1283 Lersch
584 1247 706 1283 Rhcin.
738 1248 884 1284 Jahrbb.
918 1247 976 1284 VI.
1007 1260 1041 1296 p.
1078 1248 1172 1285 164.

195 1323 317 1361 1915.
380 1320 468 1361 Ave
501 1321 590 1361 vita.
635 1343 684 1348 —
731 1324 768 1360 ln
809 1323 938 1360 annulo
981 1325 1169 1371 Augustae
1210 1324 1357 1361 Raurac.
1398 1327 1531 1373 repert.
1572 1323 1664 1361 Roth

51 1384 150 1421 Rom.
181 1383 294 1420 hisch.
328 1383 363 1419 d.
393 1382 434 1419 Κ.
466 1382 578 1419 Basel.
610 1394 644 1430 p.
678 1381 744 1419 20.

195 1459 318 1496 1916.
378 1456 540 1508 Hospita
571 1454 668 1495 felix
698 1457 823 1496 vivas.
864 1477 919 1486 -—
959 1458 998 1495 In
1029 1470 1170 1506 gemma
1202 1458 1394 1497 annularia.
1425 1458 1538 1508 Spon.
1568 1458 1663 1495 misc.

50 1530 85 1567 1).
119 1518 214 1555 297.
262 1519 371 1556 More.
402 1517 480 1554 Stil.
514 1516 842 1555 CCCCXXXXHII.

193 1593 315 1631 1917.
375 1590 488 1632 Votis
529 1591 628 1631 meis
672 1589 809 1632 Clodia
840 1590 965 1633 vivas.
1009 1614 1064 1621 —
1106 1594 1189 1632 Gor.
1220 1594 1306 1632 Mus.
1337 1595 1431 1632 Flor.
1470 1595 1507 1631 Τ.
1539 1593 1599 1631 III.
1631 1606 1664 1642 p.

53 1655 117 1691 55.
147 1653 256 1691 More.
288 1653 365 1690 Stil.
396 1653 479 1690 Vol.
510 1653 537 1689 I.
567 1665 604 1701 p.
636 1651 732 1689 410.

193 1729 316 1766 1918.
378 1727 451 1768 Uni
483 1727 682 1768 ambrosia
715 1739 910 1768 venenum
943 1727 1126 1769 caeteris.
1158 1750 1214 1756 -
1245 1730 1359 1768 Acad.
1391 1729 1489 1768 C-ort.
1516 1729 1597 1767 Vol.
1622 1729 1668 1766 V.

49 1801 83 1838 p.
120 1788 212 1826 104.
262 1789 371 1826 More.
404 1788 481 1825 Stil.
514 1788 808 1826 CCCCXXXXV.

193 1864 315 1901 1919.
376 1862 477 1904 Amo
510 1866 572 1914 te,
614 1875 700 1904 ama
743 1874 816 1903 me.
851 1884 906 1891 ——-
936 1865 1051 1903 Ficor.
1098 1865 1230 1904 Gemm.
1273 1866 1299 1902 I.
1343 1866 1378 1902 5.
1434 1866 1543 1903 More.
1585 1861 1663 1904 Stil.

51 1923 364 1961 CCCCXXXXVI.

196 2000 317 2037 1920.
381 1999 474 2039 Sex.
507 1997 607 2039 Mari
637 1999 827 2040 Pontiani.
861 2022 917 2027 -
948 2001 987 2037 In
1020 2000 1147 2038 lamina
1180 2012 1287 2038 aerea
1319 2012 1396 2037 cum
1429 2011 1525 2046 ansa,
1548 2003 1585 2036 ut
1610 1999 1665 2035 vi-

52 2059 168 2107 detur,
201 2060 244 2096 ad
277 2059 518 2107 obsignandas
562 2061 750 2109 amphoras
793 2061 898 2097 facta.
945 2071 978 2096 v.
1011 2060 1146 2096 Heiner
1188 2059 1254 2096 Die
1294 2059 1438 2096 kleinen
1476 2058 1666 2095 inschristl.

51 2119 266 2157 Denkmaler
297 2119 362 2156 der
393 2118 621 2167 vereinigten
653 2119 859 2165 Sammlung
891 2118 1193 2165 Oberbayerisch.
1225 2117 1373 2155 Archiv.
1404 2117 1479 2154 VH.
1514 2116 1609 2153 282.

193 2194 315 2232 1921.
375 2192 419 2233 L.
450 2193 586 2246 Pomp.
618 2189 854 2247 Perusin.⁵)
890 2216 940 2222 -
975 2195 1014 2232 In
1047 2194 1167 2242 sigillo
1189 2205 1311 2233 aereo·
1344 2192 1568 2242 Vermiglioli
1589 2193 1662 2230 Le-

52 2253 141 2293 zion.
174 2254 209 2291 di
240 2254 338 2292 arch.
369 2254 411 2292 11.
449 2267 484 2303 p.
518 2254 612 2292 199.

192 2427 228 2471 1)
253 2429 390 2462 victoris
416 2439 555 2474 regum3
581 2439 668 2473 quae
698 2427 842 2461 fortasse
868 2431 996 2459 tessera
1022 2431 1072 2459 est
1096 2425 1248 2460 militaris
1266 2426 1298 2459 in
1315 2424 1428 2459 miiitis
1447 2423 1571 2458 annulo
1591 2434 1668 2456 me-

52 2476 180 2510 moriae
205 2486 306 2509 causa
331 2476 510 2520 insculpta.
536 2491 581 2497 -—
607 2475 646 2518 2)
672 2474 775 2509 Caius
800 2473 917 2517 Ulpius
935 2470 1066 2515 [annuli
1084 2470 1288 2518 possessor).
1313 2491 1358 2496 —
1384 2471 1422 2513 3)
1439 2470 1543 2514 Niger
1559 2471 1664 2504 Pom-

0 2531 9 2555 ι.
52 2521 306 2566 peianus.—4)
324 2522 450 2556 Taurus
474 2522 668 2565 Frontonis,
700 2521 845 2556 fortasse
870 2521 948 2566 equi
973 2531 1097 2555 nomen
1121 2531 1197 2555 cum
1222 2520 1358 2554 nomine
1385 2518 1521 2553 domini.
1545 2517 1667 2552 Labus.

0 2585 11 2626 ⁵.
55 2586 95 2592 —-
123 2567 160 2612 5)
187 2569 220 2605 L.
245 2570 449 2614 Pomponius
474 2569 666 2605 Perusinus.
