1877 3313
153 198 237 241 142
305 197 406 231 Inscr.
432 193 606 239 profanae.
646 175 736 236 ‘Cap
762 191 786 226 1.
835 192 932 226 Tituli
957 200 1097 236 operum
1122 189 1286 234 publicor.
1311 202 1378 225 non
1403 202 1586 227 sacrorum.

151 305 252 346 hanc
283 306 450 343 statuam
480 299 699 340 maiestatis
731 299 815 340 eius
856 298 940 339 auri
980 295 1190 350 splendore
1227 295 1497 351 fulyente1n¹J
1539 297 1629 338 huic
1669 309 1742 339 su·-

152 362 257 403 hlimi
297 359 501 400 columnae
542 357 589 398 ad
630 368 844 410 perennem
885 356 1007 410 ipsius
1045 354 1208 407 gloriam
1239 356 1421 409 imposuit
1463 368 1510 397 ac
1550 355 1744 397 dedica-vit

153 420 216 460 die
247 419 370 472 prima
392 416 538 457 mensis
559 415 730 469 Augusti
759 415 888 455 indict.
914 413 1004 454 und.
1026 412 1100 453 PC.
1115 410 1156 466 ²)
1188 413 1342 467 pietatis
1363 414 1448 455 eius
1470 426 1572 455 anno
1592 414 1742 467 quinto.

153 500 209 508 -—
240 480 393 524 Romae,
433 477 468 514 in
509 477 670 513 columna
713 477 862 513 Phocae.
917 475 986 510 Fea
1027 473 1145 510 Iscriz.
1187 474 1221 510 di
1260 486 1411 511 monum.
1443 475 1538 523 publ.
1569 475 1607 512 R.
1638 487 1673 523 p.
1706 475 1743 512 5.

152 537 315 575 Viscouti
336 537 479 573 Lettera
504 546 610 583 sopra
642 535 675 570 la
707 535 858 571 colonna
890 531 971 569 deu'
990 532 1205 579 imperatore
1227 532 1331 570 Foca.
1355 534 1452 570 Rom.
1476 532 1597 570 1813.
1627 533 1744 579 Nibby

152 598 233 634 For.
264 596 362 632 Rom.
393 606 428 643 p.
463 593 554 630 137.
604 593 744 629 Platner
774 593 844 628 und
875 592 1010 628 Bunsen
1042 590 1183 627 Beschr.
1214 591 1251 628 R.
1283 591 1342 627 111.
1378 590 1411 628 1.
1444 603 1477 640 p.
1510 590 1605 628 271.

295 681 417 719 1227.
478 677 518 718 C.
551 677 701 718 Avilius
742 677 913 717 Licinius
955 675 1138 715 Trossius
1169 673 1335 716 Curator
1365 675 1540 717 scholam
1581 674 1631 715 de
1670 686 1743 716 suo

150 739 257 780 fecit.
303 737 449 778 Bebrix
478 735 582 790 Aug.
612 735 653 776 L.
687 735 925 785 Drusianus,
966 733 1013 773 A.
1046 733 1187 774 Fabius
1217 733 1394 774 Xanthus
1426 731 1572 787 Cur.³)
1603 733 1745 774 scribis

150 797 318 839 librariis
352 800 389 835 et
420 794 682 848 praeconibus
713 793 813 833 Aed.
848 789 980 844 cu1·.4)
1013 791 1187 833 scholam
1218 792 1266 832 ab
1298 791 1481 833 inchoato
1503 792 1745 845 refecerunt,

151 855 409 897 marmoribus
441 857 691 903 ornaverunt,
725 852 933 892 Victoriam
964 850 1184 904 Augustam
1216 854 1254 890 et
1276 849 1394 891 sedes
1417 862 1562 891 aeneas
1584 855 1623 890 et
1644 862 1745 891 coe-

152 920 236 956 tera
269 916 498 955 ornamenta
529 911 579 952 de
609 923 679 952 sua
710 911 877 963 pecunia
907 908 1098 949 fecerunt.
1130 930 1186 936 —
1217 912 1360 948 Romae.
1405 912 1443 948 In
1475 911 1634 948 eiusdem
1663 911 1745 959 epi-

154 974 249 1022 stylii
279 977 381 1022 parte
413 972 603 1009 exteriori:
654 969 802 1009 Bebrix
832 968 932 1022 Aug.
966 967 1007 1007 L.
1040 967 1282 1017 Drusianus,
1313 967 1362 1008 A.
1393 967 1536 1008 Fabius
1568 966 1746 1008 Xanthus

152 1031 243 1072 Cur.
274 1028 465 1083 imagines
497 1032 704 1081 argenteas
737 1026 899 1066 deorum
937 1030 1089 1078 septem
1127 1029 1218 1078 post
1257 1024 1544 1066 dedicationem
1585 1024 1746 1066 scholae

154 1094 193 1130 et
223 1088 395 1129 mutulos
428 1099 514 1128 cum
547 1085 688 1126 tabella
719 1097 841 1125 aenea
874 1083 921 1123 dc
953 1096 1023 1124 sua
1055 1084 1219 1136 pecunia
1253 1082 1458 1124 dederunt.
1494 1107 1544 1114 —
1578 1085 1675 1122 Grut.
1710 1098 1746 1134 p.

156 1150 249 1187 170.
295 1147 436 1185 Nardin.
467 1160 501 1195 p.
535 1147 627 1183 663.
670 1145 813 1182 Morcel.
845 1145 923 1180 Stil.
957 1144 1198 1181 CCLXXVIII.
1241 1144 1337 1181 Orel.
1369 1144 1481 1181 2502
1515 1144 1573 1192 qui
1604 1144 1746 1192 quidem

155 1220 232 1246 cum
263 1206 445 1244 lllorcellio
476 1205 613 1242 nonnisi
643 1204 881 1252 posteriorem
913 1202 1000 1239 tituli
1032 1207 1166 1250 partem
1200 1203 1366 1249 exhibet3
1402 1203 1542 1240 Platner
1582 1207 1618 1239 et
1647 1203 1745 1240 Bun-

152 1279 215 1305 sen
247 1267 389 1303 Beschr.
420 1265 457 1301 R.
490 1264 548 1300 111.
580 1263 616 1299 2.
648 1275 681 1311 p.
715 1262 751 1299 9.
798 1262 935 1298 Becker
965 1262 1062 1298 Rom.
1095 1261 1246 1298 Alterth.
1277 1261 1302 1298 1.
1334 1273 1368 1310 p.
1400 1261 1495 1298 318.

291 1351 412 1389 1228.
472 1346 712 1389 Benedictus
762 1346 862 1387 alme
915 1347 1024 1387 urbis
1080 1359 1254 1387 summus
1304 1350 1468 1388 senator
1509 1346 1748 1388 restauravit

152 1410 256 1450 hunc
286 1413 447 1461 pontem
478 1406 564 1447 iere
595 1405 778 1447 dirutum.
825 1428 874 1432 —
919 1408 956 1444 In
987 1412 1097 1455 ponte
1139 1407 1271 1444 Cestio.
1312 1407 1421 1444 Smet.
1464 1407 1526 1444 fol.
1559 1407 1596 1446 3.
1649 1407 1747 1445 Grut.

153 1482 186 1520 p.
222 1469 314 1506 160.

295 1543 416 1580 1229.
475 1540 517 1581 In
557 1540 749 1581 honorem
791 1539 929 1581 domus
971 1537 1188 1593 Augustae.
1236 1538 1292 1579 Ti.
1326 1537 1508 1579 Claudius
1540 1537 1747 1581 Secundus

154 1604 316 1642 coactor
347 1612 436 1641 cum
467 1599 524 1639 Ti.
558 1598 717 1639 Claudio
748 1598 805 1638 Ti.
837 1598 944 1646 Quir.
978 1597 1162 1640 Secundo
1189 1597 1229 1637 F.
1252 1597 1298 1638 111
1319 1597 1378 1637 vir
1400 1602 1440 1638 et
1461 1596 1525 1637 IIII
1546 1598 1607 1638 vir
1624 1597 1746 1640 scho-

152 1659 227 1700 lam
259 1671 348 1700 cum
379 1658 516 1699 statuis
548 1661 587 1697 et
617 1656 852 1710 imaginibus
895 1656 1213 1708 ornamentisque
1246 1656 1425 1696 omnibus
1464 1667 1535 1696 sua
1571 1657 1747 1711 impensa

154 1717 262 1758 fecit.
295 1739 350 1744 —
381 1719 513 1755 Romae
544 1717 578 1754 in
609 1717 725 1754 limine
757 1716 942 1765 superiore
973 1721 1102 1765 portae
1134 1716 1324 1754 exterioris
1356 1717 1392 1753 S.
1423 1716 1541 1754 Alexii
1562 1716 1596 1754 in
1618 1717 1746 1755 Aven-
1788 1760 1792 1765 .

153 1778 240 1815 tino.
289 1778 386 1814 Grut.
416 1789 450 1825 p.
488 1775 580 1813 169.

296 1852 418 1889 1230.
479 1848 604 1891 Salvis
636 1847 800 1889 dominis
832 1848 977 1889 nostris
1009 1847 1183 1889 Honorio
1216 1853 1255 1888 et
1285 1847 1523 1900 Theodosio,
1554 1848 1746 1890 victorio-

152 1908 316 1951 sissimis
347 1907 610 1961 principibus,
653 1907 908 1947 secretarium
940 1906 1163 1959 amplissimi
1193 1911 1372 1959 senatus,
1414 1907 1521 1959 quod
1550 1907 1611 1948 vir
1641 1907 1748 1948 inlu-

153 1968 244 2008 stris
275 1966 483 2007 Flavianus
514 1966 734 2006 instituerat
765 1969 804 2004 et
835 1964 961 2005 fatalis
991 1965 1092 2017 ignis
1133 1965 1369 2018 absumpsit,
1410 1965 1565 2007 Flavius
1596 1964 1747 2006 Annius

152 2025 372 2067 Eucharius
413 2023 614 2077 Epifanius
655 2023 698 2063 V.
731 2023 772 2063 C.
811 2022 911 2063 Praf.
956 2023 1040 2063 urb.
1083 2022 1182 2063 vice.
1228 2035 1339 2064 sacra
1376 2020 1505 2078 iud.⁵)
1547 2023 1748 2077 reparavit

154 2089 193 2124 et
224 2082 272 2124 ad
302 2083 503 2137 pristinam
535 2082 674 2122 faciem
704 2080 873 2122 reduxit.
905 2103 959 2109 -—
991 2083 1134 2120 Romae.
1167 2083 1263 2120 Grut.
1297 2083 1390 2121 170.
1423 2084 1518 2121 Oret.
1550 2084 1615 2122 28.
1647 2085 1746 2122 Plat-

154 2156 218 2181 ner
249 2145 318 2181 und
350 2144 486 2180 Bunsen
516 2143 658 2179 Beschr.
690 2142 723 2179 d.
755 2142 805 2179 St.
836 2142 873 2178 R.
904 2141 963 2178 111.
994 2141 1032 2179 2.
1064 2154 1098 2190 p.
1135 2141 1227 2178 109.

297 2230 418 2267 1231.
478 2227 631 2268 Flavius
663 2226 859 2279 Philippus
890 2227 949 2266 vir
980 2225 1219 2267 clarissimus
1250 2226 1479 2268 Praefectus
1511 2227 1598 2267 urbi
1628 2239 1747 2281 nym-

154 2286 260 2327 feum
293 2285 470 2327 sordium
501 2285 687 2338 squalore
718 2284 918 2325 foedatum
949 2288 987 2324 et
1018 2296 1256 2325 marmorum
1287 2284 1460 2326 nuditate
1492 2284 1672 2326 deforme
1698 2285 1747 2328 ad

154 2344 297 2385 cultum
329 2345 533 2397 pristinum
565 2343 780 2384 revocavit.
815 2365 864 2370 -
908 2345 1050 2381 Romae.
1096 2345 1193 2382 Grut.
1225 2358 1257 2394 p.
1293 2344 1384 2383 181.
1431 2347 1566 2383 Preller
1598 2347 1746 2395 Region.

157 2417 190 2454 p.
226 2405 317 2442 110.
350 2409 422 2441 not.

300 2479 421 2517 1232.
483 2476 669 2518 Gabinius
712 2477 864 2518 Vettius
901 2475 1117 2517 Probianus
1156 2477 1200 2516 V.
1234 2475 1274 2516 C.
1315 2476 1442 2517 Praef.
1486 2477 1570 2518 urb.
1586 2474 1627 2533 ⁶)
1659 2481 1744 2518 sta-

156 2541 260 2577 tuam
293 2549 396 2588 quae
427 2535 610 2576 basilicae
641 2535 761 2577 Iuliae
803 2548 825 2576 a
856 2546 901 2576 se
931 2535 1085 2575 noviter
1124 2539 1329 2586 reparatae
1369 2540 1599 2576 ornamento
1639 2539 1747 2577 esset

158 2594 309 2635 adiecit.
355 2616 404 2622 —
451 2595 508 2644 (In
540 2596 652 2632 latere
683 2596 823 2633 sinistro
856 2595 1014 2632 eiusdem
1046 2590 1221 2647 lapidis]:
1273 2592 1408 2634 Dedic.
1440 2593 1521 2634 XV.
1552 2593 1597 2634 Κ.
1628 2594 1744 2635 Febr.

156 2664 228 2704 per
260 2652 302 2692 Τ.
335 2651 496 2692 Arrium
528 2650 756 2692 Bassianum
790 2651 830 2692 C.
862 2651 906 2691 V.
938 2649 1025 2690 Cur.
1058 2662 1168 2702 oper.
1210 2651 1466 2703 publicorum.
1498 2650 1670 2692 Anulino
1701 2650 1744 2692 ΙΙ.

157 2714 196 2749 et
227 2709 355 2750 Ausul.
388 2709 587 2750 Frontone
619 2707 763 2763 Cos.⁷)
799 2733 848 2739 —-
882 2712 1025 2749 Romae.
1058 2711 1153 2748 Grut.
1185 2723 1218 2760 p.
1256 2711 1346 2750 171.
1401 2712 1562 2750 Bulletin.
1594 2712 1627 2750 d.
1660 2712 1744 2750 Inst.

299 2870 334 2913 1)
359 2871 446 2914 Fea3
471 2878 614 2906 statuam
640 2873 770 2916 pietatis
796 2874 866 2907 eius
893 2873 963 2907 auri
986 2872 1165 2917 splendore
1196 2873 1384 2907 micantem.
1419 2889 1460 2895 -—
1493 2870 1531 2915 2)
1563 2871 1744 2906 indictione

158 2916 334 2963 undecima
359 2925 436 2960 post
460 2918 680 2952 consulatum.
705 2935 748 2942 -—
774 2917 812 2961 3)
837 2926 981 2955 curator.
1007 2938 1047 2945 —
1074 2919 1113 2963 4)
1140 2919 1254 2953 aedilis
1279 2919 1415 2955 curulis.
1441 2937 1481 2944 --
1517 2916 1555 2961 5)
1579 2919 1744 2954 iudicans.

159 2979 203 2985 ——
227 2959 264 3005 6)
290 2975 323 3008 p.
347 2962 425 3000 Chr.
448 2965 527 3000 377.
554 2983 595 2990 —
622 2963 660 3008 7)
685 2976 718 3010 p.
743 2964 821 3001 Chr.
846 2966 923 3000 199.

1852 2709 1856 2765 ἐ
