1877 3313
132 206 218 251 274
578 203 681 239 Inser.
705 203 882 248 profanae.
930 203 1010 249 Cap.
1035 203 1077 238 11.
1127 203 1285 238 Tabulae.

131 313 282 355 sectura
313 309 403 353 foro
435 310 720 363 conciliabulo,
760 311 902 364 quoius
942 311 1039 362 erit,
1079 310 1223 352 iudicio
1254 310 1413 364 publico
1445 309 1726 352 condemnatus

132 376 192 412 est
223 371 309 420 erit,
341 381 509 422 quemve
531 368 568 410 k.
592 370 939 422 praevaricationis
966 381 1104 410 caussa
1135 381 1370 410 accussasse
1400 367 1600 410 fecisseve
1621 369 1727 422 quod

130 428 337 469 iudicatum
369 433 430 468 est
461 428 558 479 erit,
600 428 743 480 queive
774 433 868 481 aput
907 428 1123 469 exercitum
1165 427 1424 468 incnominiae
1455 438 1597 468 caussa
1627 427 1726 468 ordo

130 487 335 539 ademptus
367 491 428 526 est
459 487 545 536 erit,
578 498 744 538 quemve
774 487 986 539 imperator
1017 486 1280 528 incnominiae
1311 498 1451 526 caussa
1472 486 1522 527 ab
1547 485 1728 526 exercitu

130 544 327 586 decedere
358 544 460 585 iuset
489 545 650 596 inserit,
692 545 833 597 queive
867 545 917 585 ob
950 550 1066 598 caput
1119 557 1152 586 c.
1185 557 1217 585 r.
1249 543 1508 585 referundum
1527 540 1562 597 ¹)
1600 555 1729 597 pecu-

129 604 231 644 niam
264 603 481 656 praemium
511 602 667 644 aliudve
699 601 789 654 quid
820 602 931 656 cepid
965 603 1128 656 ceperit,
1160 603 1301 656 queive
1332 604 1493 655 corpori
1524 605 1730 654 quaestum

128 661 225 702 fecit
254 661 417 713 fecerit,
460 661 601 714 queive
642 661 907 702 lanistaturam
940 666 1117 701 artemve
1158 660 1345 702 ludicram
1360 658 1402 714 2)
1442 660 1536 701 fecit
1574 659 1729 711 fecerit,

130 721 272 772 queive
313 719 552 761 lenocinium
593 718 722 760 faciet.
781 719 881 767 Quei
922 719 1114 761 adversus
1155 732 1203 760 ea
1244 720 1283 760 in
1323 719 1534 772 municipio
1576 717 1730 760 colonia

128 778 432 832 praefecturave
464 777 552 818 foro
584 777 841 818 conciliabulo
865 775 946 832 [in]
971 778 1250 819 decurionibus
1273 778 1588 830 conscripteisve
1608 776 1731 817 fuerit

128 837 418 878 sententiamve
461 836 628 887 dixerit,
669 837 702 877 is
733 835 792 878 HS
822 835 924 875 1301)
955 849 992 889 p.
1025 836 1060 876 d.
1094 836 1129 877 d.
1164 840 1274 888 esto,
1318 837 1482 888 eiusque
1522 835 1732 889 pecuniae,

130 897 222 949 quei
252 895 379 947 volet,
411 895 546 948 petitio
578 899 680 936 esto.

825 974 947 1029 Caput
976 976 1041 1017 IX.

270 1046 372 1095 Quoi
401 1047 439 1088 h.
470 1046 498 1087 l.
529 1048 568 1087 in
599 1046 809 1099 municipio
852 1046 1006 1087 colonia
1047 1046 1300 1099 praefectura
1340 1045 1430 1087 foro
1472 1045 1730 1087 conciliabulo

130 1109 357 1148 senatorem
388 1105 641 1146 decurionem
675 1105 937 1157 conscriptum
969 1115 1075 1155 esse,
1106 1105 1225 1157 inque
1253 1116 1303 1146 eo
1327 1104 1465 1145 ordine
1485 1105 1732 1145 sentemtiam

130 1163 266 1205 dicere
297 1163 404 1205 ferre
436 1176 516 1205 non
547 1163 689 1214 licebit,
722 1163 888 1216 neiquis,
921 1163 1013 1215 quei
1043 1163 1082 1202 in
1114 1175 1163 1203 eo
1195 1163 1405 1216 municipio
1436 1163 1588 1204 colonia
1609 1175 1732 1216 prae-

129 1222 283 1264 fectura
323 1222 413 1264 foro
460 1221 718 1263 conclliabulo
760 1225 939 1262 senatum
987 1221 1227 1262 decuriones
1269 1222 1514 1274 conscriptos
1561 1220 1731 1272 habebit,

131 1293 222 1322 eum
253 1282 291 1321 in
322 1284 499 1322 senatum
532 1280 770 1321 decuriones
813 1279 1061 1345 conscriptos
1101 1280 1158 1319 ire
1189 1280 1325 1321 iubeto
1355 1291 1412 1320 sc
1445 1279 1481 1320 d
1515 1292 1564 1320 m.
1577 1310 1588 1332 ,
1629 1291 1732 1320 neve

131 1352 221 1380 eum
252 1325 350 1380 ibei
361 1340 607 1380 sentemtiam
639 1342 802 1392 logato,
843 1338 958 1378 neive
990 1337 1123 1378 dicele
1155 1338 1271 1378 neive
1302 1337 1410 1378 ferre
1439 1338 1575 1379 iubeto
1606 1350 1662 1380 sc.
1694 1337 1731 1378 d.

130 1411 196 1447 m.‚
227 1410 329 1438 neve
361 1398 448 1449 quis
480 1398 570 1449 quei
600 1397 638 1437 in
671 1409 719 1436 eo
753 1396 960 1446 municipio
1001 1395 1155 1437 colonia
1185 1395 1436 1449 praefectura
1467 1396 1557 1438 foro
1589 1396 1731 1437 conci-

131 1455 279 1496 liabulo
311 1455 485 1508 sufragio
518 1467 655 1495 eorum
688 1467 906 1495 maxumam
946 1459 1182 1507 potestatem
1223 1455 1398 1503 habebit,
1441 1467 1580 1496 eorum
1612 1467 1732 1508 quem

130 1514 208 1555 ibei
239 1515 277 1554 in
309 1518 488 1555 senatum
520 1513 757 1554 decuriones
789 1513 1037 1566 conscriptos
1068 1514 1140 1565 ire,
1172 1526 1275 1553 neve
1306 1514 1344 1554 in
1368 1525 1416 1554 eo
1439 1525 1604 1555 numero
1626 1525 1731 1563 esse,

133 1682 235 1716 natus
267 1683 343 1725 est,
376 1678 454 1725 erit,
484 1690 634 1726 quemve
667 1678 883 1726 calumniae,
915 1679 1233 1727 praevaricationis
1265 1691 1369 1717 causa
1402 1691 1587 1717 accusasse
1618 1679 1729 1716 fecis-

132 1749 218 1775 seve
250 1738 370 1785 quod,
409 1737 597 1774 iudicatum
630 1742 708 1784 est,
749 1738 837 1783 erit,
880 1738 981 1774 cuive
1013 1739 1106 1786 apud
1141 1738 1335 1775 exercitum
1374 1738 1592 1785 ignominiae
1624 1749 1729 1775 causa

134 1796 226 1832 ordo
259 1796 417 1832 ademtus
450 1801 526 1841 est,
569 1796 658 1842 erit,
700 1808 850 1843 quemve
882 1796 1079 1845 imperator
1108 1797 1326 1844 ignominiae
1359 1808 1463 1833 causa
1495 1798 1538 1834 ab
1571 1796 1731 1834 exercitu

134 1854 314 1891 decedere.
344 1855 466 1899 iussit,
508 1855 670 1900 iusserit,
712 1855 817 1902 quive
849 1855 895 1891 ob
928 1860 1034 1903 caput
1065 1855 1151 1892 civis
1183 1855 1329 1892 Romani
1361 1855 1618 1901 deferundum,
1659 1866 1729 1903 pe-

134 1912 293 1958 cuniam,
323 1913 539 1960 praemium,
571 1914 710 1950 aliudve
743 1913 825 1960 quid
858 1914 975 1961 cepit,
1018 1914 1178 1962 ceperit,
1220 1913 1326 1961 quive
1357 1925 1513 1962 corpore
1546 1918 1730 1962 quaestum

135 1971 243 2017 fecit,
274 1971 424 2016 fecerit,
456 1971 560 2018 quive
591 1972 853 2017 lanistaturam,
896 1977 1054 2009 artemve
1085 1972 1256 2008 ludicram
1287 1972 1395 2018 fecit,
1435 1972 1586 2018 fecerit,
1625 1971 1731 2020 quive

133 2029 345 2066 lenocinium
388 2030 504 2065 faciet.
566 2031 632 2074 Qui
674 2031 844 2066 adversus
886 2042 927 2066 ea
958 2032 991 2067 in
1031 2030 1245 2078 municipio,
1287 2030 1451 2076 colonia,
1490 2031 1730 2079 praefectura,

135 2087 230 2133 foro,
261 2087 498 2124 conciliabulo
532 2083 618 2141 (in)
652 2088 903 2125 decurionibus
937 2089 1193 2137 conscriptisve
1225 2089 1344 2135 fuerit,
1381 2089 1640 2136 sententiamve
1671 2088 1731 2125 di-

134 2146 253 2192 xerit,
283 2145 313 2183 is
344 2146 527 2182 sestertios
560 2147 646 2183 DOC)
680 2147 815 2195 populo
848 2147 934 2184 dare
965 2148 1107 2185 damnas
1140 2152 1239 2195 esto,
1270 2147 1416 2195 eiusque
1445 2147 1642 2196 pecuniae,
1673 2145 1732 2195 qui

135 2204 256 2252 volet,
285 2203 414 2253 petitio
447 2209 536 2242 esto.

830 2286 943 2336 Caput
978 2288 1038 2324 XI.

275 2355 338 2394 Cui
367 2356 433 2392 hac
464 2355 546 2401 lege
578 2355 611 2392 in
643 2357 857 2406 municipio,
889 2357 1055 2404 colonia,
1085 2357 1334 2406 praefectura,
1367 2357 1462 2403 foro,
1494 2355 1730 2395 conciliabulo

137 2418 354 2460 senatorem,
384 2413 626 2461 decurionem,
658 2417 895 2464 conscriptum
927 2428 1020 2461 esse,
1051 2416 1155 2462 inque
1188 2427 1233 2452 eo
1264 2415 1391 2452 ordine
1427 2416 1638 2453 sententiam
1670 2414 1730 2451 di-

139 2484 236 2520 cere,
268 2473 364 2510 ferre
395 2483 465 2510 non
495 2473 627 2519 licebit,
659 2486 703 2511 ne
735 2475 823 2522 quis,
856 2474 914 2522 qui
943 2475 976 2511 in
1001 2485 1045 2511 eo
1070 2473 1272 2522 municipio,
1304 2474 1458 2520 colonia,
1488 2474 1728 2522 praefectura,

138 2532 233 2577 foro,
252 2530 488 2568 conciliabulo
505 2536 676 2578 senatum,
704 2533 931 2578 decuriones,
959 2532 1180 2580 conscriptos
1211 2532 1367 2579 habebit,
1394 2544 1473 2570 eum
1500 2532 1534 2569 in
1559 2536 1731 2576 senatum,

139 2590 366 2636 decuriones,
391 2590 612 2637 conscriptos
640 2591 691 2627 ire
709 2591 830 2628 iubeto
848 2592 977 2637 sciens,
999 2592 1084 2628 dolo
1102 2591 1220 2636 malo,
1241 2601 1331 2627 neve
1354 2602 1432 2627 eum
1454 2590 1501 2628 ibi
1521 2589 1731 2627 sententiam

138 2652 282 2695 rogato,
301 2658 390 2685 neve
409 2647 542 2693 dicere,
559 2659 647 2685 neve
667 2650 759 2686 ferre
776 2650 911 2695 iubeto,
929 2649 1058 2694 sciens,
1077 2649 1163 2684 dolo
1191 2649 1296 2694 malo,
1324 2660 1414 2685 neve
1442 2648 1530 2696 quis,
1551 2647 1609 2696 qui
1628 2647 1663 2684 in
1685 2657 1730 2683 eo

140 2706 354 2755 municipio,
386 2705 545 2751 colonia,
577 2708 818 2754 praefectura,
850 2709 944 2754 foro,
977 2707 1225 2753 conciliabulo,
1256 2707 1427 2754 suffragio
1459 2718 1581 2743 eorum
1613 2705 1729 2742 maxi-

140 2774 231 2800 mam
263 2768 478 2812 potestatem
509 2765 674 2811 habebit,
715 2777 838 2803 eorum
870 2777 973 2813 quem
1004 2765 1051 2801 ibi
1083 2764 1117 2801 in
1149 2769 1332 2811 senatum,
1372 2764 1608 2810 decuriones,
1639 2774 1731 2800 con-

140 2821 304 2871 scriptos,
335 2823 400 2870 ire,
430 2833 522 2860 neve
551 2822 586 2859 in
618 2835 663 2861 eo
694 2835 840 2862 numero
872 2836 963 2871 esse,
995 2834 1087 2861 neve
1117 2823 1327 2860 sententiam
1358 2823 1407 2860 ibi
1438 2822 1558 2860 dicere
1588 2822 1732 2859 terreve

282 2993 319 3038 1)
344 2996 554 3040 defer-undum
578 2996 760 3042 legendum
784 2997 973 3043 suspicatur
997 2996 1167 3032 Marezoll.
1195 3013 1235 3022 -
1262 2993 1302 3039 2)
1325 2995 1472 3031 Tabula:
1499 2993 1656 3029 tadicum.
