1877 3313
109 180 187 217 VIII
743 169 1071 208 PRAEFATIO.

111 289 214 328 nibus
247 293 284 326 et
313 285 490 326 thesauris
531 283 682 322 noudum
713 280 964 328 inveniuntur,
1005 292 1095 328 quae
1126 290 1191 328 per
1233 278 1480 328 ephemerides
1514 279 1571 315 vel
1613 279 1707 316 doc-

113 363 231 397 tarum
263 358 471 396 societatum
503 359 580 392 acta
608 363 753 400 sparsae
784 352 843 388 vel
873 351 1023 388 seorsim
1062 349 1298 398 peculiaribus
1332 348 1457 386 libellis
1489 348 1608 385 editae
1637 359 1708 385 non

113 430 223 467 cuivis
255 429 361 466 facile
392 427 437 464 ad
468 435 583 463 manus
615 425 716 468 sunt,
748 421 853 458 etiam
884 432 1028 467 earum,
1059 431 1204 468 quarum
1236 420 1354 456 honae
1386 418 1642 467 explicationes
1673 422 1709 455 et

114 499 255 548 egregii
277 497 519 536 commentarii
543 493 728 539 habentur,
760 492 883 540 quibus
916 491 1049 529 tirones
1082 489 1114 527 in
1143 491 1212 527 hoc
1243 489 1441 526 studiorum
1471 499 1609 535 genere
1631 500 1708 525 ma-

114 570 208 607 xime
241 569 463 606 adiuventur.

255 639 295 676 In
340 635 568 687 dispositione
608 637 644 670 et
682 632 808 670 ordine
849 631 1115 680 inscriptionum
1158 629 1409 667 constituendo
1450 640 1562 666 meam
1602 628 1709 677 ipsius

114 709 215 759 sequi
247 709 421 746 rationem
451 703 597 750 tentavi,
631 714 792 750 eamque,
824 702 857 738 ni
890 701 1006 748 fallor,
1038 712 1108 738 non
1140 700 1410 737 incommodam.
1456 700 1586 736 Adhuc
1617 698 1708 736 enim

114 780 150 817 in
180 778 407 828 amplioribus
438 772 708 812 collectionibus
741 773 888 818 fai-rago
921 771 1185 819 inscriptionum
1217 770 1251 807 in
1278 774 1394 807 certas
1417 769 1558 818 quidem
1580 769 1711 806 classes

118 849 376 897 digerebatur,
418 856 533 892 neque
566 854 653 880 vero
685 843 751 878 liae
783 842 912 878 classes
946 841 989 877 ad
1021 852 1225 878 communes
1264 840 1407 887 regulas
1440 839 1620 877 dividendi
1652 840 1710 876 lo-

114 918 214 966 gicas
247 921 308 954 aut
338 916 376 954 ad
409 914 461 952 rei
493 914 604 962 ipsius
637 924 758 949 causas
791 911 965 948 severiori
996 911 1079 957 lege
1121 914 1270 946 exactae
1301 910 1497 946 accuratius
1539 909 1711 958 introspi-

120 988 293 1026 cientibus
324 985 556 1029 videbuntur,
587 988 659 1019 tum
691 982 851 1029 singulae
883 981 1150 1029 inscriptiones,
1183 980 1278 1027 quod
1311 980 1394 1016 mihi
1425 980 1563 1026 insigne
1594 980 1713 1016 vitium

116 1070 198 1096 esse
231 1058 379 1102 videtur,
411 1065 481 1091 non
514 1052 643 1100 ubique
676 1064 721 1088 ex
753 1051 1046 1099 earumipsarum
1080 1049 1296 1096 argumentis
1331 1054 1367 1085 et
1399 1061 1530 1085 summa
1561 1050 1612 1086 rei
1637 1049 1713 1086 dis-

114 1129 352 1178 ponebantur,
384 1124 447 1161 sed
479 1123 688 1172 plerumque
709 1125 858 1170 propter
887 1132 1016 1157 nomen
1049 1119 1191 1166 aliquod
1214 1119 1395 1166 singulare
1416 1119 1714 1167 geographicum,

115 1198 338 1242 historicum,
369 1194 522 1231 muneris
554 1192 697 1230 alicuius
729 1191 841 1237 sacri,
873 1190 1010 1235 civilis,
1043 1188 1198 1226 militaris
1230 1189 1432 1237 promiscue
1463 1189 1543 1225 huic
1575 1189 1633 1225 vel
1665 1188 1715 1226 illi

116 1268 216 1306 classi
247 1265 529 1312 assignabantur.
577 1263 655 1307 Quo
687 1262 818 1298 factum
841 1265 909 1306 est,
942 1265 978 1296 ut
1009 1261 1140 1296 multae
1162 1258 1409 1307 inscriptiones
1442 1263 1593 1307 propter
1615 1258 1714 1296 eius-

117 1339 194 1375 dem
225 1334 423 1382 argumenti
446 1338 482 1370 et
513 1333 620 1370 totius
652 1332 795 1380 generis
820 1331 1100 1368 communionem
1132 1341 1279 1378 prorsus
1302 1330 1590 1376 coniungendae,
1622 1340 1714 1366 con-

115 1412 168 1445 tra
200 1417 266 1455 per
298 1405 455 1442 diversas
487 1405 617 1440 classes
650 1402 832 1450 dispersae
877 1401 1140 1438 divellerentur.
1202 1400 1360 1447 Indeque
1393 1400 1538 1436 alterum
1574 1399 1715 1436 incom-

115 1476 260 1514 modum
302 1479 417 1512 natum
451 1479 527 1521 est,
569 1478 606 1510 ut
637 1474 762 1510 horum
804 1476 1111 1508 monumentorum
1145 1469 1354 1506 universitas
1397 1470 1462 1506 liac
1505 1469 1716 1506 contusione

114 1547 326 1592 obscurata,
368 1556 471 1592 quam
511 1548 639 1581 exacte
680 1543 918 1592 responderet
957 1542 1117 1578 omnibus
1157 1540 1251 1577 vitae
1290 1539 1470 1588 partibus,
1514 1550 1584 1576 non
1626 1539 1710 1576 satis

120 1618 216 1653 clare
262 1620 461 1665 appareret.
531 1614 611 1651 Mihi
652 1625 740 1650 vero
773 1613 838 1649 alia
885 1613 940 1648 via
983 1612 1134 1648 ineunda
1176 1611 1377 1647 videbatur.
1438 1610 1586 1646 Primum
1627 1609 1719 1646 enim

118 1686 215 1735 quod
247 1686 290 1723 ad
329 1684 499 1723 orationis
538 1696 651 1731 genus
684 1684 832 1729 attinet,
874 1694 996 1719 omnes
1028 1681 1275 1729 inscriptiones
1318 1684 1377 1717 ant
1407 1691 1513 1728 prosa
1555 1679 1723 1716 oratione

118 1761 179 1795 aut
207 1755 378 1793 versibus
401 1755 624 1804 conscriptae
655 1759 747 1800 sunt,
779 1758 816 1790 ut
848 1753 1017 1790 continuo
1049 1752 1081 1788 in
1115 1752 1177 1787 has
1200 1751 1297 1787 binas
1329 1754 1449 1799 partes
1471 1754 1723 1797 segregentur.

129 1826 319 1874 Utriusque
352 1830 467 1862 autem
496 1826 607 1874 partis
640 1824 910 1871 inscriptiones,
942 1822 970 1859 si
1001 1829 1168 1858 summam
1201 1820 1400 1868 argumenti
1432 1824 1468 1856 et
1499 1819 1720 1868 propositum

130 1897 298 1945 cuiusque
332 1901 553 1945 spectamus,
594 1899 652 1932 aut
684 1895 726 1931 ad
759 1905 877 1930 sacras
909 1905 964 1929 res
997 1892 1197 1941 pertinent,
1230 1895 1290 1927 aut
1321 1890 1363 1926 ad
1397 1890 1588 1938 profanas,
1629 1900 1721 1938 pro-

120 1969 225 2007 fanae
255 1966 514 2014 inscriptiones
547 1970 603 2002 aut
635 1965 797 2013 publicae
830 1968 929 2009 sunt,
960 1963 995 1999 id
1028 1967 1094 2008 est,
1126 1962 1169 1998 ad
1201 1973 1274 1998 rem
1307 1961 1484 2009 publicam
1505 1959 1724 2008 pertinentes

120 2042 158 2074 et
193 2036 337 2086 publica
370 2035 581 2074 auctoritate
614 2035 849 2083 conscriptae,
882 2039 939 2070 aut
970 2033 1144 2082 privatae,
1176 2033 1210 2069 id
1237 2036 1304 2077 est,
1337 2031 1380 2067 ad
1412 2031 1518 2067 vitam
1551 2029 1723 2078 privatam

126 2107 346 2157 pertinentes
380 2111 415 2144 et
447 2118 465 2143 a
497 2105 643 2154 privatis
674 2106 871 2154 profectae.
934 2103 1184 2151 Inscriptiones
1230 2101 1393 2150 publicae
1425 2112 1544 2137 rursus
1587 2104 1646 2137 aut
1677 2099 1722 2136 ad

129 2176 247 2214 civilia
278 2176 330 2213 rei
361 2176 525 2224 publicae
558 2176 715 2212 instituta
748 2179 805 2212 aut
837 2175 881 2211 ad
913 2173 1071 2210 militaria
1105 2176 1278 2220 spectant,
1309 2171 1465 2218 ideoque
1497 2170 1618 2206 civiles
1644 2174 1724 2206 sunt

129 2250 189 2284 aut
219 2246 396 2283 militares.
458 2246 569 2282 Unum
601 2247 767 2293 qnodque
799 2246 923 2282 horum
966 2254 1138 2290 generum
1169 2254 1248 2279 suas
1281 2241 1346 2277 sibi
1377 2240 1514 2288 species
1545 2239 1722 2276 subiectas

125 2315 300 2363 continet,
332 2326 399 2364 pro
432 2327 549 2352 rerum
582 2316 755 2352 varietate
788 2315 958 2352 diversas.
1008 2314 1154 2359 Singula
1187 2317 1302 2348 autem
1335 2316 1369 2347 ct
1401 2321 1535 2357 genera
1567 2314 1604 2346 et
1633 2321 1722 2358 spe-

124 2386 198 2424 cies
234 2386 298 2423 has
329 2384 427 2422 binas
459 2385 637 2422 sectiones
670 2386 965 2433 complectuntur,
997 2383 1173 2419 titulorum
1207 2386 1241 2417 et
1273 2381 1482 2426 tabularum,
1513 2391 1616 2427 quum
1638 2390 1720 2416 orn-

121 2468 184 2494 nes
230 2454 481 2504 inscriptiones
523 2456 580 2491 vel
613 2455 687 2491 aliis
718 2456 823 2491 rebus
866 2460 1027 2501 tanquam
1071 2452 1292 2489 accessiones
1326 2455 1362 2487 et
1394 2449 1609 2498 appendices
1651 2449 1719 2486 ad-

121 2527 272 2573 dantur,
307 2529 344 2561 ut
376 2525 568 2571 aedificiis,
598 2525 743 2571 statuis,
775 2526 887 2571 vasis,
920 2524 976 2561 vel
1008 2535 1071 2572 per
1102 2535 1139 2560 se
1172 2526 1337 2559 constent
1369 2525 1405 2557 et
1436 2520 1512 2557 sola
1545 2518 1718 2567 scriptura

124 2596 259 2633 duriori
289 2594 457 2633 materiae
488 2595 658 2643 insculpta
692 2595 962 2641 contineantur,
994 2604 1138 2642 quarum
1167 2593 1306 2641 priores
1331 2591 1466 2637 titulos,
1498 2589 1716 2638 posteriores

122 2666 259 2704 tabulas
290 2677 468 2703 vocamus.

266 2736 389 2784 Neque
420 2747 509 2774 vero
541 2735 623 2773 satis
656 2739 733 2772 erat
764 2735 798 2772 in
829 2736 898 2773 hoc
930 2735 1082 2780 delectu,
1119 2733 1320 2770 universum
1352 2729 1616 2778 inscriptionum
1638 2739 1715 2764 am-

120 2804 234 2844 bitum
264 2810 301 2843 et
331 2807 419 2843 fines
456 2806 650 2854 respicere,
681 2805 812 2854 optima
845 2817 1005 2854 quaeque
1036 2804 1196 2851 deligere
1227 2807 1264 2839 et
1293 2801 1481 2839 commode
1504 2799 1715 2847 disponere:

123 2876 232 2914 etiam
272 2876 466 2925 oportebat
507 2875 712 2912 emendatas
754 2875 1012 2924 repraesentari
1053 2879 1090 2911 et
1130 2872 1338 2910 necessariis
1379 2870 1501 2907 instrui
1541 2867 1714 2905 subsidiis.

124 2947 351 2998 Quapropter
381 2946 490 2985 verba
520 2945 784 2996 inscriptionum
816 2957 917 2994 quam
949 2943 1228 2983 emendatissima
1259 2946 1295 2980 et
1315 2952 1362 2979 ex
1382 2938 1522 2989 optimis
1544 2936 1701 2976 fontibus
