<?xml version="1.0" encoding="UTF-8"?>
<!DOCTYPE html PUBLIC "-//W3C//DTD XHTML 1.0 Transitional//EN"
    "http://www.w3.org/TR/xhtml1/DTD/xhtml1-transitional.dtd">
<html xmlns="http://www.w3.org/1999/xhtml" xml:lang="en" lang="en">
 <head>
  <title>
</title>
<meta http-equiv="Content-Type" content="text/html;charset=utf-8" />
  <meta name='ocr-system' content='tesseract 3.04.00' />
  <meta name='ocr-capabilities' content='ocr_page ocr_carea ocr_par ocr_line ocrx_word'/>
</head>
<body>
  <div class='ocr_page' id='page_1' title='image "./handbuchderrmi0103zelluoft_0353.png"; bbox 0 0 1877 3313; ppageno 0'>
   <div class='ocr_carea' id='block_1_1' title="bbox 0 770 37 2645">
    <p class='ocr_par' dir='ltr' id='par_1_1' title="bbox 0 770 37 2645">
     <span class='ocr_line' id='line_1_1' title="bbox 0 770 37 2645; baseline 0 0"><span class='ocrx_word' id='word_1_1' title='bbox 0 770 37 2645; x_wconf 95' lang='lat' dir='ltr'> </span> 
     </span>
    </p>
   </div>
   <div class='ocr_carea' id='block_1_2' title="bbox 370 144 1700 189">
    <p class='ocr_par' dir='ltr' id='par_1_2' title="bbox 370 144 1700 189">
     <span class='ocr_line' id='line_1_2' title="bbox 370 144 1700 189; baseline 0 -10"><span class='ocrx_word' id='word_1_2' title='bbox 370 145 401 187; x_wconf 62' lang='grc' dir='ltr'>ξ.</span> <span class='ocrx_word' id='word_1_3' title='bbox 428 145 459 179; x_wconf 91' lang='grc'>5.</span> <span class='ocrx_word' id='word_1_4' title='bbox 509 144 627 179; x_wconf 87' lang='lat' dir='ltr'>Edicta</span> <span class='ocrx_word' id='word_1_5' title='bbox 653 148 688 179; x_wconf 83' lang='lat' dir='ltr'>et</span> <span class='ocrx_word' id='word_1_6' title='bbox 714 144 879 189; x_wconf 86' lang='lat' dir='ltr'>rescripta</span> <span class='ocrx_word' id='word_1_7' title='bbox 906 145 1161 188; x_wconf 77' lang='lat' dir='ltr'>magistratuum</span> <span class='ocrx_word' id='word_1_8' title='bbox 1185 155 1412 180; x_wconf 88' lang='lat' dir='ltr'>romanorum.</span> <span class='ocrx_word' id='word_1_9' title='bbox 1615 145 1700 189; x_wconf 90' lang='lat'>333</span> 
     </span>
    </p>
   </div>
   <div class='ocr_carea' id='block_1_3' title="bbox 306 277 1491 327">
    <p class='ocr_par' dir='ltr' id='par_1_3' title="bbox 306 277 1491 327">
     <span class='ocr_line' id='line_1_3' title="bbox 306 277 1491 327; baseline 0.003 -13"><span class='ocrx_word' id='word_1_10' title='bbox 306 282 342 321; x_wconf 57' lang='grc' dir='ltr'>ὃ.</span> <span class='ocrx_word' id='word_1_11' title='bbox 374 277 407 316; x_wconf 91' lang='grc'>5.</span> <span class='ocrx_word' id='word_1_12' title='bbox 468 278 606 315; x_wconf 80' lang='lat' dir='ltr'>Edicta</span> <span class='ocrx_word' id='word_1_13' title='bbox 638 283 673 316; x_wconf 80' lang='lat' dir='ltr'>et</span> <span class='ocrx_word' id='word_1_14' title='bbox 702 279 890 326; x_wconf 80' lang='lat' dir='ltr'>rescripta</span> <span class='ocrx_word' id='word_1_15' title='bbox 918 278 1210 327; x_wconf 67' lang='lat' dir='ltr'>mccffl&#39;stratuum</span> <span class='ocrx_word' id='word_1_16' title='bbox 1241 290 1491 317; x_wconf 72' lang='lat' dir='ltr'>romanorum.</span> 
     </span>
    </p>
   </div>
   <div class='ocr_carea' id='block_1_4' title="bbox 90 382 1706 731">
    <p class='ocr_par' dir='ltr' id='par_1_4' title="bbox 234 382 1536 437">
     <span class='ocr_line' id='line_1_4' title="bbox 234 382 1536 437; baseline 0.003 -17"><span class='ocrx_word' id='word_1_17' title='bbox 234 383 356 421; x_wconf 78' lang='grc'><strong>1714.</strong></span> <span class='ocrx_word' id='word_1_18' title='bbox 418 382 599 436; x_wconf 83' lang='lat' dir='ltr'>Exempl.</span> <span class='ocrx_word' id='word_1_19' title='bbox 632 383 824 436; x_wconf 81' lang='lat' dir='ltr'>epistulae</span> <span class='ocrx_word' id='word_1_20' title='bbox 856 382 986 431; x_wconf 79' lang='lat' dir='ltr'>Quieti</span> <span class='ocrx_word' id='word_1_21' title='bbox 1018 382 1187 436; x_wconf 78' lang='lat' dir='ltr'>scriptae</span> <span class='ocrx_word' id='word_1_22' title='bbox 1219 383 1267 424; x_wconf 87' lang='lat' dir='ltr'>ad</span> <span class='ocrx_word' id='word_1_23' title='bbox 1299 383 1536 437; x_wconf 85' lang='lat' dir='ltr'>Hesperum.</span> 
     </span>
    </p>

    <p class='ocr_par' dir='ltr' id='par_1_5' title="bbox 90 440 1706 731">
     <span class='ocr_line' id='line_1_5' title="bbox 233 440 1706 495; baseline 0.001 -14"><span class='ocrx_word' id='word_1_24' title='bbox 233 440 328 481; x_wconf 90' lang='lat' dir='ltr'>Cum</span> <span class='ocrx_word' id='word_1_25' title='bbox 359 442 508 482; x_wconf 88' lang='lat' dir='ltr'>variam</span> <span class='ocrx_word' id='word_1_26' title='bbox 541 454 633 482; x_wconf 89' lang='lat' dir='ltr'>esse</span> <span class='ocrx_word' id='word_1_27' title='bbox 666 441 866 483; x_wconf 87' lang='lat' dir='ltr'>clerorum</span> <span class='ocrx_word' id='word_1_28' title='bbox 899 453 1126 482; x_wconf 85' lang='lat' dir='ltr'>mensuram</span> <span class='ocrx_word' id='word_1_29' title='bbox 1155 444 1413 495; x_wconf 83' lang='lat' dir='ltr'>cognoverim</span> <span class='ocrx_word' id='word_1_30' title='bbox 1446 448 1485 483; x_wconf 90' lang='lat' dir='ltr'>et</span> <span class='ocrx_word' id='word_1_31' title='bbox 1515 442 1706 484; x_wconf 87' lang='lat' dir='ltr'>sacratis-</span> 
     </span>
     <span class='ocr_line' id='line_1_6' title="bbox 90 499 1705 554; baseline 0 -13"><span class='ocrx_word' id='word_1_32' title='bbox 90 499 214 541; x_wconf 91' lang='lat' dir='ltr'>simus</span> <span class='ocrx_word' id='word_1_33' title='bbox 245 500 338 553; x_wconf 90' lang='lat' dir='ltr'>Imp.</span> <span class='ocrx_word' id='word_1_34' title='bbox 379 500 672 541; x_wconf 81' lang='lat' dir='ltr'>constitutionis</span> <span class='ocrx_word' id='word_1_35' title='bbox 713 513 812 542; x_wconf 89' lang='lat' dir='ltr'>suae</span> <span class='ocrx_word' id='word_1_36' title='bbox 853 512 973 541; x_wconf 88' lang='lat' dir='ltr'>causa</span> <span class='ocrx_word' id='word_1_37' title='bbox 1004 512 1136 553; x_wconf 90' lang='lat' dir='ltr'>neque</span> <span class='ocrx_word' id='word_1_38' title='bbox 1179 502 1336 542; x_wconf 81' lang='lat' dir='ltr'>maximi</span> <span class='ocrx_word' id='word_1_39' title='bbox 1377 514 1507 554; x_wconf 89' lang='lat' dir='ltr'>neque</span> <span class='ocrx_word' id='word_1_40' title='bbox 1546 501 1705 542; x_wconf 80' lang='lat' dir='ltr'>maximi</span> 
     </span>
     <span class='ocr_line' id='line_1_7' title="bbox 91 559 1701 612; baseline 0.002 -15"><span class='ocrx_word' id='word_1_41' title='bbox 91 570 318 600; x_wconf 82' lang='lat' dir='ltr'>mensuram</span> <span class='ocrx_word' id='word_1_42' title='bbox 349 559 438 600; x_wconf 88' lang='lat' dir='ltr'>iniri</span> <span class='ocrx_word' id='word_1_43' title='bbox 470 559 634 600; x_wconf 86' lang='lat' dir='ltr'>iusserit</span> <span class='ocrx_word' id='word_1_44' title='bbox 667 560 703 599; x_wconf 93' lang='lat' dir='ltr'>in</span> <span class='ocrx_word' id='word_1_45' title='bbox 738 573 783 601; x_wconf 89' lang='lat' dir='ltr'>ea</span> <span class='ocrx_word' id='word_1_46' title='bbox 816 560 1006 612; x_wconf 67' lang='lat' dir='ltr'>reqione,</span> <span class='ocrx_word' id='word_1_47' title='bbox 1049 572 1151 612; x_wconf 85' lang='lat' dir='ltr'>quae</span> <span class='ocrx_word' id='word_1_48' title='bbox 1192 560 1274 601; x_wconf 88' lang='lat' dir='ltr'>Iovi</span> <span class='ocrx_word' id='word_1_49' title='bbox 1306 560 1538 601; x_wconf 86' lang='lat' dir='ltr'>Aezanitico</span> <span class='ocrx_word' id='word_1_50' title='bbox 1573 560 1701 601; x_wconf 88' lang='lat' dir='ltr'>dicata</span> 
     </span>
     <span class='ocr_line' id='line_1_8' title="bbox 90 616 1700 671; baseline 0.002 -15"><span class='ocrx_word' id='word_1_51' title='bbox 90 616 251 659; x_wconf 86' lang='lat' dir='ltr'>dicitur:</span> <span class='ocrx_word' id='word_1_52' title='bbox 284 623 337 669; x_wconf 81' lang='lat' dir='ltr'>tu,</span> <span class='ocrx_word' id='word_1_53' title='bbox 369 619 424 658; x_wconf 83' lang='lat' dir='ltr'>mz&#39;</span> <span class='ocrx_word' id='word_1_54' title='bbox 454 617 609 671; x_wconf 80' lang='lat' dir='ltr'>Hesper</span> <span class='ocrx_word' id='word_1_55' title='bbox 640 618 856 669; x_wconf 71' lang='lat' dir='ltr'>carissime,</span> <span class='ocrx_word' id='word_1_56' title='bbox 890 618 1094 671; x_wconf 78' lang='lat' dir='ltr'>explores,</span> <span class='ocrx_word' id='word_1_57' title='bbox 1127 631 1230 671; x_wconf 78' lang='lat' dir='ltr'>quae</span> <span class='ocrx_word' id='word_1_58' title='bbox 1260 620 1431 660; x_wconf 71' lang='lat' dir='ltr'>maximi</span> <span class='ocrx_word' id='word_1_59' title='bbox 1463 619 1560 660; x_wconf 85' lang='lat' dir='ltr'>cleri</span> <span class='ocrx_word' id='word_1_60' title='bbox 1582 632 1700 660; x_wconf 89' lang='lat' dir='ltr'>men-</span> 
     </span>
     <span class='ocr_line' id='line_1_9' title="bbox 90 677 1702 731; baseline 0.002 -15"><span class='ocrx_word' id='word_1_61' title='bbox 90 688 205 726; x_wconf 87' lang='lat' dir='ltr'>sura,</span> <span class='ocrx_word' id='word_1_62' title='bbox 249 688 352 730; x_wconf 89' lang='lat' dir='ltr'>quae</span> <span class='ocrx_word' id='word_1_63' title='bbox 385 677 530 717; x_wconf 86' lang='lat' dir='ltr'>minimi</span> <span class='ocrx_word' id='word_1_64' title='bbox 560 677 599 717; x_wconf 91' lang='lat' dir='ltr'>in</span> <span class='ocrx_word' id='word_1_65' title='bbox 637 678 722 730; x_wconf 91' lang='lat' dir='ltr'>ipsa</span> <span class='ocrx_word' id='word_1_66' title='bbox 754 678 923 731; x_wconf 78' lang='lat' dir='ltr'>regione</span> <span class='ocrx_word' id='word_1_67' title='bbox 965 678 1014 718; x_wconf 92' lang='lat' dir='ltr'>sit</span> <span class='ocrx_word' id='word_1_68' title='bbox 1054 682 1094 718; x_wconf 89' lang='lat' dir='ltr'>et</span> <span class='ocrx_word' id='word_1_69' title='bbox 1124 677 1161 717; x_wconf 90' lang='lat' dir='ltr'>id</span> <span class='ocrx_word' id='word_1_70' title='bbox 1193 683 1329 719; x_wconf 67' lang='lat' dir='ltr'>motum</span> <span class='ocrx_word' id='word_1_71' title='bbox 1361 678 1451 719; x_wconf 83' lang='lat' dir='ltr'>mihi</span> <span class='ocrx_word' id='word_1_72' title='bbox 1482 678 1616 719; x_wconf 84' lang='lat' dir='ltr'>facia-s.</span> <span class='ocrx_word' id='word_1_73' title='bbox 1651 701 1702 708; x_wconf 88' lang='lat'>—</span> 
     </span>
    </p>
   </div>
   <div class='ocr_carea' id='block_1_5' title="bbox 71 736 1702 789">
    <p class='ocr_par' dir='ltr' id='par_1_6' title="bbox 71 736 1702 789">
     <span class='ocr_line' id='line_1_10' title="bbox 71 736 1702 789; baseline 0.002 -15"><span class='ocrx_word' id='word_1_74' title='bbox 71 736 223 775; x_wconf 72' lang='lat' dir='ltr'>&#39;Texier</span> <span class='ocrx_word' id='word_1_75' title='bbox 253 738 483 786; x_wconf 89' lang='lat' dir='ltr'>Description</span> <span class='ocrx_word' id='word_1_76' title='bbox 517 739 562 775; x_wconf 89' lang='lat' dir='ltr'>de</span> <span class='ocrx_word' id='word_1_77' title='bbox 594 737 705 775; x_wconf 76' lang='lat' dir='ltr'>l&#39;Asie</span> <span class='ocrx_word' id='word_1_78' title='bbox 740 740 819 775; x_wconf 89' lang='lat' dir='ltr'>min.</span> <span class='ocrx_word' id='word_1_79' title='bbox 855 739 936 775; x_wconf 92' lang='lat' dir='ltr'>Vol.</span> <span class='ocrx_word' id='word_1_80' title='bbox 964 739 989 775; x_wconf 93' lang='grc' dir='ltr'>Ι.</span> <span class='ocrx_word' id='word_1_81' title='bbox 1018 752 1051 787; x_wconf 88' lang='lat' dir='ltr'>p.</span> <span class='ocrx_word' id='word_1_82' title='bbox 1083 738 1174 776; x_wconf 77' lang='lat'>104.</span> <span class='ocrx_word' id='word_1_83' title='bbox 1204 740 1255 776; x_wconf 84' lang='lat' dir='ltr'>Cf.</span> <span class='ocrx_word' id='word_1_84' title='bbox 1284 751 1389 789; x_wconf 87' lang='lat' dir='ltr'>supra</span> <span class='ocrx_word' id='word_1_85' title='bbox 1426 752 1458 779; x_wconf 87' lang='lat' dir='ltr'>n.</span> <span class='ocrx_word' id='word_1_86' title='bbox 1495 739 1605 776; x_wconf 83' lang='lat'>1706</span> <span class='ocrx_word' id='word_1_87' title='bbox 1638 740 1702 777; x_wconf 89' lang='lat' dir='ltr'>In-</span> 
     </span>
    </p>
   </div>
   <div class='ocr_carea' id='block_1_6' title="bbox 89 797 971 846">
    <p class='ocr_par' dir='ltr' id='par_1_7' title="bbox 89 797 971 846">
     <span class='ocr_line' id='line_1_11' title="bbox 89 797 971 846; baseline 0 -12"><span class='ocrx_word' id='word_1_88' title='bbox 89 797 266 846; x_wconf 87' lang='lat' dir='ltr'>peratoris</span> <span class='ocrx_word' id='word_1_89' title='bbox 298 797 466 834; x_wconf 88' lang='lat' dir='ltr'>Hadriani</span> <span class='ocrx_word' id='word_1_90' title='bbox 498 797 650 846; x_wconf 86' lang='lat' dir='ltr'>epistola</span> <span class='ocrx_word' id='word_1_91' title='bbox 684 798 728 834; x_wconf 88' lang='lat' dir='ltr'>de</span> <span class='ocrx_word' id='word_1_92' title='bbox 763 799 888 835; x_wconf 86' lang='lat' dir='ltr'>eadem</span> <span class='ocrx_word' id='word_1_93' title='bbox 921 810 971 835; x_wconf 90' lang='lat' dir='ltr'>rc.</span> 
     </span>
    </p>
   </div>
   <div class='ocr_carea' id='block_1_7' title="bbox 232 865 1701 980">
    <p class='ocr_par' dir='ltr' id='par_1_8' title="bbox 232 865 1701 980">
     <span class='ocr_line' id='line_1_12' title="bbox 235 865 1563 921; baseline 0.003 -17"><span class='ocrx_word' id='word_1_94' title='bbox 235 867 358 905; x_wconf 83' lang='lat'>1715.</span> <span class='ocrx_word' id='word_1_95' title='bbox 419 865 597 918; x_wconf 81' lang='lat' dir='ltr'>Exempl.</span> <span class='ocrx_word' id='word_1_96' title='bbox 631 866 820 919; x_wconf 82' lang='lat' dir='ltr'>epistulae</span> <span class='ocrx_word' id='word_1_97' title='bbox 853 866 1078 920; x_wconf 80' lang='lat' dir='ltr'>descriptae</span> <span class='ocrx_word' id='word_1_98' title='bbox 1112 867 1254 915; x_wconf 90' lang='lat' dir='ltr'>Quieto</span> <span class='ocrx_word' id='word_1_99' title='bbox 1288 868 1335 908; x_wconf 88' lang='lat' dir='ltr'>ab</span> <span class='ocrx_word' id='word_1_100' title='bbox 1368 867 1563 921; x_wconf 87' lang='lat' dir='ltr'>Hespero.</span> 
     </span>
     <span class='ocr_line' id='line_1_13' title="bbox 232 924 1701 980; baseline 0.001 -15"><span class='ocrx_word' id='word_1_101' title='bbox 232 924 434 973; x_wconf 81' lang='lat' dir='ltr'>Quaedam</span> <span class='ocrx_word' id='word_1_102' title='bbox 466 924 641 979; x_wconf 86' lang='lat' dir='ltr'>negotia,</span> <span class='ocrx_word' id='word_1_103' title='bbox 674 925 852 977; x_wconf 82' lang='lat' dir='ltr'>domine,</span> <span class='ocrx_word' id='word_1_104' title='bbox 884 938 961 966; x_wconf 90' lang='lat' dir='ltr'>non</span> <span class='ocrx_word' id='word_1_105' title='bbox 995 926 1109 966; x_wconf 90' lang='lat' dir='ltr'>aliter</span> <span class='ocrx_word' id='word_1_106' title='bbox 1140 926 1189 967; x_wconf 89' lang='lat' dir='ltr'>ad</span> <span class='ocrx_word' id='word_1_107' title='bbox 1221 927 1560 968; x_wconf 84' lang='lat' dir='ltr'>consumationem</span> <span class='ocrx_word' id='word_1_108' title='bbox 1601 938 1701 980; x_wconf 86' lang='lat' dir='ltr'>per-</span> 
     </span>
    </p>
   </div>
   <div class='ocr_carea' id='block_1_8' title="bbox 79 982 1700 1039">
    <p class='ocr_par' dir='ltr' id='par_1_9' title="bbox 79 982 1700 1039">
     <span class='ocr_line' id='line_1_14' title="bbox 79 982 1700 1039; baseline 0.001 -15"><span class='ocrx_word' id='word_1_109' title='bbox 79 982 182 1034; x_wconf 86' lang='lat' dir='ltr'>duci</span> <span class='ocrx_word' id='word_1_110' title='bbox 212 988 402 1038; x_wconf 85' lang='lat' dir='ltr'>possunt,</span> <span class='ocrx_word' id='word_1_111' title='bbox 446 996 563 1036; x_wconf 87' lang='lat' dir='ltr'>quam</span> <span class='ocrx_word' id='word_1_112' title='bbox 600 984 656 1024; x_wconf 92' lang='lat' dir='ltr'>uti</span> <span class='ocrx_word' id='word_1_113' title='bbox 687 990 849 1037; x_wconf 78' lang='lat' dir='ltr'>recepta</span> <span class='ocrx_word' id='word_1_114' title='bbox 881 997 956 1026; x_wconf 83' lang='lat' dir='ltr'>usu</span> <span class='ocrx_word' id='word_1_115' title='bbox 997 989 1089 1026; x_wconf 91' lang='lat' dir='ltr'>sunt</span> <span class='ocrx_word' id='word_1_116' title='bbox 1129 997 1266 1026; x_wconf 89' lang='lat' dir='ltr'>eorum</span> <span class='ocrx_word' id='word_1_117' title='bbox 1308 986 1446 1039; x_wconf 87' lang='lat' dir='ltr'>pretia.</span> <span class='ocrx_word' id='word_1_118' title='bbox 1493 986 1579 1027; x_wconf 86' lang='lat' dir='ltr'>Hoc</span> <span class='ocrx_word' id='word_1_119' title='bbox 1610 998 1700 1026; x_wconf 92' lang='lat' dir='ltr'>cum</span> 
     </span>
    </p>
   </div>
   <div class='ocr_carea' id='block_1_9' title="bbox 89 1043 1705 1213">
    <p class='ocr_par' dir='ltr' id='par_1_10' title="bbox 89 1043 1705 1213">
     <span class='ocr_line' id='line_1_15' title="bbox 89 1043 1701 1097; baseline 0.001 -14"><span class='ocrx_word' id='word_1_120' title='bbox 89 1043 181 1084; x_wconf 87' lang='lat' dir='ltr'>mihi</span> <span class='ocrx_word' id='word_1_121' title='bbox 211 1043 474 1095; x_wconf 85' lang='lat' dir='ltr'>iniunxisses,</span> <span class='ocrx_word' id='word_1_122' title='bbox 515 1048 557 1083; x_wconf 87' lang='lat' dir='ltr'>ut</span> <span class='ocrx_word' id='word_1_123' title='bbox 589 1043 655 1083; x_wconf 88' lang='lat' dir='ltr'>tibi</span> <span class='ocrx_word' id='word_1_124' title='bbox 688 1044 937 1095; x_wconf 73' lang='lat' dir='ltr'>nuntiarem,</span> <span class='ocrx_word' id='word_1_125' title='bbox 982 1057 1084 1097; x_wconf 87' lang='lat' dir='ltr'>quae</span> <span class='ocrx_word' id='word_1_126' title='bbox 1126 1057 1311 1085; x_wconf 88' lang='lat' dir='ltr'>mensura</span> <span class='ocrx_word' id='word_1_127' title='bbox 1354 1049 1462 1086; x_wconf 89' lang='lat' dir='ltr'>esset</span> <span class='ocrx_word' id='word_1_128' title='bbox 1505 1044 1701 1086; x_wconf 87' lang='lat' dir='ltr'>clerorum</span> 
     </span>
     <span class='ocr_line' id='line_1_16' title="bbox 92 1100 1705 1159; baseline 0.002 -17"><span class='ocrx_word' id='word_1_129' title='bbox 92 1102 198 1142; x_wconf 89' lang='lat' dir='ltr'>cirea</span> <span class='ocrx_word' id='word_1_130' title='bbox 230 1103 439 1156; x_wconf 84' lang='lat' dir='ltr'>regionem</span> <span class='ocrx_word' id='word_1_131' title='bbox 482 1100 773 1154; x_wconf 88' lang='lat' dir='ltr'>Aezaniticam,</span> <span class='ocrx_word' id='word_1_132' title='bbox 816 1102 902 1143; x_wconf 89' lang='lat' dir='ltr'>misi</span> <span class='ocrx_word' id='word_1_133' title='bbox 934 1104 970 1143; x_wconf 89' lang='lat' dir='ltr'>in</span> <span class='ocrx_word' id='word_1_134' title='bbox 1014 1116 1097 1143; x_wconf 82' lang='lat' dir='ltr'>rem</span> <span class='ocrx_word' id='word_1_135' title='bbox 1132 1107 1383 1156; x_wconf 83' lang='lat' dir='ltr'>praesentem</span> <span class='ocrx_word' id='word_1_136' title='bbox 1417 1103 1566 1145; x_wconf 85' lang='lat' dir='ltr'>electos</span> <span class='ocrx_word' id='word_1_137' title='bbox 1597 1116 1705 1159; x_wconf 85' lang='lat' dir='ltr'>geo-</span> 
     </span>
     <span class='ocr_line' id='line_1_17' title="bbox 89 1164 1212 1213; baseline 0 -11"><span class='ocrx_word' id='word_1_138' title='bbox 89 1165 239 1203; x_wconf 80' lang='lat' dir='ltr'>metras</span> <span class='ocrx_word' id='word_1_139' title='bbox 254 1193 360 1202; x_wconf 91' lang='grc'><strong>.....</strong></span> <span class='ocrx_word' id='word_1_140' title='bbox 393 1185 448 1190; x_wconf 84' lang='lat'>——</span> <span class='ocrx_word' id='word_1_141' title='bbox 482 1164 611 1200; x_wconf 85' lang='lat' dir='ltr'>Texier</span> <span class='ocrx_word' id='word_1_142' title='bbox 642 1164 662 1200; x_wconf 93' lang='lat' dir='ltr'>l.</span> <span class='ocrx_word' id='word_1_143' title='bbox 686 1165 708 1210; x_wconf 91' lang='lat' dir='ltr'>l,</span> <span class='ocrx_word' id='word_1_144' title='bbox 740 1177 773 1213; x_wconf 88' lang='lat' dir='ltr'>p.</span> <span class='ocrx_word' id='word_1_145' title='bbox 812 1164 902 1201; x_wconf 87' lang='lat'>105.</span> <span class='ocrx_word' id='word_1_146' title='bbox 937 1165 989 1202; x_wconf 82' lang='lat' dir='ltr'>Cf.</span> <span class='ocrx_word' id='word_1_147' title='bbox 1023 1177 1054 1201; x_wconf 88' lang='lat' dir='ltr'>u.</span> <span class='ocrx_word' id='word_1_148' title='bbox 1091 1164 1212 1202; x_wconf 77' lang='grc'><strong>1706.</strong></span> 
     </span>
    </p>
   </div>
   <div class='ocr_carea' id='block_1_10' title="bbox 89 1231 1708 1758">
    <p class='ocr_par' dir='ltr' id='par_1_11' title="bbox 89 1231 1703 1345">
     <span class='ocr_line' id='line_1_18' title="bbox 235 1231 1703 1289; baseline 0.003 -18"><span class='ocrx_word' id='word_1_149' title='bbox 235 1233 357 1271; x_wconf 85' lang='grc'><strong>1716.</strong></span> <span class='ocrx_word' id='word_1_150' title='bbox 417 1231 651 1284; x_wconf 86' lang='lat' dir='ltr'>Exemplum</span> <span class='ocrx_word' id='word_1_151' title='bbox 683 1233 876 1285; x_wconf 82' lang='lat' dir='ltr'>epistulae</span> <span class='ocrx_word' id='word_1_152' title='bbox 909 1233 964 1273; x_wconf 85' lang='lat' dir='ltr'>Cl.</span> <span class='ocrx_word' id='word_1_153' title='bbox 997 1233 1145 1274; x_wconf 82' lang='lat' dir='ltr'>Paulini</span> <span class='ocrx_word' id='word_1_154' title='bbox 1177 1233 1273 1288; x_wconf 84' lang='lat' dir='ltr'>Leg.</span> <span class='ocrx_word' id='word_1_155' title='bbox 1296 1233 1400 1289; x_wconf 89' lang='lat' dir='ltr'>Aug.</span> <span class='ocrx_word' id='word_1_156' title='bbox 1423 1234 1484 1275; x_wconf 87' lang='lat' dir='ltr'>Pr.</span> <span class='ocrx_word' id='word_1_157' title='bbox 1506 1234 1568 1275; x_wconf 83' lang='lat' dir='ltr'>Pr.</span> <span class='ocrx_word' id='word_1_158' title='bbox 1591 1245 1703 1287; x_wconf 87' lang='lat' dir='ltr'>prov.</span> 
     </span>
     <span class='ocr_line' id='line_1_19' title="bbox 89 1290 1076 1345; baseline -0.002 -13"><span class='ocrx_word' id='word_1_159' title='bbox 89 1290 315 1332; x_wconf 87' lang='lat' dir='ltr'>Britanniae</span> <span class='ocrx_word' id='word_1_160' title='bbox 347 1290 395 1332; x_wconf 89' lang='lat' dir='ltr'>ad</span> <span class='ocrx_word' id='word_1_161' title='bbox 427 1291 612 1332; x_wconf 79' lang='lat' dir='ltr'>Senniuin</span> <span class='ocrx_word' id='word_1_162' title='bbox 645 1291 852 1332; x_wconf 88' lang='lat' dir='ltr'>Sollencm.</span> <span class='ocrx_word' id='word_1_163' title='bbox 895 1291 1076 1345; x_wconf 85' lang='lat' dir='ltr'>Atampo.</span> 
     </span>
    </p>

    <p class='ocr_par' dir='ltr' id='par_1_12' title="bbox 91 1349 1708 1758">
     <span class='ocr_line' id='line_1_20' title="bbox 230 1349 1703 1404; baseline 0.002 -14"><span class='ocrx_word' id='word_1_164' title='bbox 230 1350 340 1391; x_wconf 86' lang='lat' dir='ltr'>Licet</span> <span class='ocrx_word' id='word_1_165' title='bbox 371 1349 483 1404; x_wconf 85' lang='lat' dir='ltr'>plura</span> <span class='ocrx_word' id='word_1_166' title='bbox 518 1351 684 1391; x_wconf 86' lang='lat' dir='ltr'>merenti</span> <span class='ocrx_word' id='word_1_167' title='bbox 717 1351 804 1400; x_wconf 85' lang='lat' dir='ltr'>tibi,</span> <span class='ocrx_word' id='word_1_168' title='bbox 837 1364 857 1391; x_wconf 88' lang='lat' dir='ltr'>a</span> <span class='ocrx_word' id='word_1_169' title='bbox 891 1363 953 1390; x_wconf 87' lang='lat' dir='ltr'>me</span> <span class='ocrx_word' id='word_1_170' title='bbox 988 1364 1113 1404; x_wconf 82' lang='lat' dir='ltr'>pauca</span> <span class='ocrx_word' id='word_1_171' title='bbox 1147 1356 1289 1401; x_wconf 85' lang='lat' dir='ltr'>tamen,</span> <span class='ocrx_word' id='word_1_172' title='bbox 1322 1352 1509 1404; x_wconf 85' lang='lat' dir='ltr'>quoniam</span> <span class='ocrx_word' id='word_1_173' title='bbox 1539 1350 1703 1393; x_wconf 85' lang='lat' dir='ltr'>honoris</span> 
     </span>
     <span class='ocr_line' id='line_1_21' title="bbox 93 1408 1705 1462; baseline 0 -11"><span class='ocrx_word' id='word_1_174' title='bbox 93 1421 214 1451; x_wconf 87' lang='lat' dir='ltr'>causa</span> <span class='ocrx_word' id='word_1_175' title='bbox 247 1408 481 1460; x_wconf 80' lang='lat' dir='ltr'>offeruntur,</span> <span class='ocrx_word' id='word_1_176' title='bbox 517 1409 632 1449; x_wconf 86' lang='lat' dir='ltr'>velim</span> <span class='ocrx_word' id='word_1_177' title='bbox 664 1410 835 1462; x_wconf 87' lang='lat' dir='ltr'>accipias</span> <span class='ocrx_word' id='word_1_178' title='bbox 867 1409 1056 1450; x_wconf 82' lang='lat' dir='ltr'>libenter:</span> <span class='ocrx_word' id='word_1_179' title='bbox 1091 1409 1583 1462; x_wconf 85' lang='lat' dir='ltr'>chlamidemcanusinam,</span> <span class='ocrx_word' id='word_1_180' title='bbox 1615 1409 1705 1451; x_wconf 86' lang='lat' dir='ltr'>dal-</span> 
     </span>
     <span class='ocr_line' id='line_1_22' title="bbox 91 1467 1706 1522; baseline 0.001 -13"><span class='ocrx_word' id='word_1_181' title='bbox 91 1469 269 1509; x_wconf 87' lang='lat' dir='ltr'>maticam</span> <span class='ocrx_word' id='word_1_182' title='bbox 301 1467 551 1519; x_wconf 76' lang='lat' dir='ltr'>laodicicam,</span> <span class='ocrx_word' id='word_1_183' title='bbox 584 1468 741 1508; x_wconf 83' lang='lat' dir='ltr'>fibulam</span> <span class='ocrx_word' id='word_1_184' title='bbox 765 1481 927 1509; x_wconf 85' lang='lat' dir='ltr'>auream</span> <span class='ocrx_word' id='word_1_185' title='bbox 949 1481 1035 1508; x_wconf 82' lang='lat' dir='ltr'>cuin</span> <span class='ocrx_word' id='word_1_186' title='bbox 1058 1469 1237 1522; x_wconf 83' lang='lat' dir='ltr'>gemmis,</span> <span class='ocrx_word' id='word_1_187' title='bbox 1270 1482 1439 1511; x_wconf 83' lang='lat' dir='ltr'>racenas</span> <span class='ocrx_word' id='word_1_188' title='bbox 1472 1469 1584 1521; x_wconf 87' lang='lat' dir='ltr'>duas,</span> <span class='ocrx_word' id='word_1_189' title='bbox 1616 1474 1706 1510; x_wconf 86' lang='lat' dir='ltr'>tos-</span> 
     </span>
     <span class='ocr_line' id='line_1_23' title="bbox 91 1527 1703 1582; baseline 0 -14"><span class='ocrx_word' id='word_1_190' title='bbox 91 1528 190 1569; x_wconf 88' lang='lat' dir='ltr'>siam</span> <span class='ocrx_word' id='word_1_191' title='bbox 223 1527 310 1568; x_wconf 89' lang='lat' dir='ltr'>brit.</span> <span class='ocrx_word' id='word_1_192' title='bbox 343 1527 485 1580; x_wconf 90' lang='lat' dir='ltr'>pellem</span> <span class='ocrx_word' id='word_1_193' title='bbox 528 1527 593 1567; x_wconf 78' lang='lat' dir='ltr'>vit.</span> <span class='ocrx_word' id='word_1_194' title='bbox 628 1528 764 1567; x_wconf 78' lang='lat' dir='ltr'>inarini</span> <span class='ocrx_word' id='word_1_195' title='bbox 807 1528 1014 1568; x_wconf 78' lang='lat' dir='ltr'>semestris</span> <span class='ocrx_word' id='word_1_196' title='bbox 1056 1533 1186 1568; x_wconf 87' lang='lat' dir='ltr'>autem</span> <span class='ocrx_word' id='word_1_197' title='bbox 1219 1528 1426 1582; x_wconf 85' lang='lat' dir='ltr'>epistulam</span> <span class='ocrx_word' id='word_1_198' title='bbox 1469 1529 1535 1569; x_wconf 91' lang='lat' dir='ltr'>ubi</span> <span class='ocrx_word' id='word_1_199' title='bbox 1575 1540 1703 1582; x_wconf 89' lang='lat' dir='ltr'>prope</span> 
     </span>
     <span class='ocr_line' id='line_1_24' title="bbox 96 1586 1708 1640; baseline 0 -13"><span class='ocrx_word' id='word_1_200' title='bbox 96 1586 199 1627; x_wconf 87' lang='lat' dir='ltr'>diem</span> <span class='ocrx_word' id='word_1_201' title='bbox 231 1599 375 1627; x_wconf 81' lang='lat' dir='ltr'>vacare</span> <span class='ocrx_word' id='word_1_202' title='bbox 407 1586 592 1640; x_wconf 84' lang='lat' dir='ltr'>coeperis</span> <span class='ocrx_word' id='word_1_203' title='bbox 634 1587 783 1627; x_wconf 86' lang='lat' dir='ltr'>mittam</span> <span class='ocrx_word' id='word_1_204' title='bbox 826 1587 936 1627; x_wconf 87' lang='lat' dir='ltr'>cuius</span> <span class='ocrx_word' id='word_1_205' title='bbox 979 1587 1137 1628; x_wconf 87' lang='lat' dir='ltr'>militiae</span> <span class='ocrx_word' id='word_1_206' title='bbox 1169 1586 1355 1628; x_wconf 84' lang='lat' dir='ltr'>salarium</span> <span class='ocrx_word' id='word_1_207' title='bbox 1397 1586 1446 1629; x_wconf 87' lang='lat' dir='ltr'>de</span> <span class='ocrx_word' id='word_1_208' title='bbox 1479 1588 1550 1629; x_wconf 87' lang='lat' dir='ltr'>stis</span> <span class='ocrx_word' id='word_1_209' title='bbox 1582 1587 1708 1628; x_wconf 84' lang='lat' dir='ltr'>XXV.</span> 
     </span>
     <span class='ocr_line' id='line_1_25' title="bbox 91 1644 1706 1700; baseline 0 -14"><span class='ocrx_word' id='word_1_210' title='bbox 91 1645 136 1686; x_wconf 92' lang='lat' dir='ltr'>N.</span> <span class='ocrx_word' id='word_1_211' title='bbox 169 1646 208 1686; x_wconf 93' lang='lat' dir='ltr'>in</span> <span class='ocrx_word' id='word_1_212' title='bbox 241 1658 340 1687; x_wconf 89' lang='lat' dir='ltr'>auro</span> <span class='ocrx_word' id='word_1_213' title='bbox 374 1646 546 1698; x_wconf 75' lang='lat' dir='ltr'>suscipe,</span> <span class='ocrx_word' id='word_1_214' title='bbox 581 1645 639 1685; x_wconf 85' lang='lat' dir='ltr'>dis</span> <span class='ocrx_word' id='word_1_215' title='bbox 683 1644 905 1686; x_wconf 65' lang='lat' dir='ltr'>faventibus</span> <span class='ocrx_word' id='word_1_216' title='bbox 949 1650 988 1686; x_wconf 89' lang='lat' dir='ltr'>et</span> <span class='ocrx_word' id='word_1_217' title='bbox 1030 1647 1237 1687; x_wconf 87' lang='lat' dir='ltr'>maiestate</span> <span class='ocrx_word' id='word_1_218' title='bbox 1279 1650 1402 1687; x_wconf 89' lang='lat' dir='ltr'>sanct.</span> <span class='ocrx_word' id='word_1_219' title='bbox 1461 1646 1554 1700; x_wconf 91' lang='lat' dir='ltr'>Imp.</span> <span class='ocrx_word' id='word_1_220' title='bbox 1588 1645 1706 1687; x_wconf 90' lang='lat' dir='ltr'>dein-</span> 
     </span>
     <span class='ocr_line' id='line_1_26' title="bbox 94 1704 1706 1758; baseline 0 -13"><span class='ocrx_word' id='word_1_221' title='bbox 94 1717 190 1758; x_wconf 88' lang='lat' dir='ltr'>ceps</span> <span class='ocrx_word' id='word_1_222' title='bbox 221 1705 448 1758; x_wconf 87' lang='lat' dir='ltr'>promeritis</span> <span class='ocrx_word' id='word_1_223' title='bbox 481 1704 715 1745; x_wconf 86' lang='lat' dir='ltr'>adfectionis</span> <span class='ocrx_word' id='word_1_224' title='bbox 748 1705 873 1758; x_wconf 81' lang='lat' dir='ltr'>inagis</span> <span class='ocrx_word' id='word_1_225' title='bbox 906 1704 1024 1758; x_wconf 87' lang='lat' dir='ltr'>digna</span> <span class='ocrx_word' id='word_1_226' title='bbox 1057 1710 1346 1747; x_wconf 87' lang='lat' dir='ltr'>consecuturus</span> <span class='ocrx_word' id='word_1_227' title='bbox 1389 1705 1616 1747; x_wconf 89' lang='lat' dir='ltr'>concordia.</span> <span class='ocrx_word' id='word_1_228' title='bbox 1650 1729 1706 1735; x_wconf 89' lang='lat'>-—</span> 
     </span>
    </p>
   </div>
   <div class='ocr_carea' id='block_1_11' title="bbox 50 1766 1702 1814">
    <p class='ocr_par' dir='ltr' id='par_1_13' title="bbox 50 1766 1702 1814">
     <span class='ocr_line' id='line_1_27' title="bbox 50 1766 1702 1814; baseline 0.001 -11"><span class='ocrx_word' id='word_1_229' title='bbox 50 1770 53 1773; x_wconf 78' lang='grc'>’</span> <span class='ocrx_word' id='word_1_230' title='bbox 89 1766 129 1803; x_wconf 89' lang='lat' dir='ltr'>In</span> <span class='ocrx_word' id='word_1_231' title='bbox 161 1766 236 1803; x_wconf 89' lang='lat' dir='ltr'>basi</span> <span class='ocrx_word' id='word_1_232' title='bbox 267 1778 466 1803; x_wconf 87' lang='lat' dir='ltr'>marmorea</span> <span class='ocrx_word' id='word_1_233' title='bbox 499 1770 637 1802; x_wconf 81' lang='lat' dir='ltr'>statuae</span> <span class='ocrx_word' id='word_1_234' title='bbox 669 1766 884 1803; x_wconf 82' lang='lat' dir='ltr'>lionorariae</span> <span class='ocrx_word' id='word_1_235' title='bbox 917 1767 1037 1803; x_wconf 88' lang='lat' dir='ltr'>Sennii</span> <span class='ocrx_word' id='word_1_236' title='bbox 1069 1768 1268 1814; x_wconf 77' lang='lat' dir='ltr'>Solemnis,</span> <span class='ocrx_word' id='word_1_237' title='bbox 1312 1767 1389 1804; x_wconf 91' lang='lat' dir='ltr'>sive</span> <span class='ocrx_word' id='word_1_238' title='bbox 1420 1766 1455 1804; x_wconf 92' lang='lat' dir='ltr'>in</span> <span class='ocrx_word' id='word_1_239' title='bbox 1489 1767 1564 1804; x_wconf 88' lang='lat' dir='ltr'>basi</span> <span class='ocrx_word' id='word_1_240' title='bbox 1595 1767 1702 1804; x_wconf 87' lang='lat' dir='ltr'>Tori-</span> 
     </span>
    </p>
   </div>
   <div class='ocr_carea' id='block_1_12' title="bbox 90 1819 1703 1877">
    <p class='ocr_par' dir='ltr' id='par_1_14' title="bbox 90 1819 1703 1877">
     <span class='ocr_line' id='line_1_28' title="bbox 90 1819 1703 1877; baseline 0 -15"><span class='ocrx_word' id='word_1_241' title='bbox 90 1825 250 1862; x_wconf 87' lang='lat' dir='ltr'>niacensi</span> <span class='ocrx_word' id='word_1_242' title='bbox 281 1820 352 1877; x_wconf 81' lang='lat' dir='ltr'>[de</span> <span class='ocrx_word' id='word_1_243' title='bbox 382 1819 572 1876; x_wconf 78' lang='lat' dir='ltr'>Torigny)</span> <span class='ocrx_word' id='word_1_244' title='bbox 607 1825 651 1861; x_wconf 89' lang='lat' dir='ltr'>de</span> <span class='ocrx_word' id='word_1_245' title='bbox 683 1837 750 1873; x_wconf 84' lang='lat' dir='ltr'>qua</span> <span class='ocrx_word' id='word_1_246' title='bbox 784 1825 825 1862; x_wconf 88' lang='lat' dir='ltr'>V.</span> <span class='ocrx_word' id='word_1_247' title='bbox 855 1837 960 1874; x_wconf 85' lang='lat' dir='ltr'>supra</span> <span class='ocrx_word' id='word_1_248' title='bbox 990 1838 1021 1862; x_wconf 92' lang='lat' dir='ltr'>n.</span> <span class='ocrx_word' id='word_1_249' title='bbox 1054 1825 1175 1863; x_wconf 84' lang='grc'><strong>1640.</strong></span> <span class='ocrx_word' id='word_1_250' title='bbox 1206 1827 1327 1863; x_wconf 86' lang='lat' dir='ltr'>Secuti</span> <span class='ocrx_word' id='word_1_251' title='bbox 1353 1838 1472 1863; x_wconf 83' lang='lat' dir='ltr'>sumus</span> <span class='ocrx_word' id='word_1_252' title='bbox 1501 1826 1703 1874; x_wconf 85' lang='lat' dir='ltr'>exemplum</span> 
     </span>
    </p>
   </div>
   <div class='ocr_carea' id='block_1_13' title="bbox 90 1879 1703 1995">
    <p class='ocr_par' dir='ltr' id='par_1_15' title="bbox 90 1879 1703 1995">
     <span class='ocr_line' id='line_1_29' title="bbox 90 1879 1703 1995; baseline 0 -73"><span class='ocrx_word' id='word_1_253' title='bbox 90 1884 462 1995; x_wconf 66' lang='lat' dir='ltr'>Eduardi]Lamberti</span> <span class='ocrx_word' id='word_1_254' title='bbox 495 1879 709 1936; x_wconf 77' lang='lat' dir='ltr'>[Memoires</span> <span class='ocrx_word' id='word_1_255' title='bbox 752 1885 814 1921; x_wconf 89' lang='lat' dir='ltr'>des</span> <span class='ocrx_word' id='word_1_256' title='bbox 848 1884 1063 1933; x_wconf 77' lang='lat' dir='ltr'>antiquaires</span> <span class='ocrx_word' id='word_1_257' title='bbox 1096 1885 1139 1921; x_wconf 90' lang='lat' dir='ltr'>de</span> <span class='ocrx_word' id='word_1_258' title='bbox 1171 1885 1397 1923; x_wconf 84' lang='lat' dir='ltr'>Normandie.</span> <span class='ocrx_word' id='word_1_259' title='bbox 1464 1885 1585 1922; x_wconf 78' lang='lat'>1833.</span> <span class='ocrx_word' id='word_1_260' title='bbox 1617 1886 1642 1921; x_wconf 92' lang='grc' dir='ltr'>Ι.</span> <span class='ocrx_word' id='word_1_261' title='bbox 1677 1885 1703 1922; x_wconf 90' lang='grc' dir='ltr'>Ι.</span> 
     </span>
     <span class='ocr_line' id='line_1_30' title="bbox 90 1943 252 1993; baseline -0.006 -12"><span class='ocrx_word' id='word_1_262' title='bbox 90 1956 124 1993; x_wconf 90' lang='lat' dir='ltr'>p.</span> <span class='ocrx_word' id='word_1_263' title='bbox 157 1943 252 1981; x_wconf 83' lang='lat'>341.</span> 
     </span>
    </p>
   </div>
   <div class='ocr_carea' id='block_1_14' title="bbox 90 2010 1706 2539">
    <p class='ocr_par' dir='ltr' id='par_1_16' title="bbox 90 2010 1705 2126">
     <span class='ocr_line' id='line_1_31' title="bbox 235 2010 1705 2066; baseline 0.001 -16"><span class='ocrx_word' id='word_1_264' title='bbox 235 2014 358 2052; x_wconf 90' lang='grc'><strong>1717.</strong></span> <span class='ocrx_word' id='word_1_265' title='bbox 418 2011 652 2066; x_wconf 77' lang='lat' dir='ltr'>Exemplum</span> <span class='ocrx_word' id='word_1_266' title='bbox 675 2012 866 2066; x_wconf 83' lang='lat' dir='ltr'>epistulae</span> <span class='ocrx_word' id='word_1_267' title='bbox 887 2011 1030 2052; x_wconf 89' lang='lat' dir='ltr'>Aedini</span> <span class='ocrx_word' id='word_1_268' title='bbox 1051 2012 1187 2053; x_wconf 90' lang='lat' dir='ltr'>luliani</span> <span class='ocrx_word' id='word_1_269' title='bbox 1218 2012 1413 2054; x_wconf 81' lang='lat' dir='ltr'>Praefecti</span> <span class='ocrx_word' id='word_1_270' title='bbox 1440 2011 1626 2066; x_wconf 87' lang='lat' dir='ltr'>praetorii</span> <span class='ocrx_word' id='word_1_271' title='bbox 1655 2010 1705 2053; x_wconf 89' lang='lat' dir='ltr'>ad</span> 
     </span>
     <span class='ocr_line' id='line_1_32' title="bbox 90 2070 1257 2126; baseline -0.002 -13"><span class='ocrx_word' id='word_1_272' title='bbox 90 2070 251 2113; x_wconf 86' lang='lat' dir='ltr'>Badium</span> <span class='ocrx_word' id='word_1_273' title='bbox 286 2070 541 2112; x_wconf 86' lang='lat' dir='ltr'>Comnianum</span> <span class='ocrx_word' id='word_1_274' title='bbox 573 2071 600 2111; x_wconf 92' lang='lat' dir='ltr'>P</span> <span class='ocrx_word' id='word_1_275' title='bbox 615 2102 715 2111; x_wconf 92' lang='lat'>.....</span> <span class='ocrx_word' id='word_1_276' title='bbox 748 2073 849 2112; x_wconf 80' lang='lat' dir='ltr'>viee.</span> <span class='ocrx_word' id='word_1_277' title='bbox 912 2071 1108 2112; x_wconf 87' lang='lat' dir='ltr'>Praesidis</span> <span class='ocrx_word' id='word_1_278' title='bbox 1141 2084 1257 2126; x_wconf 88' lang='lat' dir='ltr'>agen.</span> 
     </span>
    </p>

    <p class='ocr_par' dir='ltr' id='par_1_17' title="bbox 234 2129 1142 2171">
     <span class='ocr_line' id='line_1_33' title="bbox 234 2129 1142 2171; baseline -0.001 -1"><span class='ocrx_word' id='word_1_279' title='bbox 234 2129 425 2171; x_wconf 90' lang='lat' dir='ltr'>Aedinius</span> <span class='ocrx_word' id='word_1_280' title='bbox 455 2129 641 2171; x_wconf 85' lang='lat' dir='ltr'>Iulianius</span> <span class='ocrx_word' id='word_1_281' title='bbox 672 2129 794 2171; x_wconf 86' lang='lat' dir='ltr'>Badio</span> <span class='ocrx_word' id='word_1_282' title='bbox 827 2129 1040 2171; x_wconf 82' lang='lat' dir='ltr'>Gomniano</span> <span class='ocrx_word' id='word_1_283' title='bbox 1072 2130 1142 2171; x_wconf 86' lang='lat' dir='ltr'>sal.</span> 
     </span>
    </p>

    <p class='ocr_par' dir='ltr' id='par_1_18' title="bbox 92 2187 1706 2539">
     <span class='ocr_line' id='line_1_34' title="bbox 230 2187 1703 2244; baseline -0.001 -14"><span class='ocrx_word' id='word_1_284' title='bbox 230 2190 273 2231; x_wconf 92' lang='lat' dir='ltr'>In</span> <span class='ocrx_word' id='word_1_285' title='bbox 294 2190 498 2243; x_wconf 85' lang='lat' dir='ltr'>provincia</span> <span class='ocrx_word' id='word_1_286' title='bbox 521 2188 757 2244; x_wconf 87' lang='lat' dir='ltr'>lugdunens.</span> <span class='ocrx_word' id='word_1_287' title='bbox 820 2189 857 2231; x_wconf 86' lang='lat' dir='ltr'>S.</span> <span class='ocrx_word' id='word_1_288' title='bbox 891 2190 1065 2242; x_wconf 87' lang='lat' dir='ltr'>quinque</span> <span class='ocrx_word' id='word_1_289' title='bbox 1098 2189 1264 2231; x_wconf 78' lang='lat' dir='ltr'>l&#39;ascalict</span> <span class='ocrx_word' id='word_1_290' title='bbox 1297 2202 1386 2229; x_wconf 79' lang='lat' dir='ltr'>cum</span> <span class='ocrx_word' id='word_1_291' title='bbox 1417 2200 1578 2242; x_wconf 88' lang='lat' dir='ltr'>agerem</span> <span class='ocrx_word' id='word_1_292' title='bbox 1610 2187 1703 2241; x_wconf 87' lang='lat' dir='ltr'>ple-</span> 
     </span>
     <span class='ocr_line' id='line_1_35' title="bbox 92 2246 1706 2302; baseline -0.002 -11"><span class='ocrx_word' id='word_1_293' title='bbox 92 2260 244 2302; x_wconf 84' lang='lat' dir='ltr'>rosque</span> <span class='ocrx_word' id='word_1_294' title='bbox 276 2249 405 2290; x_wconf 90' lang='lat' dir='ltr'>bonos</span> <span class='ocrx_word' id='word_1_295' title='bbox 439 2249 546 2290; x_wconf 89' lang='lat' dir='ltr'>viros</span> <span class='ocrx_word' id='word_1_296' title='bbox 586 2249 799 2302; x_wconf 84' lang='lat' dir='ltr'>perspexi,</span> <span class='ocrx_word' id='word_1_297' title='bbox 840 2249 1044 2301; x_wconf 77' lang='lat' dir='ltr'>intorques</span> <span class='ocrx_word' id='word_1_298' title='bbox 1087 2248 1314 2289; x_wconf 87' lang='lat' dir='ltr'>Solemnem</span> <span class='ocrx_word' id='word_1_299' title='bbox 1346 2249 1462 2289; x_wconf 88' lang='lat' dir='ltr'>istum</span> <span class='ocrx_word' id='word_1_300' title='bbox 1496 2246 1706 2288; x_wconf 87' lang='lat' dir='ltr'>oriundum</span> 
     </span>
     <span class='ocr_line' id='line_1_36' title="bbox 94 2306 1706 2360; baseline -0.002 -11"><span class='ocrx_word' id='word_1_301' title='bbox 94 2321 146 2349; x_wconf 85' lang='lat' dir='ltr'>ex</span> <span class='ocrx_word' id='word_1_302' title='bbox 177 2308 335 2349; x_wconf 85' lang='lat' dir='ltr'>civitate</span> <span class='ocrx_word' id='word_1_303' title='bbox 366 2307 503 2349; x_wconf 80' lang='lat' dir='ltr'>Viduo.</span> <span class='ocrx_word' id='word_1_304' title='bbox 536 2306 808 2358; x_wconf 86' lang='lat' dir='ltr'>sacerdotem,</span> <span class='ocrx_word' id='word_1_305' title='bbox 841 2320 960 2360; x_wconf 90' lang='lat' dir='ltr'>quem</span> <span class='ocrx_word' id='word_1_306' title='bbox 990 2312 1154 2360; x_wconf 86' lang='lat' dir='ltr'>propter</span> <span class='ocrx_word' id='word_1_307' title='bbox 1185 2312 1360 2359; x_wconf 85' lang='lat' dir='ltr'>sectam,</span> <span class='ocrx_word' id='word_1_308' title='bbox 1400 2306 1634 2360; x_wconf 87' lang='lat' dir='ltr'>gravitatem</span> <span class='ocrx_word' id='word_1_309' title='bbox 1665 2310 1706 2346; x_wconf 88' lang='lat' dir='ltr'>et</span> 
     </span>
     <span class='ocr_line' id='line_1_37' title="bbox 92 2364 1705 2419; baseline -0.001 -12"><span class='ocrx_word' id='word_1_310' title='bbox 92 2366 286 2409; x_wconf 85' lang='lat' dir='ltr'>honestos</span> <span class='ocrx_word' id='word_1_311' title='bbox 318 2379 450 2408; x_wconf 88' lang='lat' dir='ltr'>mores</span> <span class='ocrx_word' id='word_1_312' title='bbox 482 2379 616 2407; x_wconf 90' lang='lat' dir='ltr'>amare</span> <span class='ocrx_word' id='word_1_313' title='bbox 648 2367 775 2419; x_wconf 90' lang='lat' dir='ltr'>coepi.</span> <span class='ocrx_word' id='word_1_314' title='bbox 838 2366 904 2406; x_wconf 88' lang='lat' dir='ltr'>llis</span> <span class='ocrx_word' id='word_1_315' title='bbox 936 2365 1110 2418; x_wconf 84' lang='lat' dir='ltr'>accedit,</span> <span class='ocrx_word' id='word_1_316' title='bbox 1143 2365 1249 2418; x_wconf 86' lang='lat' dir='ltr'>quod</span> <span class='ocrx_word' id='word_1_317' title='bbox 1281 2378 1368 2407; x_wconf 92' lang='lat' dir='ltr'>eum</span> <span class='ocrx_word' id='word_1_318' title='bbox 1401 2364 1565 2406; x_wconf 89' lang='lat' dir='ltr'>Claudio</span> <span class='ocrx_word' id='word_1_319' title='bbox 1598 2365 1705 2405; x_wconf 88' lang='lat' dir='ltr'>Pau-</span> 
     </span>
     <span class='ocr_line' id='line_1_38' title="bbox 93 2423 1703 2477; baseline -0.002 -11"><span class='ocrx_word' id='word_1_320' title='bbox 93 2425 173 2468; x_wconf 92' lang='lat' dir='ltr'>lino</span> <span class='ocrx_word' id='word_1_321' title='bbox 212 2425 417 2467; x_wconf 89' lang='lat' dir='ltr'>decessori</span> <span class='ocrx_word' id='word_1_322' title='bbox 456 2438 545 2466; x_wconf 88' lang='lat' dir='ltr'>meo</span> <span class='ocrx_word' id='word_1_323' title='bbox 589 2425 626 2465; x_wconf 93' lang='lat' dir='ltr'>in</span> <span class='ocrx_word' id='word_1_324' title='bbox 658 2425 826 2466; x_wconf 87' lang='lat' dir='ltr'>concilio</span> <span class='ocrx_word' id='word_1_325' title='bbox 868 2423 1077 2465; x_wconf 86' lang='lat' dir='ltr'>Galliarum</span> <span class='ocrx_word' id='word_1_326' title='bbox 1117 2425 1303 2466; x_wconf 88' lang='lat' dir='ltr'>instinctu</span> <span class='ocrx_word' id='word_1_327' title='bbox 1345 2437 1517 2477; x_wconf 88' lang='lat' dir='ltr'>quorum</span> <span class='ocrx_word' id='word_1_328' title='bbox 1557 2423 1624 2475; x_wconf 90' lang='lat' dir='ltr'>qui</span> <span class='ocrx_word' id='word_1_329' title='bbox 1655 2423 1703 2463; x_wconf 89' lang='lat' dir='ltr'>ab</span> 
     </span>
     <span class='ocr_line' id='line_1_39' title="bbox 96 2482 1701 2539; baseline -0.002 -13"><span class='ocrx_word' id='word_1_330' title='bbox 96 2497 145 2526; x_wconf 88' lang='lat' dir='ltr'>eo</span> <span class='ocrx_word' id='word_1_331' title='bbox 176 2489 342 2539; x_wconf 89' lang='lat' dir='ltr'>propter</span> <span class='ocrx_word' id='word_1_332' title='bbox 370 2485 508 2525; x_wconf 87' lang='lat' dir='ltr'>merita</span> <span class='ocrx_word' id='word_1_333' title='bbox 550 2496 621 2525; x_wconf 88' lang='lat' dir='ltr'>sua</span> <span class='ocrx_word' id='word_1_334' title='bbox 662 2483 764 2524; x_wconf 88' lang='lat' dir='ltr'>laedi</span> <span class='ocrx_word' id='word_1_335' title='bbox 797 2482 1030 2523; x_wconf 90' lang='lat' dir='ltr'>videbantur</span> <span class='ocrx_word' id='word_1_336' title='bbox 1062 2484 1176 2536; x_wconf 84' lang='lat' dir='ltr'>quasi</span> <span class='ocrx_word' id='word_1_337' title='bbox 1208 2497 1259 2524; x_wconf 85' lang='lat' dir='ltr'>ex</span> <span class='ocrx_word' id='word_1_338' title='bbox 1291 2495 1491 2525; x_wconf 90' lang='lat' dir='ltr'>consensu</span> <span class='ocrx_word' id='word_1_339' title='bbox 1524 2482 1701 2535; x_wconf 87' lang='lat' dir='ltr'>provinc.</span> 
     </span>
    </p>
   </div>
   <div class='ocr_carea' id='block_1_15' title="bbox 67 2541 1705 2595">
    <p class='ocr_par' dir='ltr' id='par_1_19' title="bbox 67 2541 1705 2595">
     <span class='ocr_line' id='line_1_40' title="bbox 67 2541 1705 2595; baseline -0.002 -10"><span class='ocrx_word' id='word_1_340' title='bbox 67 2545 389 2585; x_wconf 85' lang='lat' dir='ltr'>‘accusationem</span> <span class='ocrx_word' id='word_1_341' title='bbox 414 2544 621 2584; x_wconf 88' lang='lat' dir='ltr'>instituere</span> <span class='ocrx_word' id='word_1_342' title='bbox 654 2547 866 2593; x_wconf 75' lang='lat' dir='ltr'>tentarunt,</span> <span class='ocrx_word' id='word_1_343' title='bbox 898 2541 1105 2583; x_wconf 85' lang='lat' dir='ltr'>Sollemnis</span> <span class='ocrx_word' id='word_1_344' title='bbox 1137 2543 1211 2583; x_wconf 91' lang='lat' dir='ltr'>iste</span> <span class='ocrx_word' id='word_1_345' title='bbox 1243 2554 1356 2583; x_wconf 86' lang='lat' dir='ltr'>meus</span> <span class='ocrx_word' id='word_1_346' title='bbox 1387 2541 1592 2595; x_wconf 88' lang='lat' dir='ltr'>proposito</span> <span class='ocrx_word' id='word_1_347' title='bbox 1625 2553 1705 2582; x_wconf 85' lang='lat' dir='ltr'>eo-</span> 
     </span>
    </p>
   </div>
   <div class='ocr_carea' id='block_1_16' title="bbox 96 2599 1707 2997">
    <p class='ocr_par' dir='ltr' id='par_1_20' title="bbox 96 2599 1707 2997">
     <span class='ocr_line' id='line_1_41' title="bbox 96 2599 1707 2656; baseline -0.002 -13"><span class='ocrx_word' id='word_1_348' title='bbox 96 2615 183 2644; x_wconf 88' lang='lat' dir='ltr'>rum</span> <span class='ocrx_word' id='word_1_349' title='bbox 203 2603 346 2644; x_wconf 88' lang='lat' dir='ltr'>restitit</span> <span class='ocrx_word' id='word_1_350' title='bbox 367 2603 653 2656; x_wconf 85' lang='lat' dir='ltr'>provocatione</span> <span class='ocrx_word' id='word_1_351' title='bbox 676 2601 826 2642; x_wconf 85' lang='lat' dir='ltr'>seilicet</span> <span class='ocrx_word' id='word_1_352' title='bbox 849 2601 1057 2641; x_wconf 81' lang='lat' dir='ltr'>interiecta</span> <span class='ocrx_word' id='word_1_353' title='bbox 1079 2600 1185 2654; x_wconf 82' lang='lat' dir='ltr'>quod</span> <span class='ocrx_word' id='word_1_354' title='bbox 1207 2602 1333 2654; x_wconf 87' lang='lat' dir='ltr'>patria</span> <span class='ocrx_word' id='word_1_355' title='bbox 1365 2602 1449 2641; x_wconf 89' lang='lat' dir='ltr'>eius</span> <span class='ocrx_word' id='word_1_356' title='bbox 1482 2612 1569 2640; x_wconf 91' lang='lat' dir='ltr'>cum</span> <span class='ocrx_word' id='word_1_357' title='bbox 1601 2599 1707 2640; x_wconf 84' lang='lat' dir='ltr'>inter</span> 
     </span>
     <span class='ocr_line' id='line_1_42' title="bbox 97 2658 1704 2715; baseline -0.001 -14"><span class='ocrx_word' id='word_1_358' title='bbox 97 2666 250 2703; x_wconf 82' lang='lat' dir='ltr'>ceteros</span> <span class='ocrx_word' id='word_1_359' title='bbox 281 2663 454 2715; x_wconf 86' lang='lat' dir='ltr'>legatum</span> <span class='ocrx_word' id='word_1_360' title='bbox 488 2673 578 2701; x_wconf 89' lang='lat' dir='ltr'>eum</span> <span class='ocrx_word' id='word_1_361' title='bbox 609 2665 788 2701; x_wconf 88' lang='lat' dir='ltr'>creasset</span> <span class='ocrx_word' id='word_1_362' title='bbox 821 2659 912 2699; x_wconf 83' lang='lat' dir='ltr'>nihil</span> <span class='ocrx_word' id='word_1_363' title='bbox 949 2659 1000 2700; x_wconf 86' lang='lat' dir='ltr'>de</span> <span class='ocrx_word' id='word_1_364' title='bbox 1026 2660 1281 2702; x_wconf 85' lang='lat' dir='ltr'>accusatione</span> <span class='ocrx_word' id='word_1_365' title='bbox 1308 2659 1561 2700; x_wconf 85' lang='lat' dir='ltr'>mandassent</span> <span class='ocrx_word' id='word_1_366' title='bbox 1584 2658 1704 2700; x_wconf 90' lang='lat' dir='ltr'>immo</span> 
     </span>
     <span class='ocr_line' id='line_1_43' title="bbox 98 2717 1706 2770; baseline -0.001 -10"><span class='ocrx_word' id='word_1_367' title='bbox 98 2724 235 2762; x_wconf 87' lang='lat' dir='ltr'>contra</span> <span class='ocrx_word' id='word_1_368' title='bbox 264 2719 505 2761; x_wconf 78' lang='lat' dir='ltr'>laudassem.</span> <span class='ocrx_word' id='word_1_369' title='bbox 567 2719 652 2767; x_wconf 85' lang='lat' dir='ltr'>Qua</span> <span class='ocrx_word' id='word_1_370' title='bbox 683 2719 836 2759; x_wconf 88' lang='lat' dir='ltr'>ratione</span> <span class='ocrx_word' id='word_1_371' title='bbox 868 2717 1054 2759; x_wconf 83' lang='lat' dir='ltr'>effectum</span> <span class='ocrx_word' id='word_1_372' title='bbox 1086 2724 1170 2770; x_wconf 88' lang='lat' dir='ltr'>est,</span> <span class='ocrx_word' id='word_1_373' title='bbox 1210 2724 1254 2760; x_wconf 91' lang='lat' dir='ltr'>ut</span> <span class='ocrx_word' id='word_1_374' title='bbox 1284 2730 1422 2760; x_wconf 88' lang='lat' dir='ltr'>omnes</span> <span class='ocrx_word' id='word_1_375' title='bbox 1453 2717 1503 2757; x_wconf 87' lang='lat' dir='ltr'>ab</span> <span class='ocrx_word' id='word_1_376' title='bbox 1533 2729 1706 2759; x_wconf 86' lang='lat' dir='ltr'>accusa-</span> 
     </span>
     <span class='ocr_line' id='line_1_44' title="bbox 98 2777 1704 2830; baseline -0.001 -12"><span class='ocrx_word' id='word_1_377' title='bbox 98 2778 204 2819; x_wconf 89' lang='lat' dir='ltr'>tione</span> <span class='ocrx_word' id='word_1_378' title='bbox 235 2778 484 2820; x_wconf 85' lang='lat' dir='ltr'>desisterent.</span> <span class='ocrx_word' id='word_1_379' title='bbox 533 2778 659 2826; x_wconf 85' lang='lat' dir='ltr'>Quem</span> <span class='ocrx_word' id='word_1_380' title='bbox 690 2778 814 2830; x_wconf 86' lang='lat' dir='ltr'>magis</span> <span class='ocrx_word' id='word_1_381' title='bbox 842 2777 1048 2830; x_wconf 86' lang='lat' dir='ltr'>magisque</span> <span class='ocrx_word' id='word_1_382' title='bbox 1069 2790 1202 2819; x_wconf 87' lang='lat' dir='ltr'>amare</span> <span class='ocrx_word' id='word_1_383' title='bbox 1221 2782 1262 2818; x_wconf 90' lang='lat' dir='ltr'>et</span> <span class='ocrx_word' id='word_1_384' title='bbox 1288 2777 1550 2830; x_wconf 74' lang='lat' dir='ltr'>comprobare</span> <span class='ocrx_word' id='word_1_385' title='bbox 1573 2777 1704 2829; x_wconf 89' lang='lat' dir='ltr'>coepi,</span> 
     </span>
     <span class='ocr_line' id='line_1_45' title="bbox 99 2834 1704 2890; baseline 0 -14"><span class='ocrx_word' id='word_1_386' title='bbox 99 2836 133 2877; x_wconf 94' lang='lat' dir='ltr'>is</span> <span class='ocrx_word' id='word_1_387' title='bbox 164 2841 296 2879; x_wconf 85' lang='lat' dir='ltr'>certus</span> <span class='ocrx_word' id='word_1_388' title='bbox 327 2837 493 2880; x_wconf 88' lang='lat' dir='ltr'>honoris</span> <span class='ocrx_word' id='word_1_389' title='bbox 525 2837 604 2877; x_wconf 89' lang='lat' dir='ltr'>mei</span> <span class='ocrx_word' id='word_1_390' title='bbox 634 2848 735 2890; x_wconf 81' lang='lat' dir='ltr'>erga</span> <span class='ocrx_word' id='word_1_391' title='bbox 765 2848 853 2876; x_wconf 84' lang='lat' dir='ltr'>eum</span> <span class='ocrx_word' id='word_1_392' title='bbox 894 2834 943 2876; x_wconf 88' lang='lat' dir='ltr'>ad</span> <span class='ocrx_word' id='word_1_393' title='bbox 984 2835 1197 2877; x_wconf 87' lang='lat' dir='ltr'>videndum</span> <span class='ocrx_word' id='word_1_394' title='bbox 1237 2848 1301 2876; x_wconf 88' lang='lat' dir='ltr'>me</span> <span class='ocrx_word' id='word_1_395' title='bbox 1332 2836 1372 2875; x_wconf 94' lang='lat' dir='ltr'>in</span> <span class='ocrx_word' id='word_1_396' title='bbox 1411 2835 1552 2876; x_wconf 87' lang='lat' dir='ltr'>urbem</span> <span class='ocrx_word' id='word_1_397' title='bbox 1583 2836 1704 2876; x_wconf 86' lang='lat' dir='ltr'>venit.</span> 
     </span>
     <span class='ocr_line' id='line_1_46' title="bbox 100 2892 1704 2950; baseline 0.001 -16"><span class='ocrx_word' id='word_1_398' title='bbox 100 2893 359 2938; x_wconf 87' lang='lat' dir='ltr'>Proficiscens</span> <span class='ocrx_word' id='word_1_399' title='bbox 389 2896 509 2950; x_wconf 88' lang='lat' dir='ltr'>petit,</span> <span class='ocrx_word' id='word_1_400' title='bbox 550 2899 594 2936; x_wconf 91' lang='lat' dir='ltr'>ut</span> <span class='ocrx_word' id='word_1_401' title='bbox 639 2907 728 2935; x_wconf 88' lang='lat' dir='ltr'>eum</span> <span class='ocrx_word' id='word_1_402' title='bbox 758 2894 813 2935; x_wconf 89' lang='lat' dir='ltr'>ibi</span> <span class='ocrx_word' id='word_1_403' title='bbox 844 2893 1175 2936; x_wconf 87' lang='lat' dir='ltr'>commendarem.</span> <span class='ocrx_word' id='word_1_404' title='bbox 1236 2895 1360 2936; x_wconf 88' lang='lat' dir='ltr'>Recte</span> <span class='ocrx_word' id='word_1_405' title='bbox 1391 2893 1526 2947; x_wconf 86' lang='lat' dir='ltr'>itaque</span> <span class='ocrx_word' id='word_1_406' title='bbox 1555 2892 1704 2936; x_wconf 87' lang='lat' dir='ltr'>feceris</span> 
     </span>
     <span class='ocr_line' id='line_1_47' title="bbox 101 2951 1704 2997; baseline 0 -3"><span class='ocrx_word' id='word_1_407' title='bbox 101 2951 136 2994; x_wconf 91' lang='lat' dir='ltr'>si</span> <span class='ocrx_word' id='word_1_408' title='bbox 166 2951 363 2997; x_wconf 86' lang='lat' dir='ltr'>desiderio</span> <span class='ocrx_word' id='word_1_409' title='bbox 391 2955 493 2997; x_wconf 90' lang='lat' dir='ltr'>illius</span> <span class='ocrx_word' id='word_1_410' title='bbox 533 2952 719 2997; x_wconf 82' lang='lat' dir='ltr'>adnueris</span> <span class='ocrx_word' id='word_1_411' title='bbox 772 2957 812 2995; x_wconf 82' lang='lat' dir='ltr'>et</span> <span class='ocrx_word' id='word_1_412' title='bbox 841 2952 887 2996; x_wconf 91' lang='lat' dir='ltr'>R.</span> <span class='ocrx_word' id='word_1_413' title='bbox 922 2976 971 2983; x_wconf 89' lang='lat'>——</span> <span class='ocrx_word' id='word_1_414' title='bbox 1019 2957 1058 2994; x_wconf 87' lang='lat' dir='ltr'>In</span> <span class='ocrx_word' id='word_1_415' title='bbox 1099 2955 1208 2995; x_wconf 83' lang='lat' dir='ltr'>tertio</span> <span class='ocrx_word' id='word_1_416' title='bbox 1250 2956 1365 2994; x_wconf 82' lang='lat' dir='ltr'>latere</span> <span class='ocrx_word' id='word_1_417' title='bbox 1407 2954 1568 2994; x_wconf 87' lang='lat' dir='ltr'>eiusdem</span> <span class='ocrx_word' id='word_1_418' title='bbox 1607 2955 1704 2994; x_wconf 86' lang='lat' dir='ltr'>basis</span> 
     </span>
    </p>
   </div>
  </div>
 </body>
</html>
