1877 3313
680 155 711 195 §-
739 155 769 189 1.
817 155 926 199 Leges
951 161 985 189 et
1009 155 1195 200 plebiscita.
1657 151 1737 194 261

141 259 220 317 (Cf.
251 264 395 303 Richter
423 265 545 302 Jahrb.
576 265 674 302 Tom.
697 264 774 301 XV.
795 276 828 313 p.
852 264 906 301 47
913 259 976 316 5.)
1012 269 1048 301 et
1078 264 1248 313 Gottling.
1280 265 1353 302 Lex
1385 264 1429 302 de
1459 262 1598 310 scribis,
1629 273 1742 312 prae-

141 324 291 362 conibus
323 324 546 372 quaestoriis.
578 323 650 361 len.
686 322 807 360 1844.
840 323 876 359 4.

607 402 890 456 ..Principium
922 401 994 443 fuit
1023 414 1096 456 pro
1128 404 1277 444 tribu..

282 473 327 522 Q.
362 473 447 514 urb.
466 470 501 527 ¹]
535 473 628 526 quei
661 473 854 513 aerarium
885 473 1127 526 provinciam
1160 435 1370 539 optinebit,
1402 484 1487 513 eam
1519 470 1746 512 mercedem

141 531 322 582 deferto,
353 536 622 598 quaestorque
654 532 747 584 quei
789 531 986 572 aerarium
1018 533 1259 584 provinciam
1292 531 1504 585 optinebit,
1547 542 1634 571 eam
1665 541 1744 596 pe-

141 591 298 644 qoniam
314 588 356 645 2)
391 590 426 629 ei
458 590 614 630 scribae
645 590 890 643 scribeisque
923 590 1111 629 1191911118
1145 591 1229 630 eius
1262 591 1419 641 solvito,
1451 588 1568 642 idque
1597 589 1633 628 ei
1659 589 1745 628 sine

139 649 279 689 fraude
310 661 381 689 sua
413 647 547 688 facere
578 648 708 694 liceto,
741 647 847 701 quod
880 649 966 689 sine
998 648 1097 688 malo
1130 648 1317 701 pequlatu
1340 648 1416 699 fiat,
1449 647 1644 699 olleisque'
1667 645 1746 687 ho-

141 708 310 748 minibus
342 718 427 747 eam
459 706 664 759 pecuniam
697 719 842 759 capere
874 706 1004 747 liceto.

279 764 367 806 Cos.
400 765 492 817 quei
524 777 626 805 nunc
666 770 778 815 sunt,
821 765 872 805 iei
903 770 993 805 ante
1025 764 1059 804 11.
1095 764 1338 806 decembreis
1354 762 1393 820 3J
1425 766 1570 819 primas
1603 763 1652 804 de
1686 764 1746 804 eis

141 824 232 877 quei
263 824 372 865 cives
403 824 581 864 romanei
612 828 714 874 sunt,
748 825 937 864 viatorem
970 836 1087 864 unuin
1117 823 1293 878 legunto,
1327 824 1418 878 quei
1448 825 1486 864 in
1514 836 1559 864 ea
1584 821 1747 863 decuria

140 884 267 923 viator
297 886 495 935 appareat,
529 893 642 934 quani
676 881 876 922 decuriam
908 883 1101 923 viatorum
1125 895 1177 923 ex
1199 883 1335 924 noneis
1359 881 1636 923 decembribus
1659 880 1747 933 pri-

140 942 239 982 meis
280 941 558 993 quaestoribus
600 939 647 980 ad
679 942 874 981 aerarium
914 953 1108 994 apparere
1151 946 1308 994 oportet
1340 941 1549 995 oportebit.
1610 939 1748 980 Eidem

141 1012 222 1041 cos.
255 1004 346 1040 ante
377 999 415 1039 k.
450 998 647 1039 decembr.
680 1000 825 1053 primas
858 998 906 1039 de
940 1001 995 1039 eis
1030 999 1119 1052 quei
1152 1001 1259 1040 cives
1291 1001 1466 1040 romanei
1489 1003 1593 1051 sunt,
1623 1009 1748 1051 prae-

141 1071 282 1100 conem
323 1070 444 1098 unum
485 1057 673 1111 legunto,
719 1059 808 1111 quei
840 1058 877 1098 in
911 1069 956 1098 ea
998 1058 1158 1098 decuria
1201 1070 1345 1111 praeco
1378 1062 1586 1112 appareat,
1628 1069 1747 1111 quam

142 1117 342 1158 decuriam
386 1128 629 1169 praeconum
670 1128 722 1157 ex
763 1117 902 1157 noneis
944 1115 1222 1157 decembribus
1269 1117 1428 1169 priineis
1469 1115 1748 1169 quaestoribus

141 1176 189 1217 ad
221 1177 416 1216 aerarium
448 1187 640 1228 apparere
673 1179 830 1228 oportet
863 1176 1071 1227 oportebit.
1125 1174 1276 1215 Deinde
1309 1174 1435 1215 eidem
1469 1174 1619 1215 consul.
1653 1180 1745 1214 ante

140 1234 176 1275 k.
219 1233 468 1274 decembreis
511 1234 656 1286 primas
698 1234 891 1274 viatorem
934 1246 1050 1273 unum
1091 1233 1279 1286 legunto,
1321 1234 1411 1286 quei
1442 1234 1479 1273 in
1512 1246 1558 1273 ea
1590 1232 1750 1272 decuria

141 1294 270 1333 viator
306 1297 517 1346 appareat,
560 1304 675 1344 quam
718 1291 915 1331 decuriam
960 1292 1157 1332 viatorum
1200 1304 1252 1331 ex
1291 1292 1432 1332 noneis
1473 1290 1749 1332 decembribus

140 1350 351 1393 secundeis
384 1351 662 1403 quaestoribus
695 1349 743 1390 ad
775 1350 973 1390 aerarium
1005 1362 1197 1403 apparere
1230 1354 1389 1403 oportet
1420 1350 1640 1403 oportebit3
1684 1349 1749 1389 ei-

142 1410 310 1463 demque
344 1421 427 1450 cos.
461 1413 551 1448 ante
583 1408 618 1448 k.
652 1407 900 1448 deeeinbreis
944 1408 1088 1461 primas
1130 1420 1367 1460 praeconem
1410 1421 1530 1448 unum
1572 1408 1749 1461 legunto,

143 1470 206 1522 qui
239 1469 276 1508 in
309 1480 356 1508 ea
391 1466 550 1507 decuria
582 1478 728 1519 praeco
771 1471 982 1519 appareat,
1026 1479 1138 1519 quam
1180 1465 1380 1506 decuriam
1421 1479 1664 1519 praeconum
1699 1479 1752 1506 ex

142 1528 282 1568 noneis
324 1525 601 1566 decembribus
649 1525 863 1565 seeundeis
905 1525 1183 1577 quaestoribus
1225 1524 1273 1565 ad
1316 1526 1509 1565 aerarium
1558 1536 1752 1578 apparere

142 1589 303 1640 oportet
336 1584 545 1637 oportebit.
577 1583 731 1624 Deinde
764 1583 892 1623 eidem
926 1595 1008 1624 cos.
1041 1588 1130 1624 ante
1163 1583 1198 1623 k.
1224 1582 1471 1624 decembreis
1493 1584 1639 1637 primas
1662 1583 1752 1623 via-

143 1649 268 1686 torem
300 1656 422 1684 unum
454 1642 640 1697 legunto,
673 1643 763 1694 quei
795 1643 831 1682 in
865 1654 911 1682 ea
944 1642 1105 1682 decuria
1138 1643 1264 1683 viator
1294 1647 1494 1696 appareat,
1527 1655 1642 1696 quam
1676 1641 1752 1682 de-

82 1744 85 1747 ,
143 1703 288 1744 curiam
322 1703 516 1743 viatorum
550 1714 601 1741 ex
633 1702 771 1741 noneis
805 1700 1082 1741 decembribus
1112 1701 1265 1741 tertieis
1298 1702 1574 1753 quaestoribus
1607 1700 1653 1740 ad
1677 1713 1752 1740 ae-

141 1764 288 1803 rarium
311 1773 508 1814 apparere
533 1765 689 1812 oportet
712 1760 931 1813 oportebitg
965 1760 1173 1812 eidemque
1206 1772 1289 1800 eos.
1324 1765 1414 1800 ante
1441 1759 1478 1800 k.
1501 1760 1751 1800 decembreis

143 1822 288 1874 primas
329 1830 570 1873 praeconem
612 1831 731 1859 unum
764 1818 950 1873 legunto,
983 1819 1073 1870 quei
1105 1823 1143 1858 in
1176 1830 1223 1858 ea
1256 1817 1416 1858 decuria
1447 1830 1593 1872 praeco
1625 1831 1752 1871 appa-

141 1883 242 1929 reat,
277 1890 391 1931 quam
425 1877 623 1918 decuriam
653 1890 893 1930 praeconum
916 1889 968 1917 ex
990 1878 1128 1917 noneis
1151 1876 1430 1917 decembribus
1452 1877 1600 1917 tertieis
1621 1888 1753 1930 quae-

142 1938 316 1979 storibus
359 1937 406 1977 ad
452 1936 648 1976 aerarium
690 1948 881 1989 apparere
924 1941 1078 1989 oportet
1123 1936 1341 1988 oportebitg
1383 1948 1534 1988 eosque
1577 1941 1752 1976 viatores

144 2009 296 2050 eosque
337 1995 572 2049 praeconeis
615 1996 788 2044 omneis,
839 2006 940 2065 quos
984 2006 1031 2034 eo
1075 1993 1214 2033 ordine
1256 1993 1399 2048 dignos
1447 1994 1751 2059 arbitrabuntur,

142 2055 319 2109 legunto
385 2053 508 2102 Quam
551 2054 587 2093 in
631 2055 795 2106 quisque
838 2053 1038 2093 ‹trcmiam
1080 2053 1131 2092 ita
1173 2052 1300 2093 viator
1341 2052 1468 2093 iectus
1511 2053 1608 2103 erit,
1650 2053 1682 2092 is
1713 2052 1752 2091 in

144 2126 190 2154 ea
223 2113 385 2154 decuria
417 2113 544 2152 viator
576 2116 662 2152 esto
695 2113 786 2152 item
819 2113 898 2152 utei
931 2112 1054 2151 ceteri
1086 2113 1170 2151 eius
1205 2110 1388 2151 neemiae
1421 2111 1594 2152 viatores
1618 2108 1752 2159 erunt}

144 2184 343 2226 quamque
374 2172 414 2211 in
446 2171 613 2224 quisque
646 2170 845 2211 decuriam
877 2172 928 2210 ita
960 2181 1106 2223 praeco
1137 2169 1261 2210 lectus
1287 2170 1373 2220 erit,
1405 2171 1438 2210 is
1460 2170 1498 2209 in
1521 2181 1567 2209 ea
1591 2168 1752 2209 decuria

143 2243 291 2297 praeco
323 2235 410 2271 esto
442 2231 493 2269 ita
525 2229 603 2270 utei
635 2231 757 2270 ceteri
791 2229 876 2270 eius
909 2228 1096 2269 decuriae
1128 2240 1348 2281 praecones
1381 2232 1520 2278 erunt,
1559 2228 1753 2293 siremps-

145 2303 222 2343 que
254 2290 313 2330 eis
344 2288 584 2338 viatoribus,
628 2288 758 2354 deque
790 2289 848 2328 eis
891 2287 1105 2329 viatoribus
1138 2300 1174 2340 q.
1190 2284 1230 2340 ⁴]
1275 2288 1449 2328 omnium
1489 2299 1620 2327 rerum
1661 2286 1752 2326 iuus

144 2349 289 2402 lexque
311 2353 412 2399 esto,
447 2347 584 2401 quasei
605 2347 665 2388 sei
697 2347 734 2386 ei
767 2346 939 2388 viatores
971 2348 1008 2386 in
1043 2358 1128 2385 eain
1161 2345 1362 2386 decuiiam
1393 2347 1431 2386 in
1464 2346 1587 2386 tribus
1620 2345 1752 2385 viato-

144 2408 254 2448 ribus
285 2411 400 2447 antea
430 2405 547 2446 lectei
578 2405 770 2446 sublectei
802 2410 951 2445 essent.
1014 2404 1139 2453 Quam
1170 2405 1209 2445 in
1241 2406 1410 2458 quisque
1442 2403 1640 2444 decuriam
1673 2414 1751 2443 eo-

144 2479 230 2507 rum
263 2479 316 2506 ex
346 2465 418 2505 bac
449 2465 540 2517 lege
572 2464 700 2504 viator
730 2464 858 2504 lectus
891 2464 978 2514 erit,
1009 2464 1257 2517 sirempsque
1289 2464 1346 2503 eis
1369 2462 1644 2516 praeconibus,
1676 2460 1753 2500 de-

145 2537 223 2578 que
246 2525 302 2565 eis
324 2523 590 2576 praeconibus
615 2523 818 2575 quaestori
850 2523 1022 2564 omnium
1054 2534 1187 2562 rerum
1220 2522 1310 2563 iuus
1341 2521 1488 2574 lexque
1511 2524 1612 2570 esto,
1647 2532 1752 2572 qua-

145 2584 204 2624 sei
234 2584 292 2624 sei
325 2583 362 2622 ei
402 2593 626 2635 praecones
657 2582 696 2621 iu
729 2593 815 2621 eam
858 2580 1056 2621 decuriam
1088 2581 1126 2621 in
1169 2581 1291 2621 tribus
1333 2579 1594 2633 praeconibus
1636 2583 1753 2619 antea

144 2642 261 2682 iectei
293 2640 487 2682 sublectei
519 2645 668 2690 essent,
700 2651 814 2693 quam
846 2640 885 2679 in
917 2640 1087 2692 quisque
1110 2639 1310 2680 decuriam
1333 2650 1471 2679 eorum
1495 2648 1546 2677 ex
1567 2636 1639 2677 hac
1659 2636 1752 2691 lege

145 2713 292 2754 praeco
325 2700 452 2740 lectus
485 2699 571 2738 erit.

287 2758 599 2810 Quosquomque
632 2761 868 2809 quaestores
901 2768 953 2797 ex
979 2756 1071 2810 lege
1095 2756 1277 2809 plebeiie
1299 2755 1398 2796 scito
1421 2754 1592 2795 tiatores
1611 2753 1752 2808 legere

290 2908 373 2956 1Jq
377 2917 512 2944 uaestor
537 2910 695 2943 urbanus.
724 2928 764 2933 —-
792 2909 830 2952 2)
854 2910 1039 2954 pecuniam.
1066 2907 1180 2950 Sigon.
1209 2925 1249 2930 ——-
1281 2906 1318 2949 3)
1347 2906 1540 2942 Decembris.
1565 2906 1681 2953 Sigon.
1705 2925 1751 2932 —

150 2954 188 2999 4)
214 2959 427 3002 quaestoriis.
455 2957 610 3001 Sigonius
636 2956 744 2991 malze
770 2956 974 2999 viatoribnsq.
1001 2954 1154 2987 omnium.
