1877 3313
200 153 285 195 366
650 149 754 183 Inscr.
780 148 954 193 profanae.
1002 145 1085 192 Cap.
1113 147 1153 181 11.
1202 146 1361 181 Tabulae.

203 259 321 298 Edidit
352 259 538 295 Fabrettus
569 256 747 305 Inscriptt.
776 269 860 306 pag.
895 257 990 301 574,
1023 256 1082 304 qui
1114 256 1205 298 hanc
1227 254 1491 303 inscriptionem
1515 266 1532 290 a
1556 253 1690 292 Didaco
1713 255 1805 292 Vin-

204 318 322 355 centio
354 329 373 354 a
405 317 555 353 Vidania
594 315 685 363 regii
716 317 838 353 sacelli
878 314 1101 363 Neapolitani
1130 315 1319 351 Praefecto
1351 313 1493 350 erudito
1525 313 1649 350 labore
1681 314 1806 362 expli-

200 382 313 413 catam
346 388 427 413 esse
470 376 626 412 adnotat.
688 375 838 412 Secutus
881 380 936 411 est
968 374 1155 410 Morceltus
1187 373 1264 409 Stil.
1297 384 1329 409 n.
1362 371 1542 408 CCCXIII.
1575 371 1718 419 editor,
1748 373 1806 420 qui

203 437 308 472 docte
340 435 555 481 illustravit3
586 434 764 471 Vincentii
795 434 968 470 Vidaniae
1001 432 1289 469 commentarium
1317 442 1356 468 se
1383 442 1528 478 usquam
1553 430 1713 479 reperire
1732 442 1807 480 po-

201 495 311 532 tuisse
343 499 463 541 negat.

345 576 467 613 1743.
528 573 722 614 Vesbinus
765 573 868 627 Aug.
912 572 953 612 L.
975 569 1011 626 1)
1052 570 1246 625 plictrium
1287 568 1572 625 Augustalibus
1613 569 1808 622 municipii

204 633 400 674 Caeritum
443 632 534 674 loco
577 636 742 686 accepto
785 645 806 672 a
848 643 930 684 rep.
973 643 1044 671 sua
1086 631 1264 683 impensa
1306 630 1411 671 omni
1453 633 1690 670 exornatum
1731 629 1808 670 do-

199 705 291 733 num
324 691 443 732 dedit.

342 751 594 803 Descriptum
627 754 666 790 et
695 749 943 802 recognitum
987 748 1135 789 sactum
1167 749 1204 788 in
1236 760 1389 801 pronao
1432 746 1542 788 aedis
1581 746 1716 787 Martis
1757 759 1809 786 ex

204 811 511 860 commentario,
553 821 668 862 quein
700 809 815 849 iussit
845 807 1018 861 proferri
1051 807 1241 860 Cuperius
1273 806 1514 848 Hostilianus
1545 818 1617 858 per
1648 805 1692 846 T.
1723 805 1810 846 Ru-

203 870 320 912 stium
352 867 592 922 Lysiponum
622 867 805 919 scribam,
837 867 874 907 in
908 878 985 920 quo
1009 866 1195 920 scriptum
1219 870 1301 906 erat
1325 867 1353 906 it
1366 862 1407 920 ²)
1430 864 1535 917 quod
1553 863 1653 906 intra
1673 864 1808 917 scrip-

204 933 283 969 tum
316 931 389 968 est.

343 986 385 1026 L.
418 985 582 1027 Publilio
614 984 729 1026 Celso
762 984 802 1026 II.
836 985 875 1025 C.
910 983 1047 1025 Clodio
1081 983 1260 1037 Crispino
1298 983 1388 1024 Cos.
1404 980 1445 1037 υ)
1478 982 1610 1024 Idibus
1640 980 1807 1035 Aprilib.

202 1045 253 1086 M.
285 1045 423 1087 Pontio
457 1043 573 1085 Celso
604 1044 819 1094 Dictatore,
852 1043 892 1083 C.
923 1042 1111 1084 Suetonio
1135 1041 1345 1083 Claudiano
1366 1041 1507 1082 Aedile
1528 1041 1604 1082 iuri
1625 1040 1807 1090 dicundo,

203 1104 330 1145 Praef.
371 1104 524 1144 aerarii.
577 1102 905 1144 Commentarium
949 1100 1203 1142 cottidianum
1241 1101 1439 1154 municipii
1481 1100 1678 1141 Caeritum
1717 1100 1809 1141 inde

200 1163 345 1218 pagina
375 1161 529 1203 XXVII.
562 1161 700 1215 Kapite
732 1161 808 1202 vll.

342 1222 393 1264 M.
426 1221 586 1262 Pontius
620 1219 758 1261 Celsus
792 1220 967 1261 Dictator
1008 1223 1046 1259 et
1079 1219 1120 1259 C.
1155 1218 1366 1261 Suetonius
1400 1217 1638 1260 Claudianus
1669 1217 1809 1259 Decu-

202 1282 335 1323 riones
377 1281 417 1321 in
459 1279 603 1332 templo
643 1279 834 1319 Divorum
877 1282 1212 1331 corrogaveruut‚
1254 1278 1319 1318 ubi
1360 1277 1555 1318 Vesbinus
1597 1277 1700 1330 Aug.
1742 1276 1806 1318 lib.

204 1341 313 1393 petit,
345 1343 386 1380 ut
417 1339 492 1380 sibi
522 1338 634 1378 locus
666 1337 821 1390 publice
854 1336 1015 1377 daretur
1045 1337 1117 1376 sub
1151 1337 1306 1390 porticu
1338 1336 1523 1377 basilicae
1545 1335 1807 1389 Sulpicianae,

202 1400 256 1439 uti
297 1397 549 1452 Augustalib.
582 1398 618 1436 in
659 1409 746 1436 eum
788 1396 917 1436 locum
959 1396 1151 1448 plielrium
1194 1395 1366 1444 sacen-013
1409 1395 1474 1435 ubi
1516 1407 1567 1435 cx
1608 1406 1807 1436 consensu

199 1457 468 1497 Decurionum
500 1455 611 1495 locus
644 1455 699 1505 ei,
731 1467 848 1507 quem
881 1454 1178 1494 desideraverat
1210 1453 1324 1494 datus
1357 1458 1430 1504 est,
1462 1453 1685 1506 placuitque
1716 1453 1808 1493 uni-

199 1516 327 1556 versis
360 1515 529 1555 Curiatio
563 1513 717 1554 Cosano
750 1513 929 1553 Curatori
962 1513 1012 1552 ob
1045 1525 1131 1552 eam
1163 1524 1247 1551 rem
1277 1512 1483 1564 epistulam
1507 1513 1620 1552 mitti.
1664 1510 1704 1551 In
1732 1524 1808 1552 cu-

203 1575 300 1616 riam
317 1571 354 1627 1)
390 1573 570 1614 fuerunt:
613 1573 773 1612 Pontius
805 1570 945 1611 Celsus
978 1571 1117 1610 Dictat.
1176 1571 1386 1612 Suetonius
1430 1569 1667 1611 Claudianus
1705 1570 1806 1610 Aed.

210 1633 284 1674 iuri
316 1632 389 1672 dic.
421 1631 473 1671 M.
505 1630 691 1684 Lepidius
721 1631 855 1683 Nepos
885 1628 1012 1669 Aedil.
1045 1641 1188 1670 annon.
1220 1628 1366 1669 Pollius
1397 1628 1588 1680 Blandus,
1627 1629 1806 1670 Pescen-

202 1692 291 1732 nius
323 1691 544 1742 Flavianus,
576 1689 816 1730 Pescennius
848 1687 1012 1740 Natalis,
1043 1687 1189 1729 Lollius
1222 1686 1420 1741 Callimus,
1450 1687 1656 1730 Petronius
1682 1687 1806 1730 Inno-

205 1762 323 1804 cens,
355 1749 521 1804 Sergius
553 1748 759 1789 Proculus.

339 1807 434 1849 Indo
464 1808 607 1861 pagina
639 1807 760 1847 altera
791 1806 930 1860 Rapite
961 1806 1107 1859 primo:

343 1867 597 1920 Magistratus
630 1870 668 1905 et
699 1866 911 1906 Decurion.
961 1865 1132 1906 Curiatio
1166 1865 1321 1905 Cosano
1353 1863 1423 1905 sal.
1456 1864 1546 1906 ldib.
1577 1865 1680 1922 Aug.

343 1925 592 1966 Desideranti
615 1937 636 1965 a
657 1925 773 1965 nobis
796 1925 907 1977 Ulpio
929 1924 1101 1965 Vesbino
1124 1923 1330 1964 consilium
1354 1924 1563 1965 Decurion.
1588 1925 1805 1978 coegimus,

201 1999 224 2027 a
256 1985 396 2039 quibus
437 1985 555 2037 petit,
598 1988 639 2024 ut
678 1984 751 2024 sibi
783 1983 894 2024 locus
936 1983 1091 2036 publice
1124 1983 1161 2022 in
1194 1982 1338 2036 angulo
1383 1984 1558 2035 porticus
1600 1983 1749 2025 basilio.
1767 1981 1805 2037 ⁵)

203 2045 376 2094 daretur,
409 2042 517 2095 quod
548 2055 593 2083 se
625 2041 870 2096 Augustalib.
904 2041 1097 2094 phetrium
1141 2041 1296 2094 publice
1338 2047 1621 2083 exornatarum
1654 2054 1805 2084 secun-

202 2104 292 2144 dum
325 2102 499 2157 dignitat.
531 2101 727 2153 municipi.
754 2100 1022 2153 polliceretur.
1057 2100 1213 2140 Gratiae
1247 2100 1335 2141 huie
1367 2106 1480 2141 actae
1511 2105 1601 2142 sunt
1631 2101 1679 2142 ab
1711 2101 1805 2142 uni—

203 2164 354 2211 versis;
386 2160 532 2214 placuit
564 2164 717 2209 tanuen,
749 2160 816 2199 tibi
847 2159 987 2214 scribi,
1029 2171 1076 2199 an
1109 2159 1146 2198 in
1179 2158 1254 2200 hoc
1287 2172 1450 2213 quoque
1482 2165 1522 2200 et
1553 2164 1595 2200 lu
1627 2172 1804 2202 consen-

203 2233 318 2262 surus
361 2231 488 2260 esses.
551 2218 624 2267 Qui
664 2218 779 2259 lucus
822 2219 879 2258 rei
920 2230 956 2270 p.
998 2217 1035 2257 in
1078 2230 1152 2258 usu
1193 2230 1270 2259 non
1313 2222 1395 2270 est,
1438 2229 1514 2259 nec
1553 2218 1633 2260 ullo
1673 2218 1803 2260 reditu

203 2291 295 2321 esso
326 2283 469 2333 potest.

339 2337 432 2378 Inde
463 2336 605 2390 pagiua
638 2335 727 2376 Vlll.
759 2335 898 2388 Ix'apite
931 2335 955 2375 Ι.

341 2396 536 2437 Curiatius
569 2395 746 2435 Cosanus
778 2393 882 2448 Mag.
915 2399 955 2434 et
986 2394 1078 2434 Dec.
1112 2393 1365 2435 Caeretanor.
1398 2392 1523 2449 saw)

340 2454 426 2508 Ego
459 2467 536 2494 nou
572 2457 717 2493 tautum
750 2453 978 2493 consentire
1019 2452 1209 2494 voluntati
1252 2457 1409 2493 vestrae
1440 2458 1502 2494 set
1544 2457 1584 2494 et
1613 2453 1803 2508 gratulari

202 2512 354 2564 debeo,
385 2513 485 2564 siqui
517 2525 637 2565 remp.
669 2508 760 2565 NF)
794 2516 993 2552 exsornat.
1026 2511 1188 2552 Accedo
1221 2512 1351 2564 itaque
1383 2513 1603 2553 sententiae
1644 2517 1801 2553 vestrae

201 2585 279 2613 non
313 2577 492 2624 tanquam
525 2576 705 2622 curator,
736 2569 808 2610 sed
840 2574 1022 2622 tanquam
1056 2582 1158 2610 unus
1191 2582 1263 2611 exs
1295 2569 1453 2621 ordine,
1493 2583 1582 2612 cum
1612 2575 1690 2611 tam
1721 2571 1801 2612 lio-

203 2635 315 2671 nesta
346 2629 528 2682 exempla
559 2629 674 2669 etiam
706 2629 918 2681 provocari
948 2628 1162 2670 honorifica
1184 2628 1465 2670 exsornatione
1488 2628 1670 2671 debeant.
1702 2629 1801 2671 Data

202 2688 300 2742 prid.
331 2689 422 2729 Idus
453 2688 671 2741 Septembr.
703 2687 902 2728 Ameriae.

341 2816 378 2860 1)
404 2817 546 2861 Augusti
564 2816 714 2858 libertus,
732 2823 813 2860 puta
831 2816 973 2856 'Pi-aiam,
999 2822 1034 2850 ut
1053 2828 1094 2850 ex
1114 2817 1331 2861 praenomine
1358 2815 1448 2860 Ulpii
1466 2815 1550 2849 iufra
1568 2817 1677 2860 posito
1696 2822 1799 2861 patet.

207 2881 246 2886 -
273 2862 311 2906 2)
337 2867 385 2897 sic
410 2863 477 2898 tab.
504 2874 564 2908 pro
587 2864 632 2897 id.
659 2880 699 2885 —
727 2862 764 2906 3)
791 2874 879 2897 anno
903 2875 935 2907 p.
962 2863 1023 2897 Ch.
1050 2864 1124 2897 114.
1155 2881 1194 2887 —
1221 2862 1260 2905 4)
1285 2862 1397 2896 tabula
1416 2864 1452 2896 in
1468 2863 1597 2896 cuman
1615 2874 1676 2907 pro
1692 2865 1797 2897 curia.

204 2908 436 2991 {idsfflisdiiffle'
466 2928 510 2935 —-—
535 2908 574 2954 6)
599 2909 848 2959 magistratibus
873 2916 908 2945 et
931 2909 1179 2946 Decurionibus
1204 2909 1465 2946 Caeretanorum
1495 2909 1648 2945 salutem.
1683 2929 1724 2935 —
1758 2909 1798 2953 7)

1867 2974 1871 3033 Ι

1865 3111 1868 3166 i

1862 3179 1877 3313 l
