<?xml version="1.0" encoding="UTF-8"?>
<!DOCTYPE html PUBLIC "-//W3C//DTD XHTML 1.0 Transitional//EN"
    "http://www.w3.org/TR/xhtml1/DTD/xhtml1-transitional.dtd">
<html xmlns="http://www.w3.org/1999/xhtml" xml:lang="en" lang="en">
 <head>
  <title>
</title>
<meta http-equiv="Content-Type" content="text/html;charset=utf-8" />
  <meta name='ocr-system' content='tesseract 3.04.00' />
  <meta name='ocr-capabilities' content='ocr_page ocr_carea ocr_par ocr_line ocrx_word'/>
</head>
<body>
  <div class='ocr_page' id='page_1' title='image "./handbuchderrmi0103zelluoft_0012.png"; bbox 0 0 1877 3287; ppageno 0'>
   <div class='ocr_carea' id='block_1_1' title="bbox 114 203 1081 246">
    <p class='ocr_par' dir='ltr' id='par_1_1' title="bbox 114 203 1081 246">
     <span class='ocr_line' id='line_1_1' title="bbox 114 203 1081 246; baseline 0.003 -9"><span class='ocrx_word' id='word_1_1' title='bbox 114 209 159 246; x_wconf 88' lang='lat' dir='ltr'>v1</span> <span class='ocrx_word' id='word_1_2' title='bbox 753 203 1081 240; x_wconf 86' lang='lat' dir='ltr'><strong>PRAEFATIO.</strong></span> 
     </span>
    </p>
   </div>
   <div class='ocr_carea' id='block_1_2' title="bbox 111 313 1733 2131">
    <p class='ocr_par' dir='ltr' id='par_1_2' title="bbox 111 313 1733 2131">
     <span class='ocr_line' id='line_1_2' title="bbox 111 313 1716 369; baseline -0.005 -11"><span class='ocrx_word' id='word_1_3' title='bbox 111 330 257 369; x_wconf 89' lang='lat' dir='ltr'>quarum</span> <span class='ocrx_word' id='word_1_4' title='bbox 280 317 461 357; x_wconf 90' lang='lat' dir='ltr'>excellens</span> <span class='ocrx_word' id='word_1_5' title='bbox 482 314 674 365; x_wconf 83' lang='lat' dir='ltr'>praecipue</span> <span class='ocrx_word' id='word_1_6' title='bbox 694 314 855 352; x_wconf 85' lang='lat' dir='ltr'>Morcelli</span> <span class='ocrx_word' id='word_1_7' title='bbox 881 326 970 362; x_wconf 91' lang='lat' dir='ltr'>opus</span> <span class='ocrx_word' id='word_1_8' title='bbox 995 313 1132 351; x_wconf 89' lang='lat' dir='ltr'>etiamsi</span> <span class='ocrx_word' id='word_1_9' title='bbox 1157 313 1268 362; x_wconf 86' lang='lat' dir='ltr'>magis</span> <span class='ocrx_word' id='word_1_10' title='bbox 1293 313 1494 351; x_wconf 80' lang='lat' dir='ltr'><strong>adstrictam</strong></span> <span class='ocrx_word' id='word_1_11' title='bbox 1518 314 1592 351; x_wconf 91' lang='lat' dir='ltr'>eius</span> <span class='ocrx_word' id='word_1_12' title='bbox 1615 318 1716 351; x_wconf 89' lang='lat' dir='ltr'>trac-</span> 
     </span>
     <span class='ocr_line' id='line_1_3' title="bbox 111 384 1717 438; baseline -0.006 -9"><span class='ocrx_word' id='word_1_13' title='bbox 111 391 282 429; x_wconf 80' lang='lat' dir='ltr'><strong>tationem</strong></span> <span class='ocrx_word' id='word_1_14' title='bbox 305 392 425 438; x_wconf 81' lang='lat' dir='ltr'>optes,</span> <span class='ocrx_word' id='word_1_15' title='bbox 446 391 562 424; x_wconf 87' lang='lat' dir='ltr'>tamen</span> <span class='ocrx_word' id='word_1_16' title='bbox 585 390 699 422; x_wconf 88' lang='lat' dir='ltr'>utrum</span> <span class='ocrx_word' id='word_1_17' title='bbox 723 386 800 434; x_wconf 88' lang='lat' dir='ltr'>plus</span> <span class='ocrx_word' id='word_1_18' title='bbox 822 384 1011 432; x_wconf 88' lang='lat' dir='ltr'>voluptatis</span> <span class='ocrx_word' id='word_1_19' title='bbox 1033 384 1160 421; x_wconf 90' lang='lat' dir='ltr'>lectori</span> <span class='ocrx_word' id='word_1_20' title='bbox 1183 396 1225 420; x_wconf 91' lang='lat' dir='ltr'>an</span> <span class='ocrx_word' id='word_1_21' title='bbox 1251 384 1384 420; x_wconf 78' lang='lat' dir='ltr'>fructus</span> <span class='ocrx_word' id='word_1_22' title='bbox 1406 384 1592 432; x_wconf 82' lang='lat' dir='ltr'>praebeat,</span> <span class='ocrx_word' id='word_1_23' title='bbox 1618 384 1717 420; x_wconf 79' lang='lat' dir='ltr'>disn-</span> 
     </span>
     <span class='ocr_line' id='line_1_4' title="bbox 113 453 1717 504; baseline -0.006 -5"><span class='ocrx_word' id='word_1_24' title='bbox 113 461 181 499; x_wconf 87' lang='lat' dir='ltr'>cile</span> <span class='ocrx_word' id='word_1_25' title='bbox 203 460 298 498; x_wconf 88' lang='lat' dir='ltr'>dictu</span> <span class='ocrx_word' id='word_1_26' title='bbox 321 463 386 496; x_wconf 86' lang='lat' dir='ltr'>est.</span> <span class='ocrx_word' id='word_1_27' title='bbox 421 458 492 495; x_wconf 93' lang='lat' dir='ltr'>Sed</span> <span class='ocrx_word' id='word_1_28' title='bbox 515 456 708 493; x_wconf 82' lang='lat' dir='ltr'>Zachariae</span> <span class='ocrx_word' id='word_1_29' title='bbox 731 456 822 493; x_wconf 92' lang='lat' dir='ltr'>liber</span> <span class='ocrx_word' id='word_1_30' title='bbox 853 466 1024 504; x_wconf 84' lang='lat' dir='ltr'>perquam</span> <span class='ocrx_word' id='word_1_31' title='bbox 1055 455 1088 491; x_wconf 91' lang='lat' dir='ltr'>in</span> <span class='ocrx_word' id='word_1_32' title='bbox 1112 454 1298 491; x_wconf 84' lang='lat' dir='ltr'>Germania</span> <span class='ocrx_word' id='word_1_33' title='bbox 1329 466 1429 490; x_wconf 89' lang='lat' dir='ltr'>rarus</span> <span class='ocrx_word' id='word_1_34' title='bbox 1461 457 1527 499; x_wconf 86' lang='lat' dir='ltr'>est,</span> <span class='ocrx_word' id='word_1_35' title='bbox 1559 453 1717 490; x_wconf 84' lang='lat' dir='ltr'>Morcelli</span> 
     </span>
     <span class='ocr_line' id='line_1_5' title="bbox 112 522 1719 580; baseline -0.006 -12"><span class='ocrx_word' id='word_1_36' title='bbox 112 530 213 580; x_wconf 90' lang='lat' dir='ltr'>prior</span> <span class='ocrx_word' id='word_1_37' title='bbox 258 529 370 567; x_wconf 92' lang='lat' dir='ltr'>editio</span> <span class='ocrx_word' id='word_1_38' title='bbox 404 532 439 564; x_wconf 90' lang='lat' dir='ltr'>et</span> <span class='ocrx_word' id='word_1_39' title='bbox 470 528 543 576; x_wconf 90' lang='lat' dir='ltr'>ipsa</span> <span class='ocrx_word' id='word_1_40' title='bbox 576 526 661 563; x_wconf 89' lang='lat' dir='ltr'>satis</span> <span class='ocrx_word' id='word_1_41' title='bbox 693 538 797 572; x_wconf 83' lang='lat' dir='ltr'>rara,</span> <span class='ocrx_word' id='word_1_42' title='bbox 829 525 1059 572; x_wconf 88' lang='lat' dir='ltr'>eiusdemque</span> <span class='ocrx_word' id='word_1_43' title='bbox 1091 525 1209 573; x_wconf 85' lang='lat' dir='ltr'>Opera</span> <span class='ocrx_word' id='word_1_44' title='bbox 1242 523 1474 573; x_wconf 88' lang='lat' dir='ltr'>epigraphica</span> <span class='ocrx_word' id='word_1_45' title='bbox 1506 534 1576 560; x_wconf 93' lang='lat' dir='ltr'>non</span> <span class='ocrx_word' id='word_1_46' title='bbox 1609 522 1719 560; x_wconf 87' lang='lat' dir='ltr'>cuivis</span> 
     </span>
     <span class='ocr_line' id='line_1_6' title="bbox 113 595 1721 648; baseline -0.005 -10"><span class='ocrx_word' id='word_1_47' title='bbox 113 601 221 638; x_wconf 84' lang='lat' dir='ltr'>facile</span> <span class='ocrx_word' id='word_1_48' title='bbox 250 603 385 648; x_wconf 89' lang='lat' dir='ltr'>patent.</span> <span class='ocrx_word' id='word_1_49' title='bbox 441 599 539 642; x_wconf 86' lang='lat' dir='ltr'>Quae</span> <span class='ocrx_word' id='word_1_50' title='bbox 570 597 686 634; x_wconf 90' lang='lat' dir='ltr'>omnia</span> <span class='ocrx_word' id='word_1_51' title='bbox 719 596 1002 633; x_wconf 79' lang='lat' dir='ltr'>considerantem</span> <span class='ocrx_word' id='word_1_52' title='bbox 1033 596 1102 631; x_wconf 91' lang='lat' dir='ltr'>iam</span> <span class='ocrx_word' id='word_1_53' title='bbox 1133 600 1214 632; x_wconf 91' lang='lat' dir='ltr'>ante</span> <span class='ocrx_word' id='word_1_54' title='bbox 1247 595 1374 632; x_wconf 90' lang='lat' dir='ltr'>multos</span> <span class='ocrx_word' id='word_1_55' title='bbox 1408 605 1518 630; x_wconf 91' lang='lat' dir='ltr'>annos</span> <span class='ocrx_word' id='word_1_56' title='bbox 1550 605 1606 630; x_wconf 91' lang='lat' dir='ltr'>me</span> <span class='ocrx_word' id='word_1_57' title='bbox 1638 597 1721 630; x_wconf 83' lang='lat' dir='ltr'>tunc</span> 
     </span>
     <span class='ocr_line' id='line_1_7' title="bbox 115 665 1723 721; baseline -0.006 -11"><span class='ocrx_word' id='word_1_58' title='bbox 115 671 292 721; x_wconf 86' lang='lat' dir='ltr'>temporis</span> <span class='ocrx_word' id='word_1_59' title='bbox 325 670 360 706; x_wconf 94' lang='lat' dir='ltr'>in</span> <span class='ocrx_word' id='word_1_60' title='bbox 391 668 622 706; x_wconf 81' lang='lat' dir='ltr'>universitate</span> <span class='ocrx_word' id='word_1_61' title='bbox 653 665 881 714; x_wconf 87' lang='lat' dir='ltr'>Friburgensi</span> <span class='ocrx_word' id='word_1_62' title='bbox 904 665 1087 714; x_wconf 87' lang='lat' dir='ltr'>Brisgoica</span> <span class='ocrx_word' id='word_1_63' title='bbox 1112 666 1335 702; x_wconf 85' lang='lat' dir='ltr'>humanitatis</span> <span class='ocrx_word' id='word_1_64' title='bbox 1357 665 1471 702; x_wconf 91' lang='lat' dir='ltr'>studia</span> <span class='ocrx_word' id='word_1_65' title='bbox 1494 665 1723 713; x_wconf 82' lang='lat' dir='ltr'>profitentem</span> 
     </span>
     <span class='ocr_line' id='line_1_8' title="bbox 115 735 1723 791; baseline -0.006 -11"><span class='ocrx_word' id='word_1_66' title='bbox 115 741 293 791; x_wconf 78' lang='lat' dir='ltr'>cogitatio</span> <span class='ocrx_word' id='word_1_67' title='bbox 326 740 466 777; x_wconf 83' lang='lat' dir='ltr'>subibat</span> <span class='ocrx_word' id='word_1_68' title='bbox 497 738 678 783; x_wconf 85' lang='lat' dir='ltr'>tentandi,</span> <span class='ocrx_word' id='word_1_69' title='bbox 720 737 747 773; x_wconf 93' lang='lat' dir='ltr'>si</span> <span class='ocrx_word' id='word_1_70' title='bbox 779 736 894 773; x_wconf 88' lang='lat' dir='ltr'>labori</span> <span class='ocrx_word' id='word_1_71' title='bbox 928 736 971 772; x_wconf 93' lang='lat' dir='ltr'>ab</span> <span class='ocrx_word' id='word_1_72' title='bbox 1004 736 1079 772; x_wconf 89' lang='lat' dir='ltr'>aliis</span> <span class='ocrx_word' id='word_1_73' title='bbox 1113 736 1257 772; x_wconf 90' lang='lat' dir='ltr'>deserto</span> <span class='ocrx_word' id='word_1_74' title='bbox 1291 736 1368 784; x_wconf 89' lang='lat' dir='ltr'>ipse</span> <span class='ocrx_word' id='word_1_75' title='bbox 1398 735 1626 783; x_wconf 88' lang='lat' dir='ltr'>suscipiendo</span> <span class='ocrx_word' id='word_1_76' title='bbox 1657 745 1723 783; x_wconf 86' lang='lat' dir='ltr'>par</span> 
     </span>
     <span class='ocr_line' id='line_1_9' title="bbox 117 804 1723 855; baseline -0.007 -4"><span class='ocrx_word' id='word_1_77' title='bbox 117 824 245 851; x_wconf 89' lang='lat' dir='ltr'>essem.</span> <span class='ocrx_word' id='word_1_78' title='bbox 303 811 387 848; x_wconf 83' lang='lat' dir='ltr'>Mox</span> <span class='ocrx_word' id='word_1_79' title='bbox 420 810 462 846; x_wconf 92' lang='lat' dir='ltr'>ad</span> <span class='ocrx_word' id='word_1_80' title='bbox 495 809 587 845; x_wconf 90' lang='lat' dir='ltr'>aliud</span> <span class='ocrx_word' id='word_1_81' title='bbox 620 819 741 844; x_wconf 92' lang='lat' dir='ltr'>munus</span> <span class='ocrx_word' id='word_1_82' title='bbox 773 806 950 855; x_wconf 87' lang='lat' dir='ltr'>publicum</span> <span class='ocrx_word' id='word_1_83' title='bbox 983 818 1002 842; x_wconf 89' lang='lat' dir='ltr'>a</span> <span class='ocrx_word' id='word_1_84' title='bbox 1035 807 1203 843; x_wconf 76' lang='lat' dir='ltr'>cathedra</span> <span class='ocrx_word' id='word_1_85' title='bbox 1236 810 1405 843; x_wconf 82' lang='lat' dir='ltr'>avocatus</span> <span class='ocrx_word' id='word_1_86' title='bbox 1437 806 1508 842; x_wconf 87' lang='lat' dir='ltr'>hoc</span> <span class='ocrx_word' id='word_1_87' title='bbox 1541 804 1723 842; x_wconf 90' lang='lat' dir='ltr'>consilium</span> 
     </span>
     <span class='ocr_line' id='line_1_10' title="bbox 122 875 1723 932; baseline -0.006 -11"><span class='ocrx_word' id='word_1_88' title='bbox 122 881 285 932; x_wconf 87' lang='lat' dir='ltr'>deposui.</span> <span class='ocrx_word' id='word_1_89' title='bbox 332 881 405 918; x_wconf 88' lang='lat' dir='ltr'>Sed</span> <span class='ocrx_word' id='word_1_90' title='bbox 437 884 623 929; x_wconf 85' lang='lat' dir='ltr'>postquam</span> <span class='ocrx_word' id='word_1_91' title='bbox 655 879 725 915; x_wconf 90' lang='lat' dir='ltr'>boc</span> <span class='ocrx_word' id='word_1_92' title='bbox 756 878 942 914; x_wconf 90' lang='lat' dir='ltr'>latinarum</span> <span class='ocrx_word' id='word_1_93' title='bbox 973 877 1241 925; x_wconf 87' lang='lat' dir='ltr'>inscriptionum</span> <span class='ocrx_word' id='word_1_94' title='bbox 1273 877 1423 913; x_wconf 90' lang='lat' dir='ltr'>studium</span> <span class='ocrx_word' id='word_1_95' title='bbox 1452 876 1650 913; x_wconf 82' lang='lat' dir='ltr'>novissimis</span> <span class='ocrx_word' id='word_1_96' title='bbox 1672 875 1723 912; x_wconf 84' lang='lat' dir='ltr'>bis</span> 
     </span>
     <span class='ocr_line' id='line_1_11' title="bbox 117 946 1724 996; baseline -0.006 -4"><span class='ocrx_word' id='word_1_97' title='bbox 117 953 219 992; x_wconf 87' lang='lat' dir='ltr'>annis</span> <span class='ocrx_word' id='word_1_98' title='bbox 251 952 356 989; x_wconf 88' lang='lat' dir='ltr'>etiam</span> <span class='ocrx_word' id='word_1_99' title='bbox 387 951 480 988; x_wconf 89' lang='lat' dir='ltr'>inter</span> <span class='ocrx_word' id='word_1_100' title='bbox 511 953 689 987; x_wconf 85' lang='lat' dir='ltr'>nostrates</span> <span class='ocrx_word' id='word_1_101' title='bbox 723 948 941 984; x_wconf 81' lang='lat' dir='ltr'>incalescere</span> <span class='ocrx_word' id='word_1_102' title='bbox 974 947 1117 996; x_wconf 87' lang='lat' dir='ltr'>coepit,</span> <span class='ocrx_word' id='word_1_103' title='bbox 1162 947 1325 983; x_wconf 80' lang='lat' dir='ltr'>instituto</span> <span class='ocrx_word' id='word_1_104' title='bbox 1357 946 1512 995; x_wconf 88' lang='lat' dir='ltr'>inprimis</span> <span class='ocrx_word' id='word_1_105' title='bbox 1546 947 1724 983; x_wconf 84' lang='lat' dir='ltr'>arcliaeo-</span> 
     </span>
     <span class='ocr_line' id='line_1_12' title="bbox 116 1016 1726 1072; baseline -0.006 -10"><span class='ocrx_word' id='word_1_106' title='bbox 116 1024 241 1072; x_wconf 88' lang='lat' dir='ltr'>logico</span> <span class='ocrx_word' id='word_1_107' title='bbox 275 1034 422 1060; x_wconf 91' lang='lat' dir='ltr'>romano</span> <span class='ocrx_word' id='word_1_108' title='bbox 454 1023 524 1058; x_wconf 87' lang='lat' dir='ltr'>hoc</span> <span class='ocrx_word' id='word_1_109' title='bbox 556 1031 698 1068; x_wconf 89' lang='lat' dir='ltr'>quoque</span> <span class='ocrx_word' id='word_1_110' title='bbox 743 1022 1053 1055; x_wconf 88' lang='lat' dir='ltr'>monumentorum</span> <span class='ocrx_word' id='word_1_111' title='bbox 1085 1029 1199 1064; x_wconf 86' lang='lat' dir='ltr'>genus</span> <span class='ocrx_word' id='word_1_112' title='bbox 1232 1017 1332 1054; x_wconf 84' lang='lat' dir='ltr'>novis</span> <span class='ocrx_word' id='word_1_113' title='bbox 1371 1016 1589 1054; x_wconf 84' lang='lat' dir='ltr'>adminiculis</span> <span class='ocrx_word' id='word_1_114' title='bbox 1620 1016 1726 1053; x_wconf 88' lang='lat' dir='ltr'>adiu-</span> 
     </span>
     <span class='ocr_line' id='line_1_13' title="bbox 119 1087 1726 1138; baseline -0.006 -5"><span class='ocrx_word' id='word_1_115' title='bbox 119 1099 229 1134; x_wconf 86' lang='lat' dir='ltr'>vante</span> <span class='ocrx_word' id='word_1_116' title='bbox 261 1099 297 1131; x_wconf 91' lang='lat' dir='ltr'>et</span> <span class='ocrx_word' id='word_1_117' title='bbox 328 1093 411 1130; x_wconf 89' lang='lat' dir='ltr'>viris</span> <span class='ocrx_word' id='word_1_118' title='bbox 454 1091 567 1128; x_wconf 91' lang='lat' dir='ltr'>doctis</span> <span class='ocrx_word' id='word_1_119' title='bbox 601 1091 735 1138; x_wconf 85' lang='lat' dir='ltr'>aliquot</span> <span class='ocrx_word' id='word_1_120' title='bbox 767 1089 947 1125; x_wconf 87' lang='lat' dir='ltr'>Germanis</span> <span class='ocrx_word' id='word_1_121' title='bbox 989 1088 1022 1125; x_wconf 90' lang='lat' dir='ltr'>in</span> <span class='ocrx_word' id='word_1_122' title='bbox 1054 1088 1128 1136; x_wconf 89' lang='lat' dir='ltr'>ipsa</span> <span class='ocrx_word' id='word_1_123' title='bbox 1171 1087 1271 1124; x_wconf 87' lang='lat' dir='ltr'>Italia</span> <span class='ocrx_word' id='word_1_124' title='bbox 1304 1087 1590 1135; x_wconf 81' lang='lat' dir='ltr'>inscriptionibus</span> <span class='ocrx_word' id='word_1_125' title='bbox 1634 1098 1726 1124; x_wconf 89' lang='lat' dir='ltr'>con·-</span> 
     </span>
     <span class='ocr_line' id='line_1_14' title="bbox 120 1157 1727 1214; baseline -0.006 -11"><span class='ocrx_word' id='word_1_126' title='bbox 120 1164 302 1214; x_wconf 89' lang='lat' dir='ltr'>quirendis</span> <span class='ocrx_word' id='word_1_127' title='bbox 335 1168 371 1201; x_wconf 88' lang='lat' dir='ltr'>et</span> <span class='ocrx_word' id='word_1_128' title='bbox 403 1160 621 1210; x_wconf 80' lang='lat' dir='ltr'>explicandis</span> <span class='ocrx_word' id='word_1_129' title='bbox 654 1160 810 1209; x_wconf 90' lang='lat' dir='ltr'>optimos</span> <span class='ocrx_word' id='word_1_130' title='bbox 844 1170 1005 1207; x_wconf 89' lang='lat' dir='ltr'>quosque</span> <span class='ocrx_word' id='word_1_131' title='bbox 1036 1159 1070 1195; x_wconf 84' lang='lat' dir='ltr'>in</span> <span class='ocrx_word' id='word_1_132' title='bbox 1098 1159 1167 1195; x_wconf 87' lang='lat' dir='ltr'>hoe</span> <span class='ocrx_word' id='word_1_133' title='bbox 1199 1169 1339 1205; x_wconf 85' lang='lat' dir='ltr'>genere</span> <span class='ocrx_word' id='word_1_134' title='bbox 1360 1157 1631 1203; x_wconf 79' lang='lat' dir='ltr'>aemulantibus,</span> <span class='ocrx_word' id='word_1_135' title='bbox 1662 1169 1727 1194; x_wconf 91' lang='lat' dir='ltr'>ac-</span> 
     </span>
     <span class='ocr_line' id='line_1_15' title="bbox 120 1227 1729 1279; baseline -0.006 -6"><span class='ocrx_word' id='word_1_136' title='bbox 120 1235 330 1273; x_wconf 87' lang='lat' dir='ltr'>cedentibus</span> <span class='ocrx_word' id='word_1_137' title='bbox 362 1238 415 1270; x_wconf 89' lang='lat' dir='ltr'>tot</span> <span class='ocrx_word' id='word_1_138' title='bbox 443 1231 602 1279; x_wconf 87' lang='lat' dir='ltr'>egregiis</span> <span class='ocrx_word' id='word_1_139' title='bbox 627 1231 894 1279; x_wconf 74' lang='lat' dir='ltr'>pliilologorum</span> <span class='ocrx_word' id='word_1_140' title='bbox 927 1230 957 1266; x_wconf 93' lang='lat' dir='ltr'>in</span> <span class='ocrx_word' id='word_1_141' title='bbox 981 1228 1167 1265; x_wconf 85' lang='lat' dir='ltr'>Germania</span> <span class='ocrx_word' id='word_1_142' title='bbox 1192 1232 1227 1264; x_wconf 91' lang='lat' dir='ltr'>et</span> <span class='ocrx_word' id='word_1_143' title='bbox 1246 1227 1577 1264; x_wconf 88' lang='lat' dir='ltr'>iurisconsultorum</span> <span class='ocrx_word' id='word_1_144' title='bbox 1600 1227 1729 1264; x_wconf 90' lang='lat' dir='ltr'>eodem</span> 
     </span>
     <span class='ocr_line' id='line_1_16' title="bbox 118 1298 1729 1356; baseline -0.006 -13"><span class='ocrx_word' id='word_1_145' title='bbox 118 1305 382 1356; x_wconf 86' lang='lat' dir='ltr'>pertinentibus</span> <span class='ocrx_word' id='word_1_146' title='bbox 414 1302 731 1347; x_wconf 75' lang='lat' dir='ltr'>lucubrationibus,</span> <span class='ocrx_word' id='word_1_147' title='bbox 763 1305 862 1337; x_wconf 89' lang='lat' dir='ltr'>tauto</span> <span class='ocrx_word' id='word_1_148' title='bbox 896 1299 1129 1336; x_wconf 80' lang='lat' dir='ltr'>confidentius</span> <span class='ocrx_word' id='word_1_149' title='bbox 1163 1298 1385 1347; x_wconf 83' lang='lat' dir='ltr'>exspectavi,</span> <span class='ocrx_word' id='word_1_150' title='bbox 1419 1302 1455 1334; x_wconf 90' lang='lat' dir='ltr'>ut</span> <span class='ocrx_word' id='word_1_151' title='bbox 1489 1298 1614 1346; x_wconf 87' lang='lat' dir='ltr'>aliquis</span> <span class='ocrx_word' id='word_1_152' title='bbox 1647 1310 1729 1335; x_wconf 92' lang='lat' dir='ltr'>om-</span> 
     </span>
     <span class='ocr_line' id='line_1_17' title="bbox 124 1368 1728 1422; baseline -0.007 -7"><span class='ocrx_word' id='word_1_153' title='bbox 124 1377 227 1415; x_wconf 88' lang='lat' dir='ltr'>nibus</span> <span class='ocrx_word' id='word_1_154' title='bbox 261 1376 303 1413; x_wconf 86' lang='lat' dir='ltr'>ad</span> <span class='ocrx_word' id='word_1_155' title='bbox 335 1387 409 1412; x_wconf 91' lang='lat' dir='ltr'>rem</span> <span class='ocrx_word' id='word_1_156' title='bbox 445 1372 698 1422; x_wconf 86' lang='lat' dir='ltr'>perficiendam</span> <span class='ocrx_word' id='word_1_157' title='bbox 731 1372 889 1420; x_wconf 87' lang='lat' dir='ltr'>partibus</span> <span class='ocrx_word' id='word_1_158' title='bbox 923 1382 978 1406; x_wconf 85' lang='lat' dir='ltr'>me</span> <span class='ocrx_word' id='word_1_159' title='bbox 1011 1369 1214 1406; x_wconf 88' lang='lat' dir='ltr'>instructior</span> <span class='ocrx_word' id='word_1_160' title='bbox 1247 1370 1336 1405; x_wconf 79' lang='lat' dir='ltr'>banc</span> <span class='ocrx_word' id='word_1_161' title='bbox 1366 1368 1586 1416; x_wconf 80' lang='lat' dir='ltr'>provinciam</span> <span class='ocrx_word' id='word_1_162' title='bbox 1614 1368 1728 1405; x_wconf 88' lang='lat' dir='ltr'>admi-</span> 
     </span>
     <span class='ocr_line' id='line_1_18' title="bbox 121 1438 1730 1492; baseline -0.007 -7"><span class='ocrx_word' id='word_1_163' title='bbox 121 1447 344 1485; x_wconf 88' lang='lat' dir='ltr'>nistrandam</span> <span class='ocrx_word' id='word_1_164' title='bbox 376 1444 585 1492; x_wconf 89' lang='lat' dir='ltr'>susciperet.</span> <span class='ocrx_word' id='word_1_165' title='bbox 635 1442 738 1487; x_wconf 88' lang='lat' dir='ltr'>Quod</span> <span class='ocrx_word' id='word_1_166' title='bbox 772 1441 853 1477; x_wconf 88' lang='lat' dir='ltr'>dum</span> <span class='ocrx_word' id='word_1_167' title='bbox 886 1441 1017 1476; x_wconf 76' lang='lat' dir='ltr'>frustra</span> <span class='ocrx_word' id='word_1_168' title='bbox 1047 1444 1235 1488; x_wconf 79' lang='lat' dir='ltr'>exspecto,</span> <span class='ocrx_word' id='word_1_169' title='bbox 1268 1438 1421 1475; x_wconf 85' lang='lat' dir='ltr'>docendi</span> <span class='ocrx_word' id='word_1_170' title='bbox 1449 1450 1569 1474; x_wconf 90' lang='lat' dir='ltr'>munus</span> <span class='ocrx_word' id='word_1_171' title='bbox 1592 1439 1626 1475; x_wconf 91' lang='lat' dir='ltr'>in</span> <span class='ocrx_word' id='word_1_172' title='bbox 1649 1439 1730 1475; x_wconf 89' lang='lat' dir='ltr'>uni-</span> 
     </span>
     <span class='ocr_line' id='line_1_19' title="bbox 122 1508 1731 1562; baseline -0.007 -7"><span class='ocrx_word' id='word_1_173' title='bbox 122 1517 296 1556; x_wconf 88' lang='lat' dir='ltr'>versitate</span> <span class='ocrx_word' id='word_1_174' title='bbox 327 1513 627 1562; x_wconf 87' lang='lat' dir='ltr'>Heidelbergensi</span> <span class='ocrx_word' id='word_1_175' title='bbox 659 1512 740 1549; x_wconf 89' lang='lat' dir='ltr'>mihi</span> <span class='ocrx_word' id='word_1_176' title='bbox 772 1512 970 1548; x_wconf 88' lang='lat' dir='ltr'>mandatum</span> <span class='ocrx_word' id='word_1_177' title='bbox 1005 1515 1084 1557; x_wconf 90' lang='lat' dir='ltr'>est,</span> <span class='ocrx_word' id='word_1_178' title='bbox 1118 1515 1153 1546; x_wconf 92' lang='lat' dir='ltr'>et</span> <span class='ocrx_word' id='word_1_179' title='bbox 1186 1510 1278 1546; x_wconf 87' lang='lat' dir='ltr'>unde</span> <span class='ocrx_word' id='word_1_180' title='bbox 1312 1509 1451 1545; x_wconf 86' lang='lat' dir='ltr'>auditor</span> <span class='ocrx_word' id='word_1_181' title='bbox 1483 1509 1565 1545; x_wconf 93' lang='lat' dir='ltr'>olim</span> <span class='ocrx_word' id='word_1_182' title='bbox 1599 1521 1618 1544; x_wconf 91' lang='lat' dir='ltr'>e</span> <span class='ocrx_word' id='word_1_183' title='bbox 1649 1508 1731 1545; x_wconf 86' lang='lat' dir='ltr'>Fri-</span> 
     </span>
     <span class='ocr_line' id='line_1_20' title="bbox 124 1578 1731 1631; baseline -0.007 -6"><span class='ocrx_word' id='word_1_184' title='bbox 124 1587 235 1626; x_wconf 87' lang='lat' dir='ltr'>derici</span> <span class='ocrx_word' id='word_1_185' title='bbox 268 1585 460 1631; x_wconf 80' lang='lat' dir='ltr'>Creuzeri,</span> <span class='ocrx_word' id='word_1_186' title='bbox 502 1583 724 1621; x_wconf 89' lang='lat' dir='ltr'>celeberrimi</span> <span class='ocrx_word' id='word_1_187' title='bbox 757 1582 844 1628; x_wconf 87' lang='lat' dir='ltr'>viri,</span> <span class='ocrx_word' id='word_1_188' title='bbox 887 1582 1010 1618; x_wconf 87' lang='lat' dir='ltr'>schola</span> <span class='ocrx_word' id='word_1_189' title='bbox 1043 1592 1210 1628; x_wconf 86' lang='lat' dir='ltr'>egressus</span> <span class='ocrx_word' id='word_1_190' title='bbox 1243 1591 1341 1624; x_wconf 84' lang='lat' dir='ltr'>sum,</span> <span class='ocrx_word' id='word_1_191' title='bbox 1382 1579 1510 1616; x_wconf 90' lang='lat' dir='ltr'>eodem</span> <span class='ocrx_word' id='word_1_192' title='bbox 1543 1579 1624 1615; x_wconf 90' lang='lat' dir='ltr'>mibi</span> <span class='ocrx_word' id='word_1_193' title='bbox 1664 1578 1731 1615; x_wconf 90' lang='lat' dir='ltr'>iam</span> 
     </span>
     <span class='ocr_line' id='line_1_21' title="bbox 126 1649 1730 1707; baseline -0.006 -12"><span class='ocrx_word' id='word_1_194' title='bbox 126 1658 374 1707; x_wconf 83' lang='lat' dir='ltr'>professorem</span> <span class='ocrx_word' id='word_1_195' title='bbox 406 1655 538 1692; x_wconf 91' lang='lat' dir='ltr'>reverti</span> <span class='ocrx_word' id='word_1_196' title='bbox 571 1658 677 1701; x_wconf 87' lang='lat' dir='ltr'>atque</span> <span class='ocrx_word' id='word_1_197' title='bbox 708 1654 801 1689; x_wconf 87' lang='lat' dir='ltr'>hunc</span> <span class='ocrx_word' id='word_1_198' title='bbox 833 1652 944 1700; x_wconf 88' lang='lat' dir='ltr'>ipsum</span> <span class='ocrx_word' id='word_1_199' title='bbox 978 1655 1253 1700; x_wconf 87' lang='lat' dir='ltr'>praeceptorem</span> <span class='ocrx_word' id='word_1_200' title='bbox 1285 1661 1397 1686; x_wconf 91' lang='lat' dir='ltr'>meum</span> <span class='ocrx_word' id='word_1_201' title='bbox 1429 1650 1545 1686; x_wconf 87' lang='lat' dir='ltr'>multis</span> <span class='ocrx_word' id='word_1_202' title='bbox 1577 1649 1730 1686; x_wconf 88' lang='lat' dir='ltr'>nomini-</span> 
     </span>
     <span class='ocr_line' id='line_1_22' title="bbox 121 1719 1729 1774; baseline -0.007 -9"><span class='ocrx_word' id='word_1_203' title='bbox 121 1728 191 1765; x_wconf 89' lang='lat' dir='ltr'>bus</span> <span class='ocrx_word' id='word_1_204' title='bbox 223 1739 243 1764; x_wconf 92' lang='lat' dir='ltr'>a</span> <span class='ocrx_word' id='word_1_205' title='bbox 274 1738 330 1763; x_wconf 90' lang='lat' dir='ltr'>me</span> <span class='ocrx_word' id='word_1_206' title='bbox 362 1725 420 1774; x_wconf 87' lang='lat' dir='ltr'>pie</span> <span class='ocrx_word' id='word_1_207' title='bbox 451 1725 653 1769; x_wconf 89' lang='lat' dir='ltr'>colendum,</span> <span class='ocrx_word' id='word_1_208' title='bbox 686 1735 778 1760; x_wconf 90' lang='lat' dir='ltr'>nnnc</span> <span class='ocrx_word' id='word_1_209' title='bbox 809 1727 939 1769; x_wconf 83' lang='lat' dir='ltr'>vegeta</span> <span class='ocrx_word' id='word_1_210' title='bbox 972 1725 1156 1758; x_wconf 84' lang='lat' dir='ltr'>senectute</span> <span class='ocrx_word' id='word_1_211' title='bbox 1189 1719 1416 1767; x_wconf 82' lang='lat' dir='ltr'>conspicuum</span> <span class='ocrx_word' id='word_1_212' title='bbox 1449 1719 1626 1767; x_wconf 87' lang='lat' dir='ltr'>collegam</span> <span class='ocrx_word' id='word_1_213' title='bbox 1658 1731 1729 1755; x_wconf 91' lang='lat' dir='ltr'>ve-</span> 
     </span>
     <span class='ocr_line' id='line_1_23' title="bbox 123 1789 1729 1842; baseline -0.006 -7"><span class='ocrx_word' id='word_1_214' title='bbox 123 1797 244 1836; x_wconf 85' lang='lat' dir='ltr'>nerari</span> <span class='ocrx_word' id='word_1_215' title='bbox 276 1795 440 1842; x_wconf 84' lang='lat' dir='ltr'>contigit.</span> <span class='ocrx_word' id='word_1_216' title='bbox 485 1796 584 1831; x_wconf 86' lang='lat' dir='ltr'>Nunc</span> <span class='ocrx_word' id='word_1_217' title='bbox 616 1793 724 1840; x_wconf 88' lang='lat' dir='ltr'>igitur</span> <span class='ocrx_word' id='word_1_218' title='bbox 756 1794 843 1829; x_wconf 83' lang='lat' dir='ltr'>baec</span> <span class='ocrx_word' id='word_1_219' title='bbox 875 1792 988 1829; x_wconf 83' lang='lat' dir='ltr'>studia</span> <span class='ocrx_word' id='word_1_220' title='bbox 1012 1802 1186 1838; x_wconf 90' lang='lat' dir='ltr'>nunquam</span> <span class='ocrx_word' id='word_1_221' title='bbox 1214 1790 1356 1827; x_wconf 88' lang='lat' dir='ltr'>deserta</span> <span class='ocrx_word' id='word_1_222' title='bbox 1378 1789 1575 1826; x_wconf 89' lang='lat' dir='ltr'>instaurato</span> <span class='ocrx_word' id='word_1_223' title='bbox 1599 1789 1729 1826; x_wconf 91' lang='lat' dir='ltr'>ardore</span> 
     </span>
     <span class='ocr_line' id='line_1_24' title="bbox 124 1859 1728 1917; baseline -0.006 -12"><span class='ocrx_word' id='word_1_224' title='bbox 124 1867 306 1917; x_wconf 76' lang='lat' dir='ltr'>repetivi3</span> <span class='ocrx_word' id='word_1_225' title='bbox 337 1878 429 1914; x_wconf 84' lang='lat' dir='ltr'>quae</span> <span class='ocrx_word' id='word_1_226' title='bbox 462 1866 506 1903; x_wconf 92' lang='lat' dir='ltr'>de</span> <span class='ocrx_word' id='word_1_227' title='bbox 538 1864 824 1912; x_wconf 87' lang='lat' dir='ltr'>inscriptionibus</span> <span class='ocrx_word' id='word_1_228' title='bbox 856 1863 968 1899; x_wconf 88' lang='lat' dir='ltr'>latinis</span> <span class='ocrx_word' id='word_1_229' title='bbox 1002 1865 1260 1898; x_wconf 89' lang='lat' dir='ltr'>commentatus</span> <span class='ocrx_word' id='word_1_230' title='bbox 1291 1872 1409 1906; x_wconf 87' lang='lat' dir='ltr'>eram,</span> <span class='ocrx_word' id='word_1_231' title='bbox 1442 1861 1586 1907; x_wconf 86' lang='lat' dir='ltr'>collegi,</span> <span class='ocrx_word' id='word_1_232' title='bbox 1619 1859 1728 1896; x_wconf 86' lang='lat' dir='ltr'>casti-</span> 
     </span>
     <span class='ocr_line' id='line_1_25' title="bbox 128 1931 1724 1988; baseline -0.007 -12"><span class='ocrx_word' id='word_1_233' title='bbox 128 1939 228 1988; x_wconf 82' lang='lat' dir='ltr'>gavi,</span> <span class='ocrx_word' id='word_1_234' title='bbox 260 1937 421 1988; x_wconf 80' lang='lat' dir='ltr'>supplevi</span> <span class='ocrx_word' id='word_1_235' title='bbox 454 1941 561 1984; x_wconf 88' lang='lat' dir='ltr'>atque</span> <span class='ocrx_word' id='word_1_236' title='bbox 593 1937 662 1972; x_wconf 87' lang='lat' dir='ltr'>hoc</span> <span class='ocrx_word' id='word_1_237' title='bbox 693 1933 948 1983; x_wconf 78' lang='lat' dir='ltr'>epigrapbicae</span> <span class='ocrx_word' id='word_1_238' title='bbox 980 1944 1148 1969; x_wconf 87' lang='lat' dir='ltr'>romanae</span> <span class='ocrx_word' id='word_1_239' title='bbox 1181 1931 1410 1968; x_wconf 87' lang='lat' dir='ltr'>enchiridium</span> <span class='ocrx_word' id='word_1_240' title='bbox 1442 1931 1616 1967; x_wconf 88' lang='lat' dir='ltr'>edendum</span> <span class='ocrx_word' id='word_1_241' title='bbox 1649 1941 1724 1965; x_wconf 92' lang='lat' dir='ltr'>sus-</span> 
     </span>
     <span class='ocr_line' id='line_1_26' title="bbox 128 2001 1733 2059; baseline -0.006 -13"><span class='ocrx_word' id='word_1_242' title='bbox 128 2009 220 2059; x_wconf 86' lang='lat' dir='ltr'>cepi,</span> <span class='ocrx_word' id='word_1_243' title='bbox 253 2008 349 2045; x_wconf 86' lang='lat' dir='ltr'>cuius</span> <span class='ocrx_word' id='word_1_244' title='bbox 382 2006 525 2054; x_wconf 91' lang='lat' dir='ltr'>quidem</span> <span class='ocrx_word' id='word_1_245' title='bbox 557 2004 677 2054; x_wconf 89' lang='lat' dir='ltr'>operis</span> <span class='ocrx_word' id='word_1_246' title='bbox 710 2004 894 2041; x_wconf 88' lang='lat' dir='ltr'>consilium</span> <span class='ocrx_word' id='word_1_247' title='bbox 927 2008 963 2041; x_wconf 88' lang='lat' dir='ltr'>et</span> <span class='ocrx_word' id='word_1_248' title='bbox 994 2003 1169 2040; x_wconf 85' lang='lat' dir='ltr'>rationem</span> <span class='ocrx_word' id='word_1_249' title='bbox 1202 2006 1238 2038; x_wconf 92' lang='lat' dir='ltr'>ut</span> <span class='ocrx_word' id='word_1_250' title='bbox 1270 2001 1426 2038; x_wconf 83' lang='lat' dir='ltr'>breviter</span> <span class='ocrx_word' id='word_1_251' title='bbox 1459 2002 1527 2037; x_wconf 87' lang='lat' dir='ltr'>boc</span> <span class='ocrx_word' id='word_1_252' title='bbox 1558 2001 1640 2037; x_wconf 92' lang='lat' dir='ltr'>loco</span> <span class='ocrx_word' id='word_1_253' title='bbox 1663 2011 1733 2036; x_wconf 82' lang='lat' dir='ltr'>ex·-</span> 
     </span>
     <span class='ocr_line' id='line_1_27' title="bbox 126 2075 725 2131; baseline -0.01 -13"><span class='ocrx_word' id='word_1_254' title='bbox 126 2091 300 2131; x_wconf 85' lang='lat' dir='ltr'>ponerem</span> <span class='ocrx_word' id='word_1_255' title='bbox 318 2106 329 2125; x_wconf 88' lang='lat'>,</span> <span class='ocrx_word' id='word_1_256' title='bbox 359 2076 598 2115; x_wconf 88' lang='lat' dir='ltr'>necessarium</span> <span class='ocrx_word' id='word_1_257' title='bbox 631 2075 725 2113; x_wconf 84' lang='lat' dir='ltr'>duxi.</span> 
     </span>
    </p>
   </div>
   <div class='ocr_carea' id='block_1_3' title="bbox 131 2152 1738 2493">
    <p class='ocr_par' dir='ltr' id='par_1_3' title="bbox 131 2152 1738 2493">
     <span class='ocr_line' id='line_1_28' title="bbox 274 2152 1734 2208; baseline -0.006 -10"><span class='ocrx_word' id='word_1_258' title='bbox 274 2160 441 2198; x_wconf 88' lang='lat' dir='ltr'>Continet</span> <span class='ocrx_word' id='word_1_259' title='bbox 470 2159 580 2208; x_wconf 88' lang='lat' dir='ltr'>igitur</span> <span class='ocrx_word' id='word_1_260' title='bbox 611 2159 680 2195; x_wconf 82' lang='lat' dir='ltr'>hoc-</span> <span class='ocrx_word' id='word_1_261' title='bbox 712 2157 943 2194; x_wconf 83' lang='lat' dir='ltr'>enchiridium</span> <span class='ocrx_word' id='word_1_262' title='bbox 976 2157 1056 2194; x_wconf 88' lang='lat' dir='ltr'>bina</span> <span class='ocrx_word' id='word_1_263' title='bbox 1091 2156 1283 2201; x_wconf 77' lang='lat' dir='ltr'>volumina,</span> <span class='ocrx_word' id='word_1_264' title='bbox 1317 2166 1466 2203; x_wconf 85' lang='lat' dir='ltr'>quorum</span> <span class='ocrx_word' id='word_1_265' title='bbox 1499 2154 1593 2203; x_wconf 90' lang='lat' dir='ltr'>prius</span> <span class='ocrx_word' id='word_1_266' title='bbox 1626 2152 1734 2190; x_wconf 87' lang='lat' dir='ltr'>volu-</span> 
     </span>
     <span class='ocr_line' id='line_1_29' title="bbox 131 2221 1736 2278; baseline -0.007 -8"><span class='ocrx_word' id='word_1_267' title='bbox 131 2243 213 2271; x_wconf 89' lang='lat' dir='ltr'>men</span> <span class='ocrx_word' id='word_1_268' title='bbox 259 2242 482 2269; x_wconf 89' lang='lat' dir='ltr'>romanarum</span> <span class='ocrx_word' id='word_1_269' title='bbox 515 2229 783 2278; x_wconf 82' lang='lat' dir='ltr'>inscriptionum</span> <span class='ocrx_word' id='word_1_270' title='bbox 825 2228 1003 2264; x_wconf 88' lang='lat' dir='ltr'>delectum</span> <span class='ocrx_word' id='word_1_271' title='bbox 1037 2227 1204 2273; x_wconf 87' lang='lat' dir='ltr'>includit,</span> <span class='ocrx_word' id='word_1_272' title='bbox 1245 2226 1392 2262; x_wconf 89' lang='lat' dir='ltr'>alterum</span> <span class='ocrx_word' id='word_1_273' title='bbox 1425 2225 1591 2262; x_wconf 84' lang='lat' dir='ltr'>volumen</span> <span class='ocrx_word' id='word_1_274' title='bbox 1635 2221 1736 2260; x_wconf 87' lang='lat' dir='ltr'>brevi</span> 
     </span>
     <span class='ocr_line' id='line_1_30' title="bbox 137 2294 1736 2352; baseline -0.006 -13"><span class='ocrx_word' id='word_1_275' title='bbox 137 2307 304 2352; x_wconf 84' lang='lat' dir='ltr'>tempore</span> <span class='ocrx_word' id='word_1_276' title='bbox 335 2302 603 2338; x_wconf 86' lang='lat' dir='ltr'>subsecuturum</span> <span class='ocrx_word' id='word_1_277' title='bbox 635 2299 848 2336; x_wconf 90' lang='lat' dir='ltr'>succinctam</span> <span class='ocrx_word' id='word_1_278' title='bbox 882 2298 1076 2336; x_wconf 87' lang='lat' dir='ltr'>earundem</span> <span class='ocrx_word' id='word_1_279' title='bbox 1099 2297 1407 2344; x_wconf 89' lang='lat' dir='ltr'>intelligendarum</span> <span class='ocrx_word' id='word_1_280' title='bbox 1441 2300 1476 2332; x_wconf 90' lang='lat' dir='ltr'>et</span> <span class='ocrx_word' id='word_1_281' title='bbox 1500 2294 1736 2343; x_wconf 89' lang='lat' dir='ltr'>explicanda-</span> 
     </span>
     <span class='ocr_line' id='line_1_31' title="bbox 135 2364 1738 2417; baseline -0.007 -6"><span class='ocrx_word' id='word_1_282' title='bbox 135 2385 212 2411; x_wconf 88' lang='lat' dir='ltr'>rum</span> <span class='ocrx_word' id='word_1_283' title='bbox 244 2371 441 2411; x_wconf 89' lang='lat' dir='ltr'>doctrinam</span> <span class='ocrx_word' id='word_1_284' title='bbox 475 2370 646 2417; x_wconf 86' lang='lat' dir='ltr'>continet‚</span> <span class='ocrx_word' id='word_1_285' title='bbox 679 2381 724 2406; x_wconf 83' lang='lat' dir='ltr'>ex</span> <span class='ocrx_word' id='word_1_286' title='bbox 757 2381 798 2406; x_wconf 88' lang='lat' dir='ltr'>ea</span> <span class='ocrx_word' id='word_1_287' title='bbox 831 2370 906 2406; x_wconf 79' lang='lat' dir='ltr'>sere</span> <span class='ocrx_word' id='word_1_288' title='bbox 939 2369 1182 2417; x_wconf 88' lang='lat' dir='ltr'>descriptione</span> <span class='ocrx_word' id='word_1_289' title='bbox 1214 2368 1444 2413; x_wconf 87' lang='lat' dir='ltr'>elaboratam,</span> <span class='ocrx_word' id='word_1_290' title='bbox 1477 2377 1579 2414; x_wconf 86' lang='lat' dir='ltr'>quam</span> <span class='ocrx_word' id='word_1_291' title='bbox 1613 2364 1738 2401; x_wconf 89' lang='lat' dir='ltr'>abhinc</span> 
     </span>
     <span class='ocr_line' id='line_1_32' title="bbox 136 2435 1738 2493; baseline -0.007 -11"><span class='ocrx_word' id='word_1_292' title='bbox 136 2444 274 2493; x_wconf 90' lang='lat' dir='ltr'>aliquot</span> <span class='ocrx_word' id='word_1_293' title='bbox 313 2443 411 2480; x_wconf 91' lang='lat' dir='ltr'>annis</span> <span class='ocrx_word' id='word_1_294' title='bbox 451 2442 521 2479; x_wconf 90' lang='lat' dir='ltr'>alio</span> <span class='ocrx_word' id='word_1_295' title='bbox 561 2435 702 2489; x_wconf 59' lang='lat' dir='ltr'>tocoss)</span> <span class='ocrx_word' id='word_1_296' title='bbox 746 2441 958 2477; x_wconf 87' lang='lat' dir='ltr'>delineatam</span> <span class='ocrx_word' id='word_1_297' title='bbox 1000 2439 1183 2488; x_wconf 86' lang='lat' dir='ltr'>proposui.</span> <span class='ocrx_word' id='word_1_298' title='bbox 1243 2439 1279 2475; x_wconf 91' lang='lat' dir='ltr'>ln</span> <span class='ocrx_word' id='word_1_299' title='bbox 1313 2439 1383 2474; x_wconf 88' lang='lat' dir='ltr'>hoc</span> <span class='ocrx_word' id='word_1_300' title='bbox 1426 2441 1542 2474; x_wconf 87' lang='lat' dir='ltr'>autem</span> <span class='ocrx_word' id='word_1_301' title='bbox 1584 2435 1738 2480; x_wconf 87' lang='lat' dir='ltr'>delectu,</span> 
     </span>
    </p>
   </div>
   <div class='ocr_carea' id='block_1_4' title="bbox 144 2567 548 2576">
    <p class='ocr_par' dir='ltr' id='par_1_4' title="bbox 144 2567 548 2576">
     <span class='ocr_line' id='line_1_33' title="bbox 144 2567 548 2576; baseline -0.015 0"><span class='ocrx_word' id='word_1_302' title='bbox 144 2567 470 2576; x_wconf 32' lang='grc' dir='ltr'>*ὡψ-Ϋᾼῌᾲ</span> <span class='ocrx_word' id='word_1_303' title='bbox 482 2568 486 2569; x_wconf 34' lang='lat'><em>⁷</em></span> <span class='ocrx_word' id='word_1_304' title='bbox 495 2568 506 2570; x_wconf 88' lang='lat'><em>-</em></span> <span class='ocrx_word' id='word_1_305' title='bbox 514 2568 528 2570; x_wconf 33' lang='lat'>-⁷</span> <span class='ocrx_word' id='word_1_306' title='bbox 542 2568 548 2570; x_wconf 60' lang='grc'><strong>,</strong></span> 
     </span>
    </p>
   </div>
   <div class='ocr_carea' id='block_1_5' title="bbox 138 2631 1742 2855">
    <p class='ocr_par' dir='ltr' id='par_1_5' title="bbox 138 2631 1742 2855">
     <span class='ocr_line' id='line_1_34' title="bbox 138 2631 1742 2681; baseline -0.008 -3"><span class='ocrx_word' id='word_1_307' title='bbox 138 2643 239 2679; x_wconf 87' lang='lat' dir='ltr'>zioni.</span> <span class='ocrx_word' id='word_1_308' title='bbox 287 2642 324 2676; x_wconf 91' lang='lat' dir='ltr'>In</span> <span class='ocrx_word' id='word_1_309' title='bbox 349 2641 455 2675; x_wconf 79' lang='lat' dir='ltr'>noma</span> <span class='ocrx_word' id='word_1_310' title='bbox 482 2639 582 2673; x_wconf 76' lang='lat'>1770.</span> <span class='ocrx_word' id='word_1_311' title='bbox 609 2638 640 2672; x_wconf 86' lang='lat'>8.</span> <span class='ocrx_word' id='word_1_312' title='bbox 668 2644 703 2672; x_wconf 86' lang='lat' dir='ltr'>et</span> <span class='ocrx_word' id='word_1_313' title='bbox 728 2638 875 2671; x_wconf 78' lang='lat' dir='ltr'>Venetiis</span> <span class='ocrx_word' id='word_1_314' title='bbox 904 2636 1003 2670; x_wconf 77' lang='lat'><strong>1792.</strong></span> <span class='ocrx_word' id='word_1_315' title='bbox 1029 2635 1079 2679; x_wconf 78' lang='grc'>8.,</span> <span class='ocrx_word' id='word_1_316' title='bbox 1110 2637 1275 2681; x_wconf 80' lang='lat' dir='ltr'>posterior</span> <span class='ocrx_word' id='word_1_317' title='bbox 1300 2634 1414 2679; x_wconf 75' lang='lat' dir='ltr'>Stepli.</span> <span class='ocrx_word' id='word_1_318' title='bbox 1442 2633 1563 2667; x_wconf 78' lang='lat' dir='ltr'>Anton.</span> <span class='ocrx_word' id='word_1_319' title='bbox 1590 2631 1742 2666; x_wconf 80' lang='lat' dir='ltr'>Marcelli</span> 
     </span>
     <span class='ocr_line' id='line_1_35' title="bbox 139 2689 1742 2745; baseline -0.009 -8"><span class='ocrx_word' id='word_1_320' title='bbox 139 2704 191 2737; x_wconf 91' lang='lat' dir='ltr'>De</span> <span class='ocrx_word' id='word_1_321' title='bbox 216 2701 292 2736; x_wconf 89' lang='lat' dir='ltr'>stilo</span> <span class='ocrx_word' id='word_1_322' title='bbox 317 2700 568 2745; x_wconf 88' lang='lat' dir='ltr'>inscriptionum</span> <span class='ocrx_word' id='word_1_323' title='bbox 601 2698 778 2732; x_wconf 86' lang='lat' dir='ltr'>latinarum</span> <span class='ocrx_word' id='word_1_324' title='bbox 803 2696 887 2729; x_wconf 86' lang='lat' dir='ltr'>Libri</span> <span class='ocrx_word' id='word_1_325' title='bbox 914 2695 969 2730; x_wconf 90' lang='lat'><em>111.</em></span> <span class='ocrx_word' id='word_1_326' title='bbox 1000 2696 1139 2730; x_wconf 85' lang='lat' dir='ltr'>Romae.</span> <span class='ocrx_word' id='word_1_327' title='bbox 1166 2695 1263 2728; x_wconf 82' lang='lat'>1781.</span> <span class='ocrx_word' id='word_1_328' title='bbox 1300 2695 1401 2738; x_wconf 87' lang='lat' dir='ltr'>inque</span> <span class='ocrx_word' id='word_1_329' title='bbox 1427 2692 1586 2726; x_wconf 85' lang='lat' dir='ltr'>Eiusdem</span> <span class='ocrx_word' id='word_1_330' title='bbox 1619 2689 1742 2734; x_wconf 87' lang='lat' dir='ltr'>Operi-</span> 
     </span>
     <span class='ocr_line' id='line_1_36' title="bbox 139 2750 1742 2805; baseline -0.008 -11"><span class='ocrx_word' id='word_1_331' title='bbox 139 2760 203 2795; x_wconf 88' lang='lat' dir='ltr'>bus</span> <span class='ocrx_word' id='word_1_332' title='bbox 228 2759 455 2805; x_wconf 86' lang='lat' dir='ltr'>cpigraphicis</span> <span class='ocrx_word' id='word_1_333' title='bbox 480 2757 637 2800; x_wconf 73' lang='lat' dir='ltr'>(Patavii.</span> <span class='ocrx_word' id='word_1_334' title='bbox 666 2756 764 2790; x_wconf 82' lang='lat'><strong>1819.</strong></span> <span class='ocrx_word' id='word_1_335' title='bbox 791 2756 811 2788; x_wconf 85' lang='lat'>5</span> <span class='ocrx_word' id='word_1_336' title='bbox 836 2755 915 2789; x_wconf 83' lang='lat' dir='ltr'>voli.</span> <span class='ocrx_word' id='word_1_337' title='bbox 941 2753 991 2797; x_wconf 79' lang='lat'>4.)</span> <span class='ocrx_word' id='word_1_338' title='bbox 1017 2754 1083 2788; x_wconf 75' lang='lat' dir='ltr'>vol.</span> <span class='ocrx_word' id='word_1_339' title='bbox 1111 2753 1227 2788; x_wconf 83' lang='lat'>1—111.</span> <span class='ocrx_word' id='word_1_340' title='bbox 1277 2752 1389 2786; x_wconf 81' lang='lat' dir='ltr'>Editio</span> <span class='ocrx_word' id='word_1_341' title='bbox 1422 2751 1529 2785; x_wconf 82' lang='lat' dir='ltr'>altera</span> <span class='ocrx_word' id='word_1_342' title='bbox 1555 2750 1684 2783; x_wconf 89' lang='lat' dir='ltr'>auctior</span> <span class='ocrx_word' id='word_1_343' title='bbox 1709 2754 1742 2782; x_wconf 86' lang='lat' dir='ltr'>et</span> 
     </span>
     <span class='ocr_line' id='line_1_37' title="bbox 142 2819 361 2855; baseline -0.018 0"><span class='ocrx_word' id='word_1_344' title='bbox 142 2819 361 2855; x_wconf 86' lang='lat' dir='ltr'>emendatior.</span> 
     </span>
    </p>
   </div>
   <div class='ocr_carea' id='block_1_6' title="bbox 145 2887 1744 3066">
    <p class='ocr_par' dir='ltr' id='par_1_6' title="bbox 145 2887 1744 3066">
     <span class='ocr_line' id='line_1_38' title="bbox 283 2887 1743 2944; baseline -0.01 -10"><span class='ocrx_word' id='word_1_345' title='bbox 283 2898 320 2944; x_wconf 73' lang='lat'>²³²)</span> <span class='ocrx_word' id='word_1_346' title='bbox 346 2897 730 2942; x_wconf 74' lang='lat' dir='ltr'>Real-Encyclopaedie</span> <span class='ocrx_word' id='word_1_347' title='bbox 765 2896 825 2930; x_wconf 89' lang='lat' dir='ltr'>der</span> <span class='ocrx_word' id='word_1_348' title='bbox 858 2895 1061 2929; x_wconf 86' lang='lat' dir='ltr'>classiscben</span> <span class='ocrx_word' id='word_1_349' title='bbox 1087 2888 1429 2933; x_wconf 66' lang='lat' dir='ltr'>Auerthumskunde,</span> <span class='ocrx_word' id='word_1_350' title='bbox 1464 2887 1743 2933; x_wconf 85' lang='lat' dir='ltr'>herausgegeben</span> 
     </span>
     <span class='ocr_line' id='line_1_39' title="bbox 145 2947 1744 3004; baseline -0.009 -10"><span class='ocrx_word' id='word_1_351' title='bbox 145 2970 213 2995; x_wconf 89' lang='lat' dir='ltr'>von</span> <span class='ocrx_word' id='word_1_352' title='bbox 237 2959 370 3004; x_wconf 83' lang='lat' dir='ltr'>August</span> <span class='ocrx_word' id='word_1_353' title='bbox 393 2959 510 3002; x_wconf 82' lang='lat' dir='ltr'>Pauly,</span> <span class='ocrx_word' id='word_1_354' title='bbox 535 2958 733 3002; x_wconf 85' lang='lat' dir='ltr'>fortgesetzt</span> <span class='ocrx_word' id='word_1_355' title='bbox 757 2966 824 2989; x_wconf 84' lang='lat' dir='ltr'>von</span> <span class='ocrx_word' id='word_1_356' title='bbox 851 2954 927 2989; x_wconf 84' lang='lat' dir='ltr'>Chr.</span> <span class='ocrx_word' id='word_1_357' title='bbox 955 2955 1051 2989; x_wconf 88' lang='lat' dir='ltr'>Walz</span> <span class='ocrx_word' id='word_1_358' title='bbox 1077 2954 1137 2987; x_wconf 86' lang='lat' dir='ltr'>urd</span> <span class='ocrx_word' id='word_1_359' title='bbox 1165 2953 1212 2986; x_wconf 90' lang='lat' dir='ltr'>W.</span> <span class='ocrx_word' id='word_1_360' title='bbox 1239 2953 1271 2986; x_wconf 91' lang='lat' dir='ltr'>S.</span> <span class='ocrx_word' id='word_1_361' title='bbox 1297 2951 1437 2986; x_wconf 75' lang='lat' dir='ltr'>Teuffel,</span> <span class='ocrx_word' id='word_1_362' title='bbox 1487 2949 1618 2983; x_wconf 68' lang='lat' dir='ltr'>Vierter</span> <span class='ocrx_word' id='word_1_363' title='bbox 1637 2947 1744 2981; x_wconf 93' lang='lat' dir='ltr'>Band.</span> 
     </span>
     <span class='ocr_line' id='line_1_40' title="bbox 146 3013 1287 3066; baseline -0.01 -9"><span class='ocrx_word' id='word_1_364' title='bbox 146 3020 320 3066; x_wconf 75' lang='lat' dir='ltr'>stuttgart.</span> <span class='ocrx_word' id='word_1_365' title='bbox 348 3018 450 3054; x_wconf 82' lang='lat'><strong>184⁶.</strong></span> <span class='ocrx_word' id='word_1_366' title='bbox 475 3028 554 3063; x_wconf 85' lang='lat' dir='ltr'>pag.</span> <span class='ocrx_word' id='word_1_367' title='bbox 582 3015 647 3052; x_wconf 82' lang='lat'>184</span> <span class='ocrx_word' id='word_1_368' title='bbox 659 3027 753 3063; x_wconf 86' lang='lat' dir='ltr'>seqq.</span> <span class='ocrx_word' id='word_1_369' title='bbox 779 3026 806 3051; x_wconf 86' lang='lat' dir='ltr'>s.</span> <span class='ocrx_word' id='word_1_370' title='bbox 833 3026 864 3050; x_wconf 81' lang='lat' dir='ltr'>v.</span> <span class='ocrx_word' id='word_1_371' title='bbox 890 3014 1130 3058; x_wconf 87' lang='lat' dir='ltr'>Inscriptioncs</span> <span class='ocrx_word' id='word_1_372' title='bbox 1155 3013 1287 3047; x_wconf 83' lang='lat' dir='ltr'>latinae.</span> 
     </span>
    </p>
   </div>
  </div>
 </body>
</html>
