1877 3313
669 147 700 187 ἓ.
730 146 759 179 1.
808 146 915 190 Leges
941 152 975 180 et
1000 146 1186 191 plebiscita.
1644 149 1725 192 2¹71

125 250 307 293 secturae
351 251 442 292 foro
485 251 736 293 conciliabuli
769 256 907 303 erunt,
950 251 1172 304 habebunt,
1215 253 1278 293 nei
1308 254 1395 306 quis
1427 266 1564 296 eorum
1597 268 1674 309 que
1693 253 1729 309 ¹)

125 311 164 351 in
201 323 251 351 eo
285 310 497 363 municipio
530 310 709 351 coloniae
740 310 1006 363 praefecturat
1031 310 1119 351 soro
1142 311 1416 362 conciliabulo,
1448 318 1625 355 senatum
1658 314 1735 355 de-

127 369 315 409 curiones
347 369 649 422 conscriptosve
680 369 813 420 lecito,
846 382 947 409 neve
979 368 1188 420 sublecito,
1220 383 1322 410 nove
1343 376 1525 424 coaptato
1542 370 1597 427 2),
1630 386 1733 414 neve

126 427 353 468 recitandos
386 432 546 478 curato,
577 428 651 468 nisi
683 428 720 475 in
753 427 974 468 demortuei
1013 428 1255 468 damnateive
1287 429 1439 476 locum,
1471 431 1608 472 eiusve
1639 433 1732 485 quei

128 485 337 527 confessus
382 487 457 526 erit
488 499 533 527 se
576 491 803 527 senatorem
846 486 1103 527 decurionem
1145 488 1488 542 consereiptumve
1528 489 1605 531 ibei
1637 490 1672 532 h.
1705 491 1728 532 l.

127 556 221 586 esse
252 557 330 586 non
363 545 494 586 licere.

828 615 879 656 Ca
912 619 953 656 ut
984 615 1043 655 Vl.

268 686 367 733 Quei
408 685 533 726 minor
575 697 700 727 annos
731 684 844 726 XXX
876 628 990 726 iiatus
1034 690 1095 726 est
1135 687 1210 727 erit
1240 689 1304 728 nei
1347 689 1432 740 quis
1474 700 1610 729 eorum
1644 695 1733 743 post

80 775 83 778 -
127 744 163 785 k.
195 744 346 785 ianuar.
379 742 576 784 secundas
608 744 647 784 in
679 745 889 797 municipio
933 743 1088 786 colonia
1120 745 1389 798 praefectura,
1430 745 1543 787 llvir.
1584 747 1645 788 Illl
1659 749 1730 790 vir.

127 815 230 844 neve
261 816 379 856 quem
412 802 529 843 alium
561 815 660 857 mag.
694 804 815 856 petito
857 815 959 844 neve
999 804 1126 856 capito
1170 817 1270 844 neve
1302 806 1453 859 gei-ito,
1496 806 1597 847 nisei
1639 808 1731 860 quei

129 874 269 903 eorum
301 861 494 914 stipendia
527 873 630 913 equo
663 862 700 901 in
732 862 886 902 lecione
917 862 976 912 111,
1009 867 1074 903 aut
1104 863 1301 916 pedestria
1334 866 1370 904 in
1403 864 1559 918 legione
1592 865 1638 906 Vl
1666 865 1733 905 se—

129 921 249 971 cerit,
282 933 382 973 quae
413 919 605 973 stipendia
637 920 675 960 in
708 922 872 961 castreis
904 921 994 961 inve
1027 922 1227 974 provincia
1271 924 1457 964 maiorem
1489 928 1640 976 partem
1672 925 1733 965 sui

130 979 354 1033 quoiusque
388 980 477 1020 anni
517 978 681 1028 feeerit,
724 984 788 1020 aut
830 980 918 1019 bina
959 981 1186 1031 semestri-a,
1231 994 1332 1033 (piae
1374 982 1409 1021 ei
1440 994 1513 1035 pro
1545 982 1734 1024 sinculeis

100 1071 102 1073 >
129 1038 267 1079 anneis
297 1037 521 1091 procedere
553 1042 755 1090 oporteat,
797 1042 861 1079 aut
893 1038 928 1078 ei
961 1039 1115 1080 vacatio
1131 1036 1171 1094 3)
1203 1041 1261 1080 rei
1293 1040 1468 1081 militaris
1500 1040 1650 1082 lecibus
1681 1041 1733 1095 pl.

129 1110 180 1137 ve
211 1109 267 1138 sc.
299 1109 403 1137 exve
435 1095 590 1137 foidere
622 1097 718 1148 erit,
750 1097 939 1150 quoqirca
970 1110 1059 1137 eum
1091 1097 1278 1138 inveitum
1310 1111 1465 1139 merere
1496 1111 1575 1140 non
1608 1112 1735 1154 opor-

129 1160 219 1197 teat.
262 1155 374 1195 Neve
406 1156 495 1208 quis
538 1167 615 1207 que
658 1157 912 1208 praeconium
955 1155 1279 1209 dissignationem
1321 1157 1560 1198 libitinamve
1604 1158 1734 1210 faciet,

131 1214 221 1255 dum
254 1226 393 1255 eorum
425 1214 519 1267 quid
552 1214 681 1265 faciet,
713 1215 749 1254 in
777 1215 986 1268 municipio
1009 1214 1162 1255 colonia
1186 1213 1422 1268 prafectura,
1453 1217 1483 1257 ll
1497 1218 1565 1257 vir.
1588 1217 1650 1258 llll
1663 1220 1734 1258 vir.

131 1273 300 1314 aliumve
342 1285 461 1326 quein
504 1285 601 1313 mac.
644 1274 767 1324 petito
809 1285 910 1313 neve
951 1273 1078 1326 capito
1120 1285 1222 1313 neve
1263 1275 1392 1326 gerito
1433 1287 1535 1315 neve
1577 1276 1736 1329 habeto,

131 1345 233 1373 neve
264 1332 342 1372 ibei
372 1335 533 1372 senator
565 1344 667 1371 neve
701 1331 888 1380 decurio,
930 1343 1032 1371 neve
1063 1331 1312 1384 conscriptus
1343 1337 1455 1384 esto,
1495 1346 1597 1374 neve
1636 1348 1736 1376 sen-

131 1474 383 1523 praefectura,
416 1473 508 1520 fori,
540 1473 763 1510 conciliabuli
797 1478 923 1519 erunt,
956 1470 1160 1520 liabebunt'*,
1193 1487 1236 1511 ne
1268 1475 1344 1522 quis
1377 1487 1500 1512 eorum
1534 1471 1736 1529 [ali)quem

133 1534 168 1569 in
201 1544 245 1569 eo
278 1532 488 1580 municipio,
521 1533 686 1578 colonia,
719 1533 968 1580 praefectura,
1011 1533 1113 1578 foro,
1156 1533 1417 1580 conciliabulo,
1448 1531 1533 1588 (in)
1565 1541 1739 1583 senatum,

135 1591 361 1637 decuriones,
393 1591 665 1639 conscriptosve
700 1591 839 1637 legito,
870 1603 960 1628 nevc
993 1592 1173 1639 sublegito
1206 1603 1296 1629 neve
1330 1598 1518 1642 cooptato,
1551 1606 1641 1631 neve
1673 1607 1738 1632 re-

132 1650 294 1687 citandos
334 1654 483 1696 curato,
525 1649 590 1686 nisi
622 1650 655 1686 in
689 1650 887 1696 demortui,
931 1651 1131 1687 damnative
1173 1651 1312 1697 locum,
1355 1652 1501 1699 eiusve,
1543 1654 1601 1701 qui
1643 1666 1736 1691 con-

127 1710 246 1759 fessus
279 1709 369 1755 erit,
411 1720 451 1746 se
481 1713 709 1756 senatorem,
754 1709 1010 1756 decurionem,
1048 1710 1335 1759 conscriptumve
1368 1711 1415 1749 ibi
1447 1712 1512 1750 hac
1544 1713 1627 1761 lege
1659 1725 1738 1751 esse

133 1779 205 1806 non
236 1767 357 1805 licere,

835 1838 949 1888 Caput
981 1839 1040 1876 VI.

275 1909 341 1954 Qui
373 1909 487 1946 minor
518 1920 629 1946 annos
661 1908 804 1956 triginta
838 1915 938 1947 natus
972 1915 1037 1956 est,
1070 1910 1149 1956 erit,
1182 1922 1226 1947 ne
1249 1911 1325 1959 quis
1349 1923 1472 1949 eorum
1496 1917 1580 1961 post
1602 1913 1736 1950 Kalen-

135 1970 198 2006 das
230 1968 408 2005 Ianuarias
443 1968 616 2005 secundas
648 1968 681 2004 in
714 1968 927 2017 municipio,
968 1969 1133 2015 colonia,
1175 1970 1424 2017 praefectura,
1467 1972 1740 2018 duumviratum,

136 2027 466 2076 quattuorviratum,
511 2038 602 2063 neve
635 2038 739 2075 quem
772 2028 873 2064 alium
907 2028 1150 2074 magistratum
1182 2028 1320 2076 petito,
1353 2041 1444 2066 neve
1476 2030 1615 2078 capito,
1648 2042 1738 2067 neve

137 2086 288 2133 gerito,
319 2086 384 2122 nisi
415 2086 473 2134 qui
506 2097 628 2122 eorum
659 2085 833 2135 stipendia
876 2098 970 2134 equo
1019 2087 1051 2124 in
1095 2086 1240 2134 legione
1282 2087 1346 2124 tria
1389 2093 1449 2125 aut
1487 2089 1668 2137 pedestria
1708 2089 1741 2126 in

134 2145 280 2192 legione
319 2156 384 2181 sex
428 2145 578 2190 fecerit,
620 2156 711 2192 quae
757 2146 931 2194 stipendia
964 2145 997 2182 in
1030 2146 1177 2191 castris,
1218 2146 1299 2183 inve
1340 2147 1526 2195 provincia
1567 2148 1738 2184 maiorem

137 2208 275 2253 partem
306 2204 358 2240 sui
390 2203 560 2251 cuiusque
593 2204 672 2241 anui
705 2204 844 2251 fecerit,
877 2208 937 2241 aut
968 2205 1046 2241 bina
1079 2204 1277 2249 semestria,
1309 2217 1400 2252 quae
1433 2206 1464 2242 ei
1494 2218 1563 2255 pro
1594 2206 1740 2253 singulis

137 2263 259 2300 annuis
291 2263 495 2311 procedere
526 2267 717 2311 oporteat,
761 2267 819 2300 aut
852 2263 884 2300 ei
915 2263 1057 2300 vacatio
1097 2263 1147 2299 rei
1179 2263 1335 2300 militaris
1367 2264 1506 2312 legibus
1537 2265 1739 2313 plebisves-

138 2321 214 2359 citis
247 2333 339 2358 exve
372 2321 523 2359 foedere
556 2321 636 2367 erit,
669 2322 837 2369 quocirca
870 2333 947 2358 eum
979 2322 1125 2358 invitum
1157 2333 1296 2359 merere
1328 2333 1398 2360 non
1430 2328 1609 2372 oporteat.
1640 2324 1739 2360 Neve

138 2380 214 2428 quis
245 2380 306 2428 qui
336 2380 588 2428 praeconium,
621 2380 935 2427 dissignationem,
967 2380 1182 2417 libitinainve
1215 2381 1344 2427 faciet,
1386 2381 1418 2418 in
1450 2381 1637 2430 municipio
1669 2394 1739 2420 co-

137 2439 247 2485 lonia,
278 2439 505 2488 praefectura
539 2439 808 2486 duumviratum,
839 2439 1145 2487 quatuorviratum
1176 2439 1328 2476 aliumve
1359 2451 1463 2488 quem
1495 2441 1740 2488 magistratum

138 2498 274 2547 petito,
305 2509 397 2534 neve
428 2497 570 2547 capito,
612 2509 703 2534 neve
735 2498 879 2545 gerito,
920 2509 1010 2535 neve
1041 2499 1195 2544 habeto,
1238 2509 1330 2535 neve
1361 2499 1407 2535 ibi
1439 2503 1608 2545 senator,
1647 2511 1739 2536 neve

140 2556 313 2603 decurio,
344 2568 437 2594 neve
468 2556 690 2605 conscriptus
724 2561 826 2603 esto,
869 2568 960 2594 neve
1003 2556 1216 2594 sententiam
1259 2557 1377 2594 dicito.
1441 2557 1507 2601 Qui
1538 2569 1662 2595 eorum
1694 2570 1741 2595 ex

283 2717 320 2762 1)
346 2720 411 2754 Pro
437 2731 547 2752 eorum
571 2731 630 2763 quc
655 2719 806 2753 mazoeh.
840 2719 1081 2753 restituendum
1115 2724 1249 2752 censet:
1284 2731 1392 2753 eorum
1425 2730 1515 2762 quem
1550 2718 1604 2752 vel
1634 2730 1741 2752 eorum

142 2776 238 2809 quosj,
255 2777 394 2810 quarum
414 2766 686 2800 emendationum
705 2769 851 2809 priorem
871 2767 1019 2810 praefert
1037 2765 1207 2799 Marezoll.
1238 2783 1276 2789 -
1297 2764 1335 2808 2)
1354 2775 1416 2809 pro
1431 2770 1598 2808 cooptato;
1623 2777 1742 2810 quam-

144 2822 243 2856 quam
277 2813 427 2847 Mazoch.
461 2825 492 2856 p.
527 2813 594 2846 405
629 2813 714 2846 hauc
749 2814 930 2847 lectionem
963 2818 1110 2857 coaptato
1143 2812 1289 2845 confessi
1324 2813 1446 2846 erroris
1481 2812 1641 2846 damnare
1674 2823 1742 2846 non

145 2858 255 2892 audet.
298 2860 400 2893 Paulo
426 2861 580 2903 superius
605 2860 799 2893 Marezollio
825 2866 902 2894 ante
927 2869 1048 2892 vocem
1074 2864 1220 2892 senatum
1244 2860 1450 2904 praepositio
1475 2859 1512 2891 in
1537 2858 1623 2893 male
1648 2860 1743 2894 exci—

146 2904 234 2937 disse
264 2906 421 2948 videtur,
456 2912 558 2952 atque
591 2906 754 2940 Mazochii
785 2907 1018 2951 interpretatio
1051 2911 1197 2940 senatum
1230 2906 1425 2950 accipientis
1458 2915 1538 2949 pro:
1580 2911 1743 2942 senatores

148 2951 248 2987 nimis
273 2954 434 2998 quaesita.
460 2970 503 2978 —
529 2951 568 2995 3)
594 2952 711 2988 tabula
736 2953 910 2989 mendose:
936 2953 1071 2987 vocatio.
