<?xml version="1.0" encoding="UTF-8"?>
<!DOCTYPE html PUBLIC "-//W3C//DTD XHTML 1.0 Transitional//EN"
    "http://www.w3.org/TR/xhtml1/DTD/xhtml1-transitional.dtd">
<html xmlns="http://www.w3.org/1999/xhtml" xml:lang="en" lang="en">
 <head>
  <title>
</title>
<meta http-equiv="Content-Type" content="text/html;charset=utf-8" />
  <meta name='ocr-system' content='tesseract 3.04.00' />
  <meta name='ocr-capabilities' content='ocr_page ocr_carea ocr_par ocr_line ocrx_word'/>
</head>
<body>
  <div class='ocr_page' id='page_1' title='image "./handbuchderrmi0103zelluoft_0356.png"; bbox 0 0 1877 3313; ppageno 0'>
   <div class='ocr_carea' id='block_1_1' title="bbox 101 166 1256 216">
    <p class='ocr_par' dir='ltr' id='par_1_1' title="bbox 101 166 1256 216">
     <span class='ocr_line' id='line_1_1' title="bbox 101 166 1256 216; baseline -0.012 0"><span class='ocrx_word' id='word_1_1' title='bbox 101 173 187 216; x_wconf 87' lang='lat'><strong>336</strong></span> <span class='ocrx_word' id='word_1_2' title='bbox 546 167 651 204; x_wconf 89' lang='lat' dir='ltr'><strong>Inscr.</strong></span> <span class='ocrx_word' id='word_1_3' title='bbox 676 168 849 214; x_wconf 78' lang='lat' dir='ltr'><strong>profanae.</strong></span> <span class='ocrx_word' id='word_1_4' title='bbox 898 166 1047 213; x_wconf 86' lang='lat' dir='ltr'><strong>Cap.11.</strong></span> <span class='ocrx_word' id='word_1_5' title='bbox 1096 167 1256 203; x_wconf 83' lang='lat' dir='ltr'><strong>Tabulae.</strong></span> 
     </span>
    </p>
   </div>
   <div class='ocr_carea' id='block_1_2' title="bbox 97 272 1709 613">
    <p class='ocr_par' dir='ltr' id='par_1_2' title="bbox 97 272 1709 613">
     <span class='ocr_line' id='line_1_2' title="bbox 100 272 1707 331; baseline -0.004 -10"><span class='ocrx_word' id='word_1_6' title='bbox 100 280 134 322; x_wconf 92' lang='lat' dir='ltr'><strong>si</strong></span> <span class='ocrx_word' id='word_1_7' title='bbox 165 276 253 331; x_wconf 88' lang='lat' dir='ltr'><strong>quis</strong></span> <span class='ocrx_word' id='word_1_8' title='bbox 295 287 432 317; x_wconf 90' lang='lat' dir='ltr'><strong>eorum</strong></span> <span class='ocrx_word' id='word_1_9' title='bbox 464 275 595 317; x_wconf 87' lang='lat' dir='ltr'><strong>illicita</strong></span> <span class='ocrx_word' id='word_1_10' title='bbox 625 276 952 331; x_wconf 76' lang='lat' dir='ltr'><strong>praesumptione</strong></span> <span class='ocrx_word' id='word_1_11' title='bbox 980 275 1146 317; x_wconf 89' lang='lat' dir='ltr'><strong>farinam</strong></span> <span class='ocrx_word' id='word_1_12' title='bbox 1177 273 1391 316; x_wconf 81' lang='lat' dir='ltr'>crediderit</span> <span class='ocrx_word' id='word_1_13' title='bbox 1419 272 1707 327; x_wconf 83' lang='lat' dir='ltr'><strong>postulandam,</strong></span> 
     </span>
     <span class='ocr_line' id='line_1_3' title="bbox 102 333 1709 390; baseline -0.002 -12"><span class='ocrx_word' id='word_1_14' title='bbox 102 336 374 390; x_wconf 86' lang='lat' dir='ltr'><strong>deprehensus</strong></span> <span class='ocrx_word' id='word_1_15' title='bbox 418 339 457 376; x_wconf 86' lang='lat' dir='ltr'><strong>et</strong></span> <span class='ocrx_word' id='word_1_16' title='bbox 496 334 642 376; x_wconf 88' lang='lat' dir='ltr'><strong>multae</strong></span> <span class='ocrx_word' id='word_1_17' title='bbox 683 336 886 377; x_wconf 85' lang='lat' dir='ltr'><strong>subiaceat</strong></span> <span class='ocrx_word' id='word_1_18' title='bbox 927 340 966 375; x_wconf 91' lang='lat' dir='ltr'><strong>et</strong></span> <span class='ocrx_word' id='word_1_19' title='bbox 1005 334 1198 376; x_wconf 90' lang='lat' dir='ltr'><strong>fustuario</strong></span> <span class='ocrx_word' id='word_1_20' title='bbox 1240 333 1433 387; x_wconf 90' lang='lat' dir='ltr'><strong>supplicio</strong></span> <span class='ocrx_word' id='word_1_21' title='bbox 1473 345 1519 375; x_wconf 90' lang='lat' dir='ltr'><strong>se</strong></span> <span class='ocrx_word' id='word_1_22' title='bbox 1550 333 1709 374; x_wconf 85' lang='lat' dir='ltr'><strong>noverit</strong></span> 
     </span>
     <span class='ocr_line' id='line_1_4' title="bbox 101 391 1707 448; baseline -0.002 -12"><span class='ocrx_word' id='word_1_23' title='bbox 101 408 192 436; x_wconf 91' lang='lat' dir='ltr'><strong>esse</strong></span> <span class='ocrx_word' id='word_1_24' title='bbox 223 393 469 436; x_wconf 90' lang='lat' dir='ltr'><strong>subdendum</strong></span> <span class='ocrx_word' id='word_1_25' title='bbox 490 391 540 448; x_wconf 77' lang='lat'><strong>¹).</strong></span> <span class='ocrx_word' id='word_1_26' title='bbox 601 392 695 436; x_wconf 88' lang='lat' dir='ltr'><strong>Illud</strong></span> <span class='ocrx_word' id='word_1_27' title='bbox 736 399 867 435; x_wconf 90' lang='lat' dir='ltr'><strong>autem</strong></span> <span class='ocrx_word' id='word_1_28' title='bbox 899 393 1117 434; x_wconf 88' lang='lat' dir='ltr'><strong>humanitas</strong></span> <span class='ocrx_word' id='word_1_29' title='bbox 1147 397 1283 434; x_wconf 90' lang='lat' dir='ltr'><strong>nostra</strong></span> <span class='ocrx_word' id='word_1_30' title='bbox 1314 396 1479 446; x_wconf 87' lang='lat' dir='ltr'><strong>propter</strong></span> <span class='ocrx_word' id='word_1_31' title='bbox 1510 404 1707 445; x_wconf 88' lang='lat' dir='ltr'><strong>corpora-</strong></span> 
     </span>
     <span class='ocr_line' id='line_1_5' title="bbox 100 450 1707 506; baseline -0.002 -11"><span class='ocrx_word' id='word_1_32' title='bbox 100 459 230 495; x_wconf 80' lang='lat' dir='ltr'><strong>torum</strong></span> <span class='ocrx_word' id='word_1_33' title='bbox 261 452 441 494; x_wconf 90' lang='lat' dir='ltr'><strong>levamen</strong></span> <span class='ocrx_word' id='word_1_34' title='bbox 473 452 626 504; x_wconf 88' lang='lat' dir='ltr'><strong>adiicit,</strong></span> <span class='ocrx_word' id='word_1_35' title='bbox 664 457 706 494; x_wconf 91' lang='lat' dir='ltr'><strong>ut</strong></span> <span class='ocrx_word' id='word_1_36' title='bbox 736 453 769 494; x_wconf 94' lang='lat' dir='ltr'><strong>si</strong></span> <span class='ocrx_word' id='word_1_37' title='bbox 802 453 867 505; x_wconf 85' lang='lat' dir='ltr'><strong>qui</strong></span> <span class='ocrx_word' id='word_1_38' title='bbox 899 452 1101 493; x_wconf 89' lang='lat' dir='ltr'><strong>voluntate</strong></span> <span class='ocrx_word' id='word_1_39' title='bbox 1133 452 1316 506; x_wconf 86' lang='lat' dir='ltr'><strong>propria,</strong></span> <span class='ocrx_word' id='word_1_40' title='bbox 1358 463 1439 491; x_wconf 87' lang='lat' dir='ltr'><strong>non</strong></span> <span class='ocrx_word' id='word_1_41' title='bbox 1480 450 1707 504; x_wconf 90' lang='lat' dir='ltr'><strong>compulsus</strong></span> 
     </span>
     <span class='ocr_line' id='line_1_6' title="bbox 98 509 1708 564; baseline -0.002 -9"><span class='ocrx_word' id='word_1_42' title='bbox 98 512 170 555; x_wconf 91' lang='lat' dir='ltr'><strong>sed</strong></span> <span class='ocrx_word' id='word_1_43' title='bbox 201 511 373 553; x_wconf 89' lang='lat' dir='ltr'><strong>donandi</strong></span> <span class='ocrx_word' id='word_1_44' title='bbox 403 512 533 553; x_wconf 89' lang='lat' dir='ltr'><strong>animo</strong></span> <span class='ocrx_word' id='word_1_45' title='bbox 565 511 729 554; x_wconf 82' lang='lat' dir='ltr'><strong>farinam</strong></span> <span class='ocrx_word' id='word_1_46' title='bbox 763 511 910 553; x_wconf 80' lang='lat' dir='ltr'><strong>offerre</strong></span> <span class='ocrx_word' id='word_1_47' title='bbox 943 510 1129 564; x_wconf 81' lang='lat' dir='ltr'><strong>voluerit,</strong></span> <span class='ocrx_word' id='word_1_48' title='bbox 1161 510 1302 552; x_wconf 87' lang='lat' dir='ltr'><strong>habeat</strong></span> <span class='ocrx_word' id='word_1_49' title='bbox 1334 510 1400 563; x_wconf 91' lang='lat' dir='ltr'><strong>qui</strong></span> <span class='ocrx_word' id='word_1_50' title='bbox 1431 510 1573 563; x_wconf 87' lang='lat' dir='ltr'><strong>accipit</strong></span> <span class='ocrx_word' id='word_1_51' title='bbox 1601 509 1708 552; x_wconf 89' lang='lat' dir='ltr'><strong>libe-</strong></span> 
     </span>
     <span class='ocr_line' id='line_1_7' title="bbox 97 570 448 613; baseline -0.006 0"><span class='ocrx_word' id='word_1_52' title='bbox 97 584 181 613; x_wconf 88' lang='lat' dir='ltr'><strong>ram</strong></span> <span class='ocrx_word' id='word_1_53' title='bbox 212 570 448 613; x_wconf 80' lang='lat' dir='ltr'><strong>facultatem.</strong></span> 
     </span>
    </p>
   </div>
   <div class='ocr_carea' id='block_1_3' title="bbox 98 711 1708 806">
    <p class='ocr_par' dir='ltr' id='par_1_3' title="bbox 98 711 1708 806">
     <span class='ocr_line' id='line_1_8' title="bbox 98 711 1708 758; baseline -0.002 -10"><span class='ocrx_word' id='word_1_54' title='bbox 98 713 378 758; x_wconf 81' lang='lat' dir='ltr'><strong>Rescriptum</strong></span> <span class='ocrx_word' id='word_1_55' title='bbox 404 712 588 747; x_wconf 81' lang='lat' dir='ltr'><strong>Bassaei</strong></span> <span class='ocrx_word' id='word_1_56' title='bbox 612 713 711 747; x_wconf 90' lang='lat' dir='ltr'><strong>Rufi</strong></span> <span class='ocrx_word' id='word_1_57' title='bbox 738 718 777 746; x_wconf 90' lang='lat' dir='ltr'><strong>et</strong></span> <span class='ocrx_word' id='word_1_58' title='bbox 804 712 988 746; x_wconf 84' lang='lat' dir='ltr'><strong>Macrini</strong></span> <span class='ocrx_word' id='word_1_59' title='bbox 1014 711 1238 755; x_wconf 79' lang='lat' dir='ltr'><strong>Vindicis,</strong></span> <span class='ocrx_word' id='word_1_60' title='bbox 1264 711 1618 746; x_wconf 84' lang='lat' dir='ltr'><strong>Procuratorum</strong></span> <span class='ocrx_word' id='word_1_61' title='bbox 1643 711 1708 746; x_wconf 87' lang='lat' dir='ltr'><strong>rei</strong></span> 
     </span>
     <span class='ocr_line' id='line_1_9' title="bbox 257 759 1552 806; baseline -0.002 -11"><span class='ocrx_word' id='word_1_62' title='bbox 257 762 462 806; x_wconf 90' lang='lat' dir='ltr'><strong>privatae</strong></span> <span class='ocrx_word' id='word_1_63' title='bbox 487 761 535 794; x_wconf 87' lang='lat' dir='ltr'><strong>ad</strong></span> <span class='ocrx_word' id='word_1_64' title='bbox 560 761 870 804; x_wconf 83' lang='lat' dir='ltr'><strong>Magistratum</strong></span> <span class='ocrx_word' id='word_1_65' title='bbox 896 759 1184 804; x_wconf 89' lang='lat' dir='ltr'><strong>Saepinatem</strong></span> <span class='ocrx_word' id='word_1_66' title='bbox 1211 765 1253 793; x_wconf 90' lang='lat' dir='ltr'><strong>et</strong></span> <span class='ocrx_word' id='word_1_67' title='bbox 1276 759 1552 793; x_wconf 85' lang='lat' dir='ltr'><strong>Bovianium.</strong></span> 
     </span>
    </p>
   </div>
   <div class='ocr_carea' id='block_1_4' title="bbox 101 855 1710 1379">
    <p class='ocr_par' dir='ltr' id='par_1_4' title="bbox 101 855 1708 1083">
     <span class='ocr_line' id='line_1_10' title="bbox 245 855 1705 906; baseline -0.001 -12"><span class='ocrx_word' id='word_1_68' title='bbox 245 857 366 895; x_wconf 80' lang='lat'><strong>1721.</strong></span> <span class='ocrx_word' id='word_1_69' title='bbox 428 857 489 894; x_wconf 86' lang='lat' dir='ltr'><strong>His</strong></span> <span class='ocrx_word' id='word_1_70' title='bbox 510 858 774 906; x_wconf 89' lang='lat' dir='ltr'><strong>magistratibus</strong></span> <span class='ocrx_word' id='word_1_71' title='bbox 798 858 1076 894; x_wconf 87' lang='lat' dir='ltr'><strong>communicatur</strong></span> <span class='ocrx_word' id='word_1_72' title='bbox 1097 857 1242 905; x_wconf 86' lang='lat' dir='ltr'><strong>querela</strong></span> <span class='ocrx_word' id='word_1_73' title='bbox 1267 856 1400 903; x_wconf 90' lang='lat' dir='ltr'><strong>Cosmi,</strong></span> <span class='ocrx_word' id='word_1_74' title='bbox 1424 855 1608 894; x_wconf 84' lang='lat' dir='ltr'><strong>rationarii</strong></span> <span class='ocrx_word' id='word_1_75' title='bbox 1630 856 1705 894; x_wconf 91' lang='lat' dir='ltr'><strong>Im-</strong></span> 
     </span>
     <span class='ocr_line' id='line_1_11' title="bbox 101 916 1708 967; baseline -0.001 -13"><span class='ocrx_word' id='word_1_76' title='bbox 101 917 293 967; x_wconf 78' lang='lat' dir='ltr'><strong>peratoriS,</strong></span> <span class='ocrx_word' id='word_1_77' title='bbox 324 917 440 954; x_wconf 82' lang='lat' dir='ltr'><strong>iuncta</strong></span> <span class='ocrx_word' id='word_1_78' title='bbox 473 917 625 966; x_wconf 84' lang='lat' dir='ltr'><strong>epistola</strong></span> <span class='ocrx_word' id='word_1_79' title='bbox 657 916 864 965; x_wconf 87' lang='lat' dir='ltr'><strong>Septimiani</strong></span> <span class='ocrx_word' id='word_1_80' title='bbox 897 917 1189 953; x_wconf 88' lang='lat' dir='ltr'><strong>administratoris</strong></span> <span class='ocrx_word' id='word_1_81' title='bbox 1232 916 1274 953; x_wconf 89' lang='lat' dir='ltr'><strong>ad</strong></span> <span class='ocrx_word' id='word_1_82' title='bbox 1307 916 1470 953; x_wconf 88' lang='lat' dir='ltr'><strong>Cosmum</strong></span> <span class='ocrx_word' id='word_1_83' title='bbox 1504 916 1611 962; x_wconf 80' lang='lat' dir='ltr'><strong>data3</strong></span> <span class='ocrx_word' id='word_1_84' title='bbox 1642 916 1708 952; x_wconf 89' lang='lat' dir='ltr'><strong>iis-</strong></span> 
     </span>
     <span class='ocr_line' id='line_1_12' title="bbox 103 974 1708 1024; baseline -0.002 -11"><span class='ocrx_word' id='word_1_85' title='bbox 103 988 172 1024; x_wconf 90' lang='lat' dir='ltr'><strong>que</strong></span> <span class='ocrx_word' id='word_1_86' title='bbox 203 976 397 1024; x_wconf 86' lang='lat' dir='ltr'><strong>iniungitur</strong></span> <span class='ocrx_word' id='word_1_87' title='bbox 428 988 446 1012; x_wconf 92' lang='lat' dir='ltr'><strong>a</strong></span> <span class='ocrx_word' id='word_1_88' title='bbox 479 976 788 1022; x_wconf 88' lang='lat' dir='ltr'><strong>Procuratoribus,</strong></span> <span class='ocrx_word' id='word_1_89' title='bbox 821 980 859 1012; x_wconf 92' lang='lat' dir='ltr'><strong>ut</strong></span> <span class='ocrx_word' id='word_1_90' title='bbox 891 975 1053 1012; x_wconf 87' lang='lat' dir='ltr'><strong>desinant</strong></span> <span class='ocrx_word' id='word_1_91' title='bbox 1085 975 1244 1012; x_wconf 90' lang='lat' dir='ltr'><strong>iniuriam</strong></span> <span class='ocrx_word' id='word_1_92' title='bbox 1267 975 1400 1012; x_wconf 83' lang='lat' dir='ltr'><strong>inferre</strong></span> <span class='ocrx_word' id='word_1_93' title='bbox 1429 974 1708 1013; x_wconf 87' lang='lat' dir='ltr'><strong>conductoribus</strong></span> 
     </span>
     <span class='ocr_line' id='line_1_13' title="bbox 101 1034 536 1083; baseline 0 -11"><span class='ocrx_word' id='word_1_94' title='bbox 101 1047 254 1083; x_wconf 77' lang='lat' dir='ltr'><strong>gregum</strong></span> <span class='ocrx_word' id='word_1_95' title='bbox 286 1034 536 1072; x_wconf 87' lang='lat' dir='ltr'><strong>oviaricorum.</strong></span> 
     </span>
    </p>

    <p class='ocr_par' dir='ltr' id='par_1_5' title="bbox 101 1091 1710 1379">
     <span class='ocr_line' id='line_1_14' title="bbox 242 1091 1710 1143; baseline -0.001 -12"><span class='ocrx_word' id='word_1_96' title='bbox 242 1093 397 1131; x_wconf 79' lang='lat' dir='ltr'><strong>Exhibet</strong></span> <span class='ocrx_word' id='word_1_97' title='bbox 429 1094 567 1131; x_wconf 87' lang='lat' dir='ltr'><strong>Gruter.</strong></span> <span class='ocrx_word' id='word_1_98' title='bbox 599 1107 633 1143; x_wconf 89' lang='lat' dir='ltr'><strong>p.</strong></span> <span class='ocrx_word' id='word_1_99' title='bbox 666 1091 747 1131; x_wconf 80' lang='lat'><strong>513</strong></span> <span class='ocrx_word' id='word_1_100' title='bbox 782 1105 859 1130; x_wconf 90' lang='lat' dir='ltr'><strong>cum</strong></span> <span class='ocrx_word' id='word_1_101' title='bbox 892 1092 1193 1142; x_wconf 86' lang='lat' dir='ltr'><strong>praescriptione:</strong></span> <span class='ocrx_word' id='word_1_102' title='bbox 1239 1092 1388 1141; x_wconf 85' lang='lat' dir='ltr'><strong>„Sepini</strong></span> <span class='ocrx_word' id='word_1_103' title='bbox 1412 1093 1444 1130; x_wconf 88' lang='lat' dir='ltr'><strong>in</strong></span> <span class='ocrx_word' id='word_1_104' title='bbox 1471 1092 1592 1142; x_wconf 85' lang='lat' dir='ltr'><strong>lapide</strong></span> <span class='ocrx_word' id='word_1_105' title='bbox 1614 1092 1710 1130; x_wconf 87' lang='lat' dir='ltr'><strong>circa</strong></span> 
     </span>
     <span class='ocr_line' id='line_1_15' title="bbox 106 1150 1710 1201; baseline -0.002 -10"><span class='ocrx_word' id='word_1_106' title='bbox 106 1154 211 1191; x_wconf 83' lang='lat' dir='ltr'><strong>linem</strong></span> <span class='ocrx_word' id='word_1_107' title='bbox 242 1153 352 1191; x_wconf 88' lang='lat' dir='ltr'><strong>literis</strong></span> <span class='ocrx_word' id='word_1_108' title='bbox 385 1151 596 1199; x_wconf 83' lang='lat' dir='ltr'><strong>evanidis“·,</strong></span> <span class='ocrx_word' id='word_1_109' title='bbox 639 1157 675 1189; x_wconf 89' lang='lat' dir='ltr'><strong>et</strong></span> <span class='ocrx_word' id='word_1_110' title='bbox 715 1164 792 1189; x_wconf 89' lang='lat' dir='ltr'><strong>cum</strong></span> <span class='ocrx_word' id='word_1_111' title='bbox 824 1152 1108 1201; x_wconf 84' lang='lat' dir='ltr'><strong>subscriptione:</strong></span> <span class='ocrx_word' id='word_1_112' title='bbox 1155 1152 1354 1200; x_wconf 75' lang='lat' dir='ltr'><strong>„Gruterus</strong></span> <span class='ocrx_word' id='word_1_113' title='bbox 1387 1163 1407 1188; x_wconf 91' lang='lat' dir='ltr'><strong>e</strong></span> <span class='ocrx_word' id='word_1_114' title='bbox 1438 1152 1569 1189; x_wconf 85' lang='lat' dir='ltr'><strong>Metelli</strong></span> <span class='ocrx_word' id='word_1_115' title='bbox 1600 1150 1710 1189; x_wconf 87' lang='lat' dir='ltr'><strong>cod“.</strong></span> 
     </span>
     <span class='ocr_line' id='line_1_16' title="bbox 105 1211 1710 1260; baseline -0.001 -11"><span class='ocrx_word' id='word_1_116' title='bbox 105 1213 275 1250; x_wconf 87' lang='lat' dir='ltr'><strong>Gruterus</strong></span> <span class='ocrx_word' id='word_1_117' title='bbox 307 1212 410 1249; x_wconf 86' lang='lat' dir='ltr'><strong>binos</strong></span> <span class='ocrx_word' id='word_1_118' title='bbox 442 1216 575 1248; x_wconf 86' lang='lat' dir='ltr'><strong>tantum</strong></span> <span class='ocrx_word' id='word_1_119' title='bbox 608 1223 731 1248; x_wconf 80' lang='lat' dir='ltr'><strong>versus</strong></span> <span class='ocrx_word' id='word_1_120' title='bbox 765 1211 941 1260; x_wconf 86' lang='lat' dir='ltr'><strong>epistolae</strong></span> <span class='ocrx_word' id='word_1_121' title='bbox 973 1211 1180 1259; x_wconf 82' lang='lat' dir='ltr'><strong>Septimiani</strong></span> <span class='ocrx_word' id='word_1_122' title='bbox 1213 1211 1256 1247; x_wconf 88' lang='lat' dir='ltr'><strong>ad</strong></span> <span class='ocrx_word' id='word_1_123' title='bbox 1289 1211 1453 1247; x_wconf 89' lang='lat' dir='ltr'><strong>Cosmum</strong></span> <span class='ocrx_word' id='word_1_124' title='bbox 1485 1211 1595 1248; x_wconf 85' lang='lat' dir='ltr'><strong>habet</strong></span> <span class='ocrx_word' id='word_1_125' title='bbox 1625 1215 1710 1248; x_wconf 86' lang='lat' dir='ltr'><strong>tan-</strong></span> 
     </span>
     <span class='ocr_line' id='line_1_17' title="bbox 105 1269 1707 1319; baseline -0.001 -10"><span class='ocrx_word' id='word_1_126' title='bbox 105 1283 209 1319; x_wconf 88' lang='lat' dir='ltr'><strong>quam</strong></span> <span class='ocrx_word' id='word_1_127' title='bbox 241 1271 379 1319; x_wconf 89' lang='lat' dir='ltr'><strong>reliqua</strong></span> <span class='ocrx_word' id='word_1_128' title='bbox 412 1270 486 1307; x_wconf 88' lang='lat' dir='ltr'><strong>eius</strong></span> <span class='ocrx_word' id='word_1_129' title='bbox 518 1275 621 1319; x_wconf 93' lang='lat' dir='ltr'><strong>parte</strong></span> <span class='ocrx_word' id='word_1_130' title='bbox 653 1271 853 1307; x_wconf 89' lang='lat' dir='ltr'><strong>obliterata.</strong></span> <span class='ocrx_word' id='word_1_131' title='bbox 886 1271 1085 1307; x_wconf 87' lang='lat' dir='ltr'><strong>Pleniorem</strong></span> <span class='ocrx_word' id='word_1_132' title='bbox 1118 1270 1263 1307; x_wconf 82' lang='lat' dir='ltr'><strong>exhibet</strong></span> <span class='ocrx_word' id='word_1_133' title='bbox 1295 1270 1614 1318; x_wconf 78' lang='lat' dir='ltr'><strong>Spangenbergius</strong></span> <span class='ocrx_word' id='word_1_134' title='bbox 1635 1269 1707 1307; x_wconf 85' lang='lat' dir='ltr'><strong>Ta-</strong></span> 
     </span>
     <span class='ocr_line' id='line_1_18' title="bbox 101 1328 1585 1379; baseline -0.001 -11"><span class='ocrx_word' id='word_1_135' title='bbox 101 1331 171 1369; x_wconf 89' lang='lat' dir='ltr'><strong>bul.</strong></span> <span class='ocrx_word' id='word_1_136' title='bbox 204 1331 385 1379; x_wconf 83' lang='lat' dir='ltr'><strong>negotior.</strong></span> <span class='ocrx_word' id='word_1_137' title='bbox 417 1329 636 1367; x_wconf 88' lang='lat' dir='ltr'><strong>sollemnium</strong></span> <span class='ocrx_word' id='word_1_138' title='bbox 669 1341 751 1377; x_wconf 88' lang='lat' dir='ltr'><strong>pag.</strong></span> <span class='ocrx_word' id='word_1_139' title='bbox 786 1329 880 1365; x_wconf 75' lang='lat'><strong>364.</strong></span> <span class='ocrx_word' id='word_1_140' title='bbox 915 1341 959 1365; x_wconf 84' lang='lat' dir='ltr'><strong>ex</strong></span> <span class='ocrx_word' id='word_1_141' title='bbox 992 1329 1174 1366; x_wconf 81' lang='lat' dir='ltr'><strong>ltluratorii</strong></span> <span class='ocrx_word' id='word_1_142' title='bbox 1207 1330 1389 1366; x_wconf 85' lang='lat' dir='ltr'><strong>Thesauro</strong></span> <span class='ocrx_word' id='word_1_143' title='bbox 1420 1341 1454 1378; x_wconf 90' lang='lat' dir='ltr'><strong>p.</strong></span> <span class='ocrx_word' id='word_1_144' title='bbox 1489 1328 1585 1366; x_wconf 89' lang='grc'><strong>606.</strong></span> 
     </span>
    </p>
   </div>
   <div class='ocr_carea' id='block_1_5' title="bbox 96 1401 1711 2399">
    <p class='ocr_par' dir='ltr' id='par_1_6' title="bbox 104 1401 1710 1518">
     <span class='ocr_line' id='line_1_19' title="bbox 242 1401 1710 1457; baseline -0.001 -12"><span class='ocrx_word' id='word_1_145' title='bbox 242 1404 441 1445; x_wconf 88' lang='lat' dir='ltr'><strong>Bassaeus</strong></span> <span class='ocrx_word' id='word_1_146' title='bbox 474 1403 597 1445; x_wconf 90' lang='lat' dir='ltr'><strong>Rufus</strong></span> <span class='ocrx_word' id='word_1_147' title='bbox 631 1407 669 1443; x_wconf 89' lang='lat' dir='ltr'><strong>et</strong></span> <span class='ocrx_word' id='word_1_148' title='bbox 700 1402 900 1444; x_wconf 86' lang='lat' dir='ltr'><strong>Macrinus</strong></span> <span class='ocrx_word' id='word_1_149' title='bbox 932 1402 1086 1443; x_wconf 83' lang='lat' dir='ltr'><strong>Vindex</strong></span> <span class='ocrx_word' id='word_1_150' title='bbox 1109 1403 1239 1457; x_wconf 84' lang='lat' dir='ltr'><strong>ltlagg.</strong></span> <span class='ocrx_word' id='word_1_151' title='bbox 1261 1403 1457 1457; x_wconf 89' lang='lat' dir='ltr'><strong>Saepinat.</strong></span> <span class='ocrx_word' id='word_1_152' title='bbox 1485 1407 1523 1444; x_wconf 84' lang='lat' dir='ltr'><strong>et</strong></span> <span class='ocrx_word' id='word_1_153' title='bbox 1546 1401 1710 1444; x_wconf 81' lang='lat' dir='ltr'><strong>Bovia-</strong></span> 
     </span>
     <span class='ocr_line' id='line_1_20' title="bbox 104 1460 453 1518; baseline -0.006 -14"><span class='ocrx_word' id='word_1_154' title='bbox 104 1463 174 1505; x_wconf 82' lang='lat' dir='ltr'><strong>m’o</strong></span> <span class='ocrx_word' id='word_1_155' title='bbox 191 1460 232 1518; x_wconf 80' lang='lat'><strong>²)</strong></span> <span class='ocrx_word' id='word_1_156' title='bbox 265 1462 453 1504; x_wconf 81' lang='lat' dir='ltr'><strong>salutem!</strong></span> 
     </span>
    </p>

    <p class='ocr_par' dir='ltr' id='par_1_7' title="bbox 96 1520 1711 1808">
     <span class='ocr_line' id='line_1_21' title="bbox 238 1520 1710 1576; baseline 0 -14"><span class='ocrx_word' id='word_1_157' title='bbox 238 1521 467 1574; x_wconf 88' lang='lat' dir='ltr'><strong>Exemplum</strong></span> <span class='ocrx_word' id='word_1_158' title='bbox 499 1520 689 1574; x_wconf 86' lang='lat' dir='ltr'><strong>epistolae</strong></span> <span class='ocrx_word' id='word_1_159' title='bbox 729 1520 900 1574; x_wconf 81' lang='lat' dir='ltr'><strong>scriptae</strong></span> <span class='ocrx_word' id='word_1_160' title='bbox 931 1521 1046 1562; x_wconf 90' lang='lat' dir='ltr'><strong>nobis</strong></span> <span class='ocrx_word' id='word_1_161' title='bbox 1078 1533 1099 1561; x_wconf 89' lang='lat' dir='ltr'><strong>a</strong></span> <span class='ocrx_word' id='word_1_162' title='bbox 1132 1520 1301 1572; x_wconf 90' lang='lat' dir='ltr'><strong>Cosmo,</strong></span> <span class='ocrx_word' id='word_1_163' title='bbox 1333 1520 1438 1576; x_wconf 85' lang='lat' dir='ltr'><strong>Aug.</strong></span> <span class='ocrx_word' id='word_1_164' title='bbox 1471 1520 1554 1562; x_wconf 92' lang='lat' dir='ltr'><strong>Lib.</strong></span> <span class='ocrx_word' id='word_1_165' title='bbox 1587 1533 1609 1562; x_wconf 89' lang='lat' dir='ltr'><strong>a</strong></span> <span class='ocrx_word' id='word_1_166' title='bbox 1640 1533 1710 1562; x_wconf 87' lang='lat' dir='ltr'><strong>ra-</strong></span> 
     </span>
     <span class='ocr_line' id='line_1_22' title="bbox 101 1579 1711 1632; baseline -0.001 -10"><span class='ocrx_word' id='word_1_167' title='bbox 101 1581 294 1632; x_wconf 87' lang='lat' dir='ltr'><strong>tionibus,</strong></span> <span class='ocrx_word' id='word_1_168' title='bbox 326 1593 415 1621; x_wconf 89' lang='lat' dir='ltr'><strong>cum</strong></span> <span class='ocrx_word' id='word_1_169' title='bbox 448 1579 529 1630; x_wconf 82' lang='lat' dir='ltr'><strong>liis,</strong></span> <span class='ocrx_word' id='word_1_170' title='bbox 573 1591 674 1632; x_wconf 80' lang='lat' dir='ltr'><strong>quae</strong></span> <span class='ocrx_word' id='word_1_171' title='bbox 706 1579 861 1620; x_wconf 86' lang='lat' dir='ltr'><strong>iunctae</strong></span> <span class='ocrx_word' id='word_1_172' title='bbox 893 1584 1027 1631; x_wconf 87' lang='lat' dir='ltr'><strong>erant,</strong></span> <span class='ocrx_word' id='word_1_173' title='bbox 1069 1580 1328 1631; x_wconf 90' lang='lat' dir='ltr'><strong>subiecimus,</strong></span> <span class='ocrx_word' id='word_1_174' title='bbox 1368 1584 1406 1620; x_wconf 87' lang='lat' dir='ltr'><strong>et</strong></span> <span class='ocrx_word' id='word_1_175' title='bbox 1438 1579 1711 1631; x_wconf 84' lang='lat' dir='ltr'><strong>admonemus,</strong></span> 
     </span>
     <span class='ocr_line' id='line_1_23' title="bbox 96 1637 1708 1692; baseline -0.002 -11"><span class='ocrx_word' id='word_1_176' title='bbox 96 1639 327 1681; x_wconf 86' lang='lat' dir='ltr'><strong>abstineatis</strong></span> <span class='ocrx_word' id='word_1_177' title='bbox 365 1639 516 1679; x_wconf 88' lang='lat' dir='ltr'><strong>iniuriis</strong></span> <span class='ocrx_word' id='word_1_178' title='bbox 549 1637 739 1679; x_wconf 79' lang='lat' dir='ltr'><strong>faciendis</strong></span> <span class='ocrx_word' id='word_1_179' title='bbox 782 1639 1052 1679; x_wconf 90' lang='lat' dir='ltr'><strong>conductorib.</strong></span> <span class='ocrx_word' id='word_1_180' title='bbox 1092 1651 1261 1692; x_wconf 85' lang='lat' dir='ltr'><strong>gregum</strong></span> <span class='ocrx_word' id='word_1_181' title='bbox 1301 1639 1578 1689; x_wconf 87' lang='lat' dir='ltr'><strong>oviaricorum‚</strong></span> <span class='ocrx_word' id='word_1_182' title='bbox 1618 1651 1708 1680; x_wconf 91' lang='lat' dir='ltr'><strong>cum</strong></span> 
     </span>
     <span class='ocr_line' id='line_1_24' title="bbox 99 1696 1708 1753; baseline -0.001 -13"><span class='ocrx_word' id='word_1_183' title='bbox 99 1711 241 1753; x_wconf 87' lang='lat' dir='ltr'><strong>magna</strong></span> <span class='ocrx_word' id='word_1_184' title='bbox 271 1698 355 1739; x_wconf 84' lang='lat' dir='ltr'><strong>fisci</strong></span> <span class='ocrx_word' id='word_1_185' title='bbox 399 1697 537 1739; x_wconf 86' lang='lat' dir='ltr'><strong>iniuria</strong></span> <span class='ocrx_word' id='word_1_186' title='bbox 579 1709 750 1738; x_wconf 90' lang='lat' dir='ltr'><strong>necesse</strong></span> <span class='ocrx_word' id='word_1_187' title='bbox 781 1697 854 1749; x_wconf 89' lang='lat' dir='ltr'><strong>sit,</strong></span> <span class='ocrx_word' id='word_1_188' title='bbox 884 1698 1124 1752; x_wconf 83' lang='lat' dir='ltr'><strong>recognosci</strong></span> <span class='ocrx_word' id='word_1_189' title='bbox 1156 1697 1205 1738; x_wconf 90' lang='lat' dir='ltr'><strong>dc</strong></span> <span class='ocrx_word' id='word_1_190' title='bbox 1237 1697 1312 1738; x_wconf 82' lang='lat' dir='ltr'><strong>hoc</strong></span> <span class='ocrx_word' id='word_1_191' title='bbox 1343 1702 1382 1737; x_wconf 88' lang='lat' dir='ltr'><strong>et</strong></span> <span class='ocrx_word' id='word_1_192' title='bbox 1413 1697 1451 1738; x_wconf 90' lang='lat' dir='ltr'><strong>in</strong></span> <span class='ocrx_word' id='word_1_193' title='bbox 1483 1696 1643 1750; x_wconf 86' lang='lat' dir='ltr'><strong>factum,</strong></span> <span class='ocrx_word' id='word_1_194' title='bbox 1674 1697 1708 1738; x_wconf 92' lang='lat' dir='ltr'><strong>si</strong></span> 
     </span>
     <span class='ocr_line' id='line_1_25' title="bbox 99 1755 650 1808; baseline -0.005 -9"><span class='ocrx_word' id='word_1_195' title='bbox 99 1758 151 1799; x_wconf 84' lang='lat' dir='ltr'><strong>ita</strong></span> <span class='ocrx_word' id='word_1_196' title='bbox 181 1769 247 1799; x_wconf 87' lang='lat' dir='ltr'><strong>res</strong></span> <span class='ocrx_word' id='word_1_197' title='bbox 280 1756 417 1808; x_wconf 87' lang='lat' dir='ltr'><strong>fuerit,</strong></span> <span class='ocrx_word' id='word_1_198' title='bbox 448 1755 650 1796; x_wconf 64' lang='lat' dir='ltr'><strong>vindicari.</strong></span> 
     </span>
    </p>

    <p class='ocr_par' dir='ltr' id='par_1_8' title="bbox 99 1813 1708 1927">
     <span class='ocr_line' id='line_1_26' title="bbox 240 1813 1708 1869; baseline -0.001 -12"><span class='ocrx_word' id='word_1_199' title='bbox 240 1815 370 1857; x_wconf 90' lang='lat' dir='ltr'><strong>Cosmi</strong></span> <span class='ocrx_word' id='word_1_200' title='bbox 402 1815 505 1869; x_wconf 84' lang='lat' dir='ltr'><strong>Aug.</strong></span> <span class='ocrx_word' id='word_1_201' title='bbox 538 1814 620 1855; x_wconf 90' lang='lat' dir='ltr'><strong>Lib.</strong></span> <span class='ocrx_word' id='word_1_202' title='bbox 653 1828 675 1855; x_wconf 89' lang='lat' dir='ltr'><strong>a</strong></span> <span class='ocrx_word' id='word_1_203' title='bbox 707 1815 934 1866; x_wconf 85' lang='lat' dir='ltr'><strong>rationibus,</strong></span> <span class='ocrx_word' id='word_1_204' title='bbox 966 1815 1136 1868; x_wconf 85' lang='lat' dir='ltr'><strong>scriptae</strong></span> <span class='ocrx_word' id='word_1_205' title='bbox 1168 1814 1217 1856; x_wconf 86' lang='lat' dir='ltr'><strong>ad</strong></span> <span class='ocrx_word' id='word_1_206' title='bbox 1249 1814 1464 1856; x_wconf 87' lang='lat' dir='ltr'><strong>Bassacum</strong></span> <span class='ocrx_word' id='word_1_207' title='bbox 1497 1813 1640 1856; x_wconf 86' lang='lat' dir='ltr'><strong>Rufum</strong></span> <span class='ocrx_word' id='word_1_208' title='bbox 1668 1819 1708 1856; x_wconf 90' lang='lat' dir='ltr'><strong>et</strong></span> 
     </span>
     <span class='ocr_line' id='line_1_27' title="bbox 99 1870 1108 1927; baseline -0.004 -10"><span class='ocrx_word' id='word_1_209' title='bbox 99 1874 148 1917; x_wconf 83' lang='lat' dir='ltr'><strong>ad</strong></span> <span class='ocrx_word' id='word_1_210' title='bbox 179 1875 392 1917; x_wconf 92' lang='lat' dir='ltr'><strong>Macrinum</strong></span> <span class='ocrx_word' id='word_1_211' title='bbox 426 1873 655 1924; x_wconf 82' lang='lat' dir='ltr'><strong>Vindicem,</strong></span> <span class='ocrx_word' id='word_1_212' title='bbox 688 1874 749 1914; x_wconf 90' lang='lat' dir='ltr'><strong>Pr.</strong></span> <span class='ocrx_word' id='word_1_213' title='bbox 781 1874 820 1914; x_wconf 88' lang='lat' dir='ltr'><strong>P.</strong></span> <span class='ocrx_word' id='word_1_214' title='bbox 854 1874 898 1914; x_wconf 83' lang='lat' dir='ltr'><strong>R.</strong></span> <span class='ocrx_word' id='word_1_215' title='bbox 930 1874 973 1915; x_wconf 90' lang='lat' dir='ltr'><strong>E.</strong></span> <span class='ocrx_word' id='word_1_216' title='bbox 1006 1874 1051 1913; x_wconf 90' lang='lat' dir='ltr'><strong>V.</strong></span> <span class='ocrx_word' id='word_1_217' title='bbox 1069 1870 1108 1927; x_wconf 76' lang='lat'><strong>3]</strong></span> 
     </span>
    </p>

    <p class='ocr_par' dir='ltr' id='par_1_9' title="bbox 97 1931 1708 2212">
     <span class='ocr_line' id='line_1_28' title="bbox 239 1931 1708 1988; baseline -0.001 -14"><span class='ocrx_word' id='word_1_218' title='bbox 239 1932 472 1988; x_wconf 80' lang='lat' dir='ltr'><strong>Exemplum</strong></span> <span class='ocrx_word' id='word_1_219' title='bbox 516 1933 705 1985; x_wconf 84' lang='lat' dir='ltr'><strong>epistulae</strong></span> <span class='ocrx_word' id='word_1_220' title='bbox 747 1933 918 1986; x_wconf 85' lang='lat' dir='ltr'><strong>scriptae</strong></span> <span class='ocrx_word' id='word_1_221' title='bbox 960 1931 1050 1973; x_wconf 81' lang='lat' dir='ltr'><strong>mihi</strong></span> <span class='ocrx_word' id='word_1_222' title='bbox 1092 1945 1112 1972; x_wconf 87' lang='lat' dir='ltr'><strong>a</strong></span> <span class='ocrx_word' id='word_1_223' title='bbox 1145 1932 1385 1986; x_wconf 80' lang='lat' dir='ltr'><strong>Septimiano</strong></span> <span class='ocrx_word' id='word_1_224' title='bbox 1418 1932 1637 1974; x_wconf 88' lang='lat' dir='ltr'><strong>Colliberto</strong></span> <span class='ocrx_word' id='word_1_225' title='bbox 1668 1937 1708 1973; x_wconf 89' lang='lat' dir='ltr'><strong>et</strong></span> 
     </span>
     <span class='ocr_line' id='line_1_29' title="bbox 100 1989 1707 2047; baseline -0.001 -13"><span class='ocrx_word' id='word_1_226' title='bbox 100 1992 280 2035; x_wconf 89' lang='lat' dir='ltr'><strong>adiutore</strong></span> <span class='ocrx_word' id='word_1_227' title='bbox 312 2005 401 2033; x_wconf 90' lang='lat' dir='ltr'><strong>mco</strong></span> <span class='ocrx_word' id='word_1_228' title='bbox 433 1991 584 2033; x_wconf 86' lang='lat' dir='ltr'><strong>subieci</strong></span> <span class='ocrx_word' id='word_1_229' title='bbox 602 2023 721 2032; x_wconf 93' lang='lat'><strong>.....</strong></span> <span class='ocrx_word' id='word_1_230' title='bbox 741 1989 782 2045; x_wconf 66' lang='grc'><strong>4)</strong></span> <span class='ocrx_word' id='word_1_231' title='bbox 825 1996 865 2032; x_wconf 88' lang='lat' dir='ltr'><strong>et</strong></span> <span class='ocrx_word' id='word_1_232' title='bbox 896 1996 1012 2044; x_wconf 90' lang='lat' dir='ltr'><strong>peto,</strong></span> <span class='ocrx_word' id='word_1_233' title='bbox 1053 1992 1145 2031; x_wconf 91' lang='lat' dir='ltr'><strong>tanti</strong></span> <span class='ocrx_word' id='word_1_234' title='bbox 1180 1991 1332 2033; x_wconf 86' lang='lat' dir='ltr'><strong>faciatis</strong></span> <span class='ocrx_word' id='word_1_235' title='bbox 1364 1993 1543 2033; x_wconf 90' lang='lat' dir='ltr'><strong>scribere</strong></span> <span class='ocrx_word' id='word_1_236' title='bbox 1574 1992 1707 2047; x_wconf 87' lang='lat' dir='ltr'><strong>Magg.</strong></span> 
     </span>
     <span class='ocr_line' id='line_1_30' title="bbox 100 2046 1707 2106; baseline -0.002 -12"><span class='ocrx_word' id='word_1_237' title='bbox 100 2053 256 2106; x_wconf 87' lang='lat' dir='ltr'><strong>Saepin.</strong></span> <span class='ocrx_word' id='word_1_238' title='bbox 288 2057 328 2093; x_wconf 89' lang='lat' dir='ltr'><strong>et</strong></span> <span class='ocrx_word' id='word_1_239' title='bbox 358 2051 518 2092; x_wconf 84' lang='lat' dir='ltr'><strong>Bovian.</strong></span> <span class='ocrx_word' id='word_1_240' title='bbox 535 2046 572 2104; x_wconf 76' lang='lat'><strong>⁵)</strong></span> <span class='ocrx_word' id='word_1_241' title='bbox 605 2051 658 2090; x_wconf 90' lang='lat' dir='ltr'><strong>uti</strong></span> <span class='ocrx_word' id='word_1_242' title='bbox 686 2050 867 2091; x_wconf 87' lang='lat' dir='ltr'><strong>desinant</strong></span> <span class='ocrx_word' id='word_1_243' title='bbox 892 2051 1068 2091; x_wconf 87' lang='lat' dir='ltr'><strong>iniuriam</strong></span> <span class='ocrx_word' id='word_1_244' title='bbox 1094 2049 1368 2091; x_wconf 82' lang='lat' dir='ltr'><strong>conductorib.</strong></span> <span class='ocrx_word' id='word_1_245' title='bbox 1395 2063 1565 2105; x_wconf 82' lang='lat' dir='ltr'><strong>gregum</strong></span> <span class='ocrx_word' id='word_1_246' title='bbox 1591 2051 1707 2092; x_wconf 86' lang='lat' dir='ltr'><strong>ovia-</strong></span> 
     </span>
     <span class='ocr_line' id='line_1_31' title="bbox 97 2106 1708 2163; baseline -0.001 -11"><span class='ocrx_word' id='word_1_247' title='bbox 97 2112 293 2162; x_wconf 85' lang='lat' dir='ltr'><strong>ricorum,</strong></span> <span class='ocrx_word' id='word_1_248' title='bbox 326 2111 390 2163; x_wconf 92' lang='lat' dir='ltr'><strong>qui</strong></span> <span class='ocrx_word' id='word_1_249' title='bbox 421 2114 514 2152; x_wconf 89' lang='lat' dir='ltr'><strong>sunt</strong></span> <span class='ocrx_word' id='word_1_250' title='bbox 544 2109 619 2150; x_wconf 88' lang='lat' dir='ltr'><strong>sub</strong></span> <span class='ocrx_word' id='word_1_251' title='bbox 651 2121 747 2150; x_wconf 91' lang='lat' dir='ltr'><strong>cura</strong></span> <span class='ocrx_word' id='word_1_252' title='bbox 778 2121 864 2149; x_wconf 83' lang='lat' dir='ltr'><strong>mea</strong></span> <span class='ocrx_word' id='word_1_253' title='bbox 880 2106 920 2163; x_wconf 74' lang='grc'><strong>6)</strong></span> <span class='ocrx_word' id='word_1_254' title='bbox 953 2108 1105 2161; x_wconf 84' lang='lat' dir='ltr'><strong>facere,</strong></span> <span class='ocrx_word' id='word_1_255' title='bbox 1138 2113 1179 2149; x_wconf 89' lang='lat' dir='ltr'><strong>ut</strong></span> <span class='ocrx_word' id='word_1_256' title='bbox 1211 2109 1406 2151; x_wconf 82' lang='lat' dir='ltr'><strong>beneficio</strong></span> <span class='ocrx_word' id='word_1_257' title='bbox 1439 2114 1576 2151; x_wconf 82' lang='lat' dir='ltr'><strong>vestro</strong></span> <span class='ocrx_word' id='word_1_258' title='bbox 1607 2109 1708 2151; x_wconf 88' lang='lat' dir='ltr'><strong>ratio</strong></span> 
     </span>
     <span class='ocr_line' id='line_1_32' title="bbox 98 2169 501 2212; baseline -0.007 0"><span class='ocrx_word' id='word_1_259' title='bbox 98 2170 184 2212; x_wconf 87' lang='lat' dir='ltr'><strong>fisci</strong></span> <span class='ocrx_word' id='word_1_260' title='bbox 214 2169 407 2211; x_wconf 90' lang='lat' dir='ltr'><strong>indemnis</strong></span> <span class='ocrx_word' id='word_1_261' title='bbox 438 2170 501 2211; x_wconf 90' lang='lat' dir='ltr'><strong>sit.</strong></span> 
     </span>
    </p>

    <p class='ocr_par' dir='ltr' id='par_1_10' title="bbox 99 2224 1706 2399">
     <span class='ocr_line' id='line_1_33' title="bbox 467 2224 1337 2282; baseline -0.003 -12"><span class='ocrx_word' id='word_1_262' title='bbox 467 2228 646 2281; x_wconf 85' lang='lat' dir='ltr'><strong>Scriptae</strong></span> <span class='ocrx_word' id='word_1_263' title='bbox 682 2240 704 2268; x_wconf 85' lang='lat' dir='ltr'><strong>a</strong></span> <span class='ocrx_word' id='word_1_264' title='bbox 735 2227 975 2281; x_wconf 86' lang='lat' dir='ltr'><strong>Septimiano</strong></span> <span class='ocrx_word' id='word_1_265' title='bbox 1007 2226 1056 2268; x_wconf 88' lang='lat' dir='ltr'><strong>ad</strong></span> <span class='ocrx_word' id='word_1_266' title='bbox 1089 2224 1337 2282; x_wconf 55' lang='lat' dir='ltr'><strong>Cosmumfi)</strong></span> 
     </span>
     <span class='ocr_line' id='line_1_34' title="bbox 99 2286 1706 2341; baseline 0 -13"><span class='ocrx_word' id='word_1_267' title='bbox 99 2286 372 2329; x_wconf 88' lang='lat' dir='ltr'><strong>Conductores</strong></span> <span class='ocrx_word' id='word_1_268' title='bbox 404 2299 571 2341; x_wconf 89' lang='lat' dir='ltr'><strong>gregum</strong></span> <span class='ocrx_word' id='word_1_269' title='bbox 604 2287 882 2338; x_wconf 85' lang='lat' dir='ltr'><strong>oviaricorum,</strong></span> <span class='ocrx_word' id='word_1_270' title='bbox 913 2286 981 2339; x_wconf 86' lang='lat' dir='ltr'><strong>qui</strong></span> <span class='ocrx_word' id='word_1_271' title='bbox 1005 2289 1096 2326; x_wconf 89' lang='lat' dir='ltr'><strong>sunt</strong></span> <span class='ocrx_word' id='word_1_272' title='bbox 1121 2286 1195 2326; x_wconf 92' lang='lat' dir='ltr'><strong>sub</strong></span> <span class='ocrx_word' id='word_1_273' title='bbox 1220 2298 1315 2326; x_wconf 87' lang='lat' dir='ltr'><strong>cura</strong></span> <span class='ocrx_word' id='word_1_274' title='bbox 1342 2291 1420 2338; x_wconf 86' lang='lat' dir='ltr'><strong>tua,</strong></span> <span class='ocrx_word' id='word_1_275' title='bbox 1451 2286 1488 2327; x_wconf 93' lang='lat' dir='ltr'><strong>in</strong></span> <span class='ocrx_word' id='word_1_276' title='bbox 1517 2298 1562 2328; x_wconf 90' lang='lat' dir='ltr'><strong>re</strong></span> <span class='ocrx_word' id='word_1_277' title='bbox 1583 2298 1706 2340; x_wconf 89' lang='lat' dir='ltr'><strong>prae-</strong></span> 
     </span>
     <span class='ocr_line' id='line_1_35' title="bbox 100 2343 1706 2399; baseline -0.001 -11"><span class='ocrx_word' id='word_1_278' title='bbox 100 2347 204 2388; x_wconf 91' lang='lat' dir='ltr'><strong>senti</strong></span> <span class='ocrx_word' id='word_1_279' title='bbox 234 2345 402 2388; x_wconf 90' lang='lat' dir='ltr'><strong>subinde</strong></span> <span class='ocrx_word' id='word_1_280' title='bbox 441 2350 754 2399; x_wconf 86' lang='lat' dir='ltr'><strong>quaererentur,</strong></span> <span class='ocrx_word' id='word_1_281' title='bbox 794 2358 866 2398; x_wconf 89' lang='lat' dir='ltr'><strong>per</strong></span> <span class='ocrx_word' id='word_1_282' title='bbox 906 2345 1043 2385; x_wconf 86' lang='lat' dir='ltr'><strong>itinera</strong></span> <span class='ocrx_word' id='word_1_283' title='bbox 1084 2343 1240 2386; x_wconf 89' lang='lat' dir='ltr'><strong>collium</strong></span> <span class='ocrx_word' id='word_1_284' title='bbox 1282 2344 1514 2398; x_wconf 86' lang='lat' dir='ltr'><strong>frequenter</strong></span> <span class='ocrx_word' id='word_1_285' title='bbox 1554 2345 1706 2387; x_wconf 90' lang='lat' dir='ltr'><strong>iniuriis</strong></span> 
     </span>
    </p>
   </div>
   <div class='ocr_carea' id='block_1_6' title="bbox 101 2452 312 2457">
    <p class='ocr_par' dir='ltr' id='par_1_11' title="bbox 101 2452 312 2457">
     <span class='ocr_line' id='line_1_36' title="bbox 101 2452 312 2457; baseline 0 0"><span class='ocrx_word' id='word_1_286' title='bbox 101 2452 312 2457; x_wconf 95' lang='lat' dir='ltr'><strong> </strong></span> 
     </span>
    </p>
   </div>
   <div class='ocr_carea' id='block_1_7' title="bbox 100 2508 1707 3022">
    <p class='ocr_par' dir='ltr' id='par_1_12' title="bbox 100 2508 1707 3022">
     <span class='ocr_line' id='line_1_37' title="bbox 240 2508 1706 2552; baseline 0 -9"><span class='ocrx_word' id='word_1_287' title='bbox 240 2509 278 2552; x_wconf 85' lang='lat'><strong>1)</strong></span> <span class='ocrx_word' id='word_1_288' title='bbox 303 2510 499 2544; x_wconf 82' lang='lat' dir='ltr'><strong>subdendum</strong></span> <span class='ocrx_word' id='word_1_289' title='bbox 524 2511 623 2545; x_wconf 83' lang='lat' dir='ltr'><strong>Fabr.</strong></span> <span class='ocrx_word' id='word_1_290' title='bbox 648 2511 845 2545; x_wconf 74' lang='lat' dir='ltr'><strong>subcundum</strong></span> <span class='ocrx_word' id='word_1_291' title='bbox 871 2510 962 2544; x_wconf 83' lang='lat' dir='ltr'><strong>Grut.</strong></span> <span class='ocrx_word' id='word_1_292' title='bbox 989 2509 1141 2543; x_wconf 85' lang='lat' dir='ltr'><strong>Riccard.</strong></span> <span class='ocrx_word' id='word_1_293' title='bbox 1170 2527 1208 2531; x_wconf 71' lang='lat'>—</span> <span class='ocrx_word' id='word_1_294' title='bbox 1239 2508 1277 2551; x_wconf 83' lang='lat'><strong>2)</strong></span> <span class='ocrx_word' id='word_1_295' title='bbox 1304 2516 1333 2542; x_wconf 84' lang='lat' dir='ltr'><strong>cl</strong></span> <span class='ocrx_word' id='word_1_296' title='bbox 1358 2509 1516 2543; x_wconf 73' lang='lat' dir='ltr'><strong>Bovianio</strong></span> <span class='ocrx_word' id='word_1_297' title='bbox 1541 2509 1583 2543; x_wconf 82' lang='lat' dir='ltr'><strong>ad</strong></span> <span class='ocrx_word' id='word_1_298' title='bbox 1608 2509 1706 2543; x_wconf 81' lang='lat' dir='ltr'><strong>lacu·-</strong></span> 
     </span>
     <span class='ocr_line' id='line_1_38' title="bbox 100 2556 1707 2601; baseline 0 -11"><span class='ocrx_word' id='word_1_299' title='bbox 100 2568 176 2590; x_wconf 81' lang='lat' dir='ltr'><strong>nam</strong></span> <span class='ocrx_word' id='word_1_300' title='bbox 201 2557 422 2601; x_wconf 86' lang='lat' dir='ltr'><strong>supplendam</strong></span> <span class='ocrx_word' id='word_1_301' title='bbox 448 2558 582 2591; x_wconf 83' lang='lat' dir='ltr'><strong>additur</strong></span> <span class='ocrx_word' id='word_1_302' title='bbox 608 2570 649 2592; x_wconf 87' lang='lat' dir='ltr'><strong>cx</strong></span> <span class='ocrx_word' id='word_1_303' title='bbox 676 2560 846 2592; x_wconf 85' lang='lat' dir='ltr'><strong>mentione</strong></span> <span class='ocrx_word' id='word_1_304' title='bbox 865 2557 983 2590; x_wconf 85' lang='lat' dir='ltr'><strong>horum</strong></span> <span class='ocrx_word' id='word_1_305' title='bbox 1003 2558 1267 2600; x_wconf 84' lang='lat' dir='ltr'><strong>magistratuum,</strong></span> <span class='ocrx_word' id='word_1_306' title='bbox 1294 2557 1325 2589; x_wconf 89' lang='lat' dir='ltr'><strong>in</strong></span> <span class='ocrx_word' id='word_1_307' title='bbox 1344 2557 1487 2600; x_wconf 82' lang='lat' dir='ltr'><strong>epistola</strong></span> <span class='ocrx_word' id='word_1_308' title='bbox 1506 2556 1707 2599; x_wconf 86' lang='lat' dir='ltr'><strong>Septimiani</strong></span> 
     </span>
     <span class='ocr_line' id='line_1_39' title="bbox 101 2603 1705 2649; baseline 0 -12"><span class='ocrx_word' id='word_1_309' title='bbox 101 2604 200 2637; x_wconf 80' lang='lat' dir='ltr'><strong>facta.</strong></span> <span class='ocrx_word' id='word_1_310' title='bbox 238 2604 500 2648; x_wconf 77' lang='lat' dir='ltr'><strong>Spangenberg:</strong></span> <span class='ocrx_word' id='word_1_311' title='bbox 527 2605 701 2645; x_wconf 70' lang='lat' dir='ltr'><strong>Bociuali;</strong></span> <span class='ocrx_word' id='word_1_312' title='bbox 725 2605 826 2645; x_wconf 89' lang='lat' dir='ltr'><strong>male,</strong></span> <span class='ocrx_word' id='word_1_313' title='bbox 853 2616 953 2649; x_wconf 88' lang='lat' dir='ltr'><strong>quum</strong></span> <span class='ocrx_word' id='word_1_314' title='bbox 980 2614 1089 2649; x_wconf 89' lang='lat' dir='ltr'><strong>neque</strong></span> <span class='ocrx_word' id='word_1_315' title='bbox 1115 2603 1280 2636; x_wconf 88' lang='lat' dir='ltr'><strong>eiusmodi</strong></span> <span class='ocrx_word' id='word_1_316' title='bbox 1306 2604 1413 2637; x_wconf 85' lang='lat' dir='ltr'><strong>forma</strong></span> <span class='ocrx_word' id='word_1_317' title='bbox 1440 2603 1597 2638; x_wconf 83' lang='lat' dir='ltr'><strong>adiectivi</strong></span> <span class='ocrx_word' id='word_1_318' title='bbox 1616 2614 1705 2645; x_wconf 86' lang='lat' dir='ltr'><strong>gen-</strong></span> 
     </span>
     <span class='ocr_line' id='line_1_40' title="bbox 100 2648 1705 2696; baseline 0 -13"><span class='ocrx_word' id='word_1_319' title='bbox 100 2650 165 2684; x_wconf 87' lang='lat' dir='ltr'><strong>tilis</strong></span> <span class='ocrx_word' id='word_1_320' title='bbox 190 2661 208 2684; x_wconf 86' lang='lat' dir='ltr'><strong>a</strong></span> <span class='ocrx_word' id='word_1_321' title='bbox 234 2652 371 2684; x_wconf 88' lang='lat' dir='ltr'><strong>nomine</strong></span> <span class='ocrx_word' id='word_1_322' title='bbox 396 2651 537 2684; x_wconf 87' lang='lat' dir='ltr'><strong>Boviani</strong></span> <span class='ocrx_word' id='word_1_323' title='bbox 563 2653 678 2696; x_wconf 89' lang='lat' dir='ltr'><strong>oppidi</strong></span> <span class='ocrx_word' id='word_1_324' title='bbox 705 2653 895 2696; x_wconf 87' lang='lat' dir='ltr'><strong>reperiatur</strong></span> <span class='ocrx_word' id='word_1_325' title='bbox 921 2657 954 2685; x_wconf 91' lang='lat' dir='ltr'><strong>et</strong></span> <span class='ocrx_word' id='word_1_326' title='bbox 972 2651 1056 2684; x_wconf 83' lang='lat' dir='ltr'><strong>infra</strong></span> <span class='ocrx_word' id='word_1_327' title='bbox 1075 2650 1178 2684; x_wconf 85' lang='lat' dir='ltr'><strong>altera</strong></span> <span class='ocrx_word' id='word_1_328' title='bbox 1197 2650 1302 2683; x_wconf 78' lang='lat' dir='ltr'><strong>forma</strong></span> <span class='ocrx_word' id='word_1_329' title='bbox 1322 2650 1466 2693; x_wconf 82' lang='lat' dir='ltr'><strong>legatur.</strong></span> <span class='ocrx_word' id='word_1_330' title='bbox 1494 2668 1532 2673; x_wconf 93' lang='lat'><strong>—</strong></span> <span class='ocrx_word' id='word_1_331' title='bbox 1561 2648 1600 2692; x_wconf 88' lang='grc'><strong>3)</strong></span> <span class='ocrx_word' id='word_1_332' title='bbox 1618 2651 1705 2684; x_wconf 85' lang='lat' dir='ltr'><strong>Pro-</strong></span> 
     </span>
     <span class='ocr_line' id='line_1_41' title="bbox 102 2696 1706 2742; baseline -0.001 -11"><span class='ocrx_word' id='word_1_333' title='bbox 102 2703 277 2731; x_wconf 87' lang='lat' dir='ltr'><strong>curatores</strong></span> <span class='ocrx_word' id='word_1_334' title='bbox 302 2699 457 2741; x_wconf 80' lang='lat' dir='ltr'><strong>privatae</strong></span> <span class='ocrx_word' id='word_1_335' title='bbox 481 2700 550 2740; x_wconf 87' lang='lat' dir='ltr'><strong>rei,</strong></span> <span class='ocrx_word' id='word_1_336' title='bbox 588 2700 746 2742; x_wconf 81' lang='lat' dir='ltr'><strong>egregios</strong></span> <span class='ocrx_word' id='word_1_337' title='bbox 772 2699 862 2731; x_wconf 84' lang='lat' dir='ltr'><strong>viros</strong></span> <span class='ocrx_word' id='word_1_338' title='bbox 897 2717 940 2721; x_wconf 87' lang='lat'><em>-</em></span> <span class='ocrx_word' id='word_1_339' title='bbox 973 2697 1012 2740; x_wconf 80' lang='lat'><strong>4)</strong></span> <span class='ocrx_word' id='word_1_340' title='bbox 1039 2698 1179 2731; x_wconf 77' lang='lat' dir='ltr'><strong>lacunae</strong></span> <span class='ocrx_word' id='word_1_341' title='bbox 1211 2698 1306 2740; x_wconf 81' lang='lat' dir='ltr'><strong>signa</strong></span> <span class='ocrx_word' id='word_1_342' title='bbox 1333 2697 1420 2741; x_wconf 84' lang='lat' dir='ltr'><strong>apud</strong></span> <span class='ocrx_word' id='word_1_343' title='bbox 1448 2696 1625 2731; x_wconf 84' lang='lat' dir='ltr'><strong>Gruterum</strong></span> <span class='ocrx_word' id='word_1_344' title='bbox 1650 2698 1706 2730; x_wconf 91' lang='lat' dir='ltr'><strong>in—</strong></span> 
     </span>
     <span class='ocr_line' id='line_1_42' title="bbox 101 2742 1705 2789; baseline -0.001 -12"><span class='ocrx_word' id='word_1_345' title='bbox 101 2749 326 2787; x_wconf 88' lang='lat' dir='ltr'><strong>terponuntur</strong></span> <span class='ocrx_word' id='word_1_346' title='bbox 359 2746 421 2778; x_wconf 85' lang='lat' dir='ltr'><strong>etsi</strong></span> <span class='ocrx_word' id='word_1_347' title='bbox 455 2745 510 2778; x_wconf 84' lang='lat' dir='ltr'><strong>vel</strong></span> <span class='ocrx_word' id='word_1_348' title='bbox 544 2746 592 2778; x_wconf 90' lang='lat' dir='ltr'><strong>sic</strong></span> <span class='ocrx_word' id='word_1_349' title='bbox 616 2747 688 2779; x_wconf 89' lang='lat' dir='ltr'><strong>sine</strong></span> <span class='ocrx_word' id='word_1_350' title='bbox 712 2745 956 2789; x_wconf 86' lang='lat' dir='ltr'><strong>supplementis</strong></span> <span class='ocrx_word' id='word_1_351' title='bbox 981 2746 1088 2778; x_wconf 86' lang='lat' dir='ltr'><strong>oratio</strong></span> <span class='ocrx_word' id='word_1_352' title='bbox 1107 2744 1284 2777; x_wconf 89' lang='lat' dir='ltr'><strong>commode</strong></span> <span class='ocrx_word' id='word_1_353' title='bbox 1305 2743 1469 2787; x_wconf 88' lang='lat' dir='ltr'><strong>procedit.</strong></span> <span class='ocrx_word' id='word_1_354' title='bbox 1497 2761 1538 2766; x_wconf 91' lang='lat'><strong>-—</strong></span> <span class='ocrx_word' id='word_1_355' title='bbox 1566 2742 1603 2785; x_wconf 88' lang='lat'><strong>5)</strong></span> <span class='ocrx_word' id='word_1_356' title='bbox 1629 2754 1705 2777; x_wconf 89' lang='lat' dir='ltr'><strong>ma-</strong></span> 
     </span>
     <span class='ocr_line' id='line_1_43' title="bbox 105 2790 1704 2835; baseline 0 -12"><span class='ocrx_word' id='word_1_357' title='bbox 105 2791 298 2833; x_wconf 81' lang='lat' dir='ltr'><strong>gistratibus</strong></span> <span class='ocrx_word' id='word_1_358' title='bbox 324 2791 495 2835; x_wconf 84' lang='lat' dir='ltr'><strong>Saepinati</strong></span> <span class='ocrx_word' id='word_1_359' title='bbox 521 2798 554 2825; x_wconf 86' lang='lat' dir='ltr'><strong>et</strong></span> <span class='ocrx_word' id='word_1_360' title='bbox 579 2791 743 2825; x_wconf 79' lang='lat' dir='ltr'><strong>Boviano.</strong></span> <span class='ocrx_word' id='word_1_361' title='bbox 779 2792 955 2825; x_wconf 86' lang='lat' dir='ltr'><strong>Gruterus:</strong></span> <span class='ocrx_word' id='word_1_362' title='bbox 981 2791 1122 2824; x_wconf 78' lang='lat' dir='ltr'><strong>Bonian.</strong></span> <span class='ocrx_word' id='word_1_363' title='bbox 1149 2790 1238 2835; x_wconf 88' lang='lat' dir='ltr'><strong>quod</strong></span> <span class='ocrx_word' id='word_1_364' title='bbox 1266 2791 1423 2823; x_wconf 89' lang='lat' dir='ltr'><strong>mendum</strong></span> <span class='ocrx_word' id='word_1_365' title='bbox 1449 2790 1625 2834; x_wconf 76' lang='lat' dir='ltr'><strong>sculptoris</strong></span> <span class='ocrx_word' id='word_1_366' title='bbox 1649 2790 1704 2824; x_wconf 75' lang='lat' dir='ltr'><strong>vel</strong></span> 
     </span>
     <span class='ocr_line' id='line_1_44' title="bbox 105 2835 1704 2881; baseline 0.001 -12"><span class='ocrx_word' id='word_1_367' title='bbox 105 2838 356 2871; x_wconf 84' lang='lat' dir='ltr'><strong>transcribentis</strong></span> <span class='ocrx_word' id='word_1_368' title='bbox 390 2844 450 2871; x_wconf 89' lang='lat' dir='ltr'><strong>est.</strong></span> <span class='ocrx_word' id='word_1_369' title='bbox 490 2855 530 2860; x_wconf 73' lang='lat'><strong>—</strong></span> <span class='ocrx_word' id='word_1_370' title='bbox 570 2837 608 2881; x_wconf 87' lang='lat'><strong>6)</strong></span> <span class='ocrx_word' id='word_1_371' title='bbox 646 2839 825 2873; x_wconf 84' lang='lat' dir='ltr'><strong>Gruterus:</strong></span> <span class='ocrx_word' id='word_1_372' title='bbox 863 2839 917 2871; x_wconf 80' lang='lat' dir='ltr'><strong>snb</strong></span> <span class='ocrx_word' id='word_1_373' title='bbox 949 2850 1063 2872; x_wconf 75' lang='lat' dir='ltr'><strong>emam.</strong></span> <span class='ocrx_word' id='word_1_374' title='bbox 1096 2844 1126 2871; x_wconf 79' lang='lat' dir='ltr'><strong>ce</strong></span> <span class='ocrx_word' id='word_1_375' title='bbox 1154 2838 1275 2880; x_wconf 81' lang='lat' dir='ltr'><strong>facere.</strong></span> <span class='ocrx_word' id='word_1_376' title='bbox 1325 2835 1450 2870; x_wconf 89' lang='lat' dir='ltr'><strong>Locum</strong></span> <span class='ocrx_word' id='word_1_377' title='bbox 1489 2836 1704 2870; x_wconf 79' lang='lat' dir='ltr'><strong>emendatum</strong></span> 
     </span>
     <span class='ocr_line' id='line_1_45' title="bbox 104 2881 1704 2930; baseline 0 -14"><span class='ocrx_word' id='word_1_378' title='bbox 104 2881 399 2928; x_wconf 82' lang='lat' dir='ltr'><strong>Spangenbergius</strong></span> <span class='ocrx_word' id='word_1_379' title='bbox 424 2884 581 2927; x_wconf 86' lang='lat' dir='ltr'><strong>exhibet,</strong></span> <span class='ocrx_word' id='word_1_380' title='bbox 616 2897 715 2930; x_wconf 89' lang='lat' dir='ltr'><strong>quem</strong></span> <span class='ocrx_word' id='word_1_381' title='bbox 740 2886 847 2919; x_wconf 87' lang='lat' dir='ltr'><strong>secuti</strong></span> <span class='ocrx_word' id='word_1_382' title='bbox 871 2896 995 2919; x_wconf 88' lang='lat' dir='ltr'><strong>sumus.</strong></span> <span class='ocrx_word' id='word_1_383' title='bbox 1031 2903 1072 2907; x_wconf 92' lang='grc'><strong>--</strong></span> <span class='ocrx_word' id='word_1_384' title='bbox 1108 2882 1146 2926; x_wconf 81' lang='lat'><strong>7)</strong></span> <span class='ocrx_word' id='word_1_385' title='bbox 1172 2883 1364 2928; x_wconf 84' lang='lat' dir='ltr'><strong>exemplum</strong></span> <span class='ocrx_word' id='word_1_386' title='bbox 1397 2883 1561 2926; x_wconf 85' lang='lat' dir='ltr'><strong>epistolae</strong></span> <span class='ocrx_word' id='word_1_387' title='bbox 1586 2883 1704 2927; x_wconf 88' lang='lat' dir='ltr'><strong>Septi-</strong></span> 
     </span>
     <span class='ocr_line' id='line_1_46' title="bbox 105 2930 1705 2975; baseline 0.002 -14"><span class='ocrx_word' id='word_1_388' title='bbox 105 2930 205 2962; x_wconf 88' lang='lat' dir='ltr'><strong>miani</strong></span> <span class='ocrx_word' id='word_1_389' title='bbox 229 2931 410 2965; x_wconf 88' lang='lat' dir='ltr'><strong>admodum</strong></span> <span class='ocrx_word' id='word_1_390' title='bbox 435 2931 632 2965; x_wconf 87' lang='lat' dir='ltr'><strong>mendosum</strong></span> <span class='ocrx_word' id='word_1_391' title='bbox 657 2938 709 2965; x_wconf 89' lang='lat' dir='ltr'><strong>est</strong></span> <span class='ocrx_word' id='word_1_392' title='bbox 732 2932 792 2965; x_wconf 89' lang='lat' dir='ltr'><strong>sed</strong></span> <span class='ocrx_word' id='word_1_393' title='bbox 818 2931 981 2965; x_wconf 89' lang='lat' dir='ltr'><strong>eiusmodi</strong></span> <span class='ocrx_word' id='word_1_394' title='bbox 1007 2937 1043 2965; x_wconf 85' lang='lat' dir='ltr'><strong>ut</strong></span> <span class='ocrx_word' id='word_1_395' title='bbox 1067 2932 1209 2975; x_wconf 87' lang='lat' dir='ltr'><strong>nescias,</strong></span> <span class='ocrx_word' id='word_1_396' title='bbox 1233 2936 1343 2965; x_wconf 86' lang='lat' dir='ltr'><strong>utrum</strong></span> <span class='ocrx_word' id='word_1_397' title='bbox 1359 2930 1535 2965; x_wconf 86' lang='lat' dir='ltr'><strong>scribentis</strong></span> <span class='ocrx_word' id='word_1_398' title='bbox 1551 2931 1705 2965; x_wconf 81' lang='lat' dir='ltr'><strong>inscitiae</strong></span> 
     </span>
     <span class='ocr_line' id='line_1_47' title="bbox 106 2976 1068 3022; baseline 0.003 -13"><span class='ocrx_word' id='word_1_399' title='bbox 106 2985 150 3010; x_wconf 86' lang='lat' dir='ltr'><strong>an</strong></span> <span class='ocrx_word' id='word_1_400' title='bbox 176 2976 334 3022; x_wconf 85' lang='lat' dir='ltr'><strong>scalptori</strong></span> <span class='ocrx_word' id='word_1_401' title='bbox 359 2989 403 3014; x_wconf 84' lang='lat' dir='ltr'><strong>an</strong></span> <span class='ocrx_word' id='word_1_402' title='bbox 428 2977 663 3015; x_wconf 84' lang='lat' dir='ltr'><strong>transcribenti</strong></span> <span class='ocrx_word' id='word_1_403' title='bbox 687 2980 768 3015; x_wconf 86' lang='lat' dir='ltr'><strong>vitia</strong></span> <span class='ocrx_word' id='word_1_404' title='bbox 792 2978 970 3015; x_wconf 88' lang='lat' dir='ltr'><strong>tribuenda</strong></span> <span class='ocrx_word' id='word_1_405' title='bbox 993 2979 1068 3013; x_wconf 88' lang='lat' dir='ltr'><strong>sint.</strong></span> 
     </span>
    </p>
   </div>
  </div>
 </body>
</html>
