1877 3313
22 0 41 99 ,.

707 143 738 184 §.
767 144 797 178 1.
846 144 955 188 Leges
989 149 1023 178 et
1047 144 1235 189 plebiscita.
1692 145 1776 188 205

164 251 343 301 apolitana
375 255 412 288 et
442 251 655 289 Viennensia
689 253 952 290 accuratissime
988 253 1114 300 exegit
1147 258 1254 301 atque
1286 255 1331 291 de
1363 253 1527 292 universa
1559 255 1642 301 lege
1673 259 1775 293 trac-

163 311 263 348 tavit.
305 305 511 363 (Funfzehn
556 315 644 348 rom.
674 311 869 349 Urkunden
902 325 937 360 p.
973 307 1067 363 30.)
1121 313 1242 360 Neque
1285 313 1396 350 minus
1440 314 1680 351 consuiendus
1722 318 1778 351 est

163 371 375 415 Huschkins‚
407 370 465 418 qui
499 370 542 406 de
575 370 746 407 Rudorffii
778 383 890 418 opere
924 371 1092 407 iudicium
1125 372 1202 407 tulit
1234 367 1399 423 (Richter
1430 373 1517 409 Krit.
1548 373 1776 409 Jahrbiicher

163 429 221 466 fiir
252 430 434 466 Rechtsw.
467 429 564 465 Tom.
595 429 638 466 X.
670 441 703 477 p.
738 424 1008 482 579—620).
1040 430 1112 466 Nos
1145 442 1221 467 cum
1255 432 1402 478 Eggero
1438 427 1573 484 (Latini
1605 432 1776 468 sermonis

160 487 343 536 reliquiae.
376 500 409 536 p.
443 482 564 538 207.)
597 488 770 525 Rudorffii
795 489 1040 525 recensionem
1076 493 1110 524 et
1143 490 1388 537 supplementa
1422 491 1454 527 in
1488 503 1585 527 usum
1618 495 1777 527 nostrum

161 547 404 584 convertimus
449 546 651 583 novissimis
690 547 876 594 Gotumgii
909 552 945 583 et
976 547 1145 584 Huschkii
1179 549 1270 584 curis
1311 549 1485 586 adhibitis.
1518 549 1775 598 Supplementa

160 606 374 654 interposita
410 605 543 641 uncinis
584 606 851 654 separavimus3
893 607 1098 643 lacunarum
1141 608 1276 655 spatia,
1319 620 1410 656 quae
1443 608 1643 646 Rudorffius
1687 609 1776 645 iusta

162 664 401 714 proportione
434 664 616 700 dimensus
651 669 718 711 est,
753 665 890 712 aequali
921 676 1086 702 mensura
1119 667 1390 704 coarctavimus,

303 735 390 792 [Sp.
435 738 618 779 Thorius.
666 738 731 792 Sp.
775 738 801 779 f.
835 743 882 779 tr.
924 739 975 792 pl.
1007 738 1163 793 plebem
1204 740 1319 781 ioure
1359 741 1514 796 rogavit
1552 741 1771 795 plebesque

158 797 275 839 ioure
306 797 432 838 scivit.
466 797 610 838 Tribus
625 829 728 839 .....
742 796 992 853 p1·inei]pium
1035 797 1103 839 fuit
1135 811 1207 853 pro
1240 799 1356 840 tribu.
1390 799 1435 848 Q.
1477 800 1619 842 Fabius
1653 799 1698 848 Q.
1731 800 1771 841 F.

158 856 307 910 primus
339 856 464 898 scivit.

662 928 791 969 Pars
823 928 997 981 prima.
1036 951 1085 957 -—
1119 928 1285 970 ltalia.

845 998 966 1052 Caput
998 998 1023 1039 Ι.
1050 997 1085 1054 ¹)

300 1068 403 1117 Quei
440 1081 540 1124 ager
572 1069 752 1123 poplicus
784 1070 917 1123 popuii
949 1071 1126 1111 romenei
1158 1071 1195 1111 in
1228 1075 1374 1112 terram
1407 1070 1552 1112 Italiam
1584 1071 1623 1112 Ρ.
1655 1070 1776 1112 Muu-

158 1128 220 1169 cio
251 1127 295 1168 L.
330 1125 565 1182 Calpur[nio
598 1141 680 1169 cos.
717 1128 806 1180 suit,
840 1134 953 1169 extra
985 1143 1075 1170 eum
1108 1142 1248 1184 agrum
1281 1130 1426 1180 locum,
1459 1131 1551 1183 quei
1582 1142 1679 1184 ager
1709 1130 1776 1170 10-

160 1199 228 1228 cus
262 1199 315 1227 ex
347 1187 437 1241 lege
468 1187 651 1240 plebeive
684 1188 798 1238 scito,
833 1188 937 1240 quod
971 1188 1011 1228 C.
1046 1189 1303 1241 Sempronius
1335 1189 1391 1229 Ti.
1426 1189 1452 1230 f.
1485 1194 1532 1229 tr.
1566 1189 1617 1242 pl.
1649 1200 1776 1242 roga-

158 1246 237 1297 vit,
280 1250 512 1299 exsceptum
546 1247 796 1299 cavitumque
830 1252 890 1287 est
925 1247 987 1286 nei
1020 1246 1265 1287 divideretur
1278 1279 1377 1287 .....
1391 1247 1440 1288 de
1473 1260 1521 1288 eo
1554 1260 1652 1302 agro
1684 1247 1773 1288 1000

159 1318 277 1358 quem
310 1309 424 1345 vetus
456 1317 671 1357 possessor
702 1317 827 1357 prove
865 1309 1004 1345 vetere
1037 1317 1277 1357 possessore
1309 1304 1429 1360 sibei]
1470 1319 1611 1358 agrum
1643 1306 1772 1347 locum

157 1364 326 1417 sumpsit
359 1364 582 1416 reliquitve,
616 1363 723 1415 quod
755 1376 834 1404 non
867 1365 1007 1404 modus
1040 1365 1162 1404 maior
1184 1365 1271 1415 siet,
1305 1377 1419 1416 quam
1443 1370 1630 1417 quantum
1653 1377 1774 1405 unum

157 1422 357 1464 hominem
391 1436 443 1462 ex
484 1423 575 1476 lege
606 1422 788 1475 plebeive
821 1435 876 1462 50.
910 1423 1010 1463 sibei
1042 1420 1226 1477 sumer[e
1257 1423 1539 1477 relinquereve
1571 1428 1775 1477 oporteat3

298 1482 398 1530 Ouci
429 1493 527 1534 ager
559 1480 740 1533 poblicus
772 1481 908 1534 populi
940 1482 1119 1523 romauei
1161 1482 1198 1522 in
1231 1486 1377 1523 terram
1409 1483 1553 1524 Italiam
1585 1483 1625 1524 P.
1656 1482 1778 1523 Muu-

159 1540 221 1582 010
252 1540 294 1581 L.
328 1539 544 1592 Calpurnio
576 1551 647 1580 cos
680 1539 772 1589 fuit,
818 1545 929 1581 extra
972 1553 1061 1581 eum
1093 1553 1232 1594 agrum
1266 1541 1422 1594 iocum,
1457 1542 1547 1595 quei
1579 1555 1679 1596 ager
1708 1541 1775 1583 10-

157 1612 229 1641 cus
260 1611 312 1640 ex
342 1598 435 1651 lege
467 1598 647 1651 plebeive
680 1599 794 1650 scito,
831 1599 935 1652 quod
970 1600 1011 1640 C.
1045 1600 1299 1652 Sempronius
1332 1601 1389 1641 Ti.
1424 1600 1450 1641 f.
1484 1606 1530 1641 tr.
1564 1601 1614 1654 pl.
1648 1613 1777 1655 roga-

158 1659 238 1710 vit,
281 1661 493 1711 exceptum
526 1658 778 1710 cavitunique
811 1663 872 1698 est
904 1659 967 1698 nei
1001 1657 1258 1708 divideretur,
1274 1691 1379 1700 .....
1395 1658 1517 1715 quod]
1562 1660 1774 1712 quoieique

159 1717 208 1758 de
242 1729 292 1759 eo
324 1728 423 1771 agro
458 1716 550 1757 loco
595 1729 647 1756 ex
678 1716 769 1770 lege
812 1717 995 1770 plebeive
1038 1730 1094 1758 50.
1128 1717 1171 1757 111
1189 1718 1248 1759 vir
1289 1720 1428 1760 sortito
1469 1719 1570 1760 ceivi
1611 1731 1776 1761 romano

298 1839 359 1886 Sp.
392 1837 541 1875 Thorius
658 1839 718 1887 Sp.
747 1839 836 1876 filius
862 1839 1020 1876 tribunus
1042 1839 1154 1888 plebis
1176 1840 1319 1889 piebem
1342 1840 1417 1877 iure
1439 1841 1595 1888 rogavit,
1626 1841 1778 1890 plebes-

162 1907 231 1944 que
272 1896 349 1934 iure
391 1896 504 1934 scivit.
547 1897 756 1935 Tribus....
799 1898 1009 1946 principium
1052 1899 1128 1935 suit.
1179 1899 1247 1936 Pro
1290 1900 1383 1937 tribu
1425 1899 1465 1944 Q.
1496 1899 1622 1938 Fabius
1656 1899 1775 1945 Quinti

157 1955 250 1993 filius
282 1956 414 2005 primus
448 1956 561 1994 scivit.

706 2017 820 2053 Pars
853 2016 1024 2065 prima:
1058 2017 1222 2054 Italia.

884 2087 999 2136 Caput
1028 2088 1056 2124 1.

299 2144 368 2189 Qui
409 2156 498 2192 ager
540 2145 702 2193 publicus
745 2146 867 2195 populi
910 2147 1045 2184 romani
1079 2146 1111 2183 in
1145 2151 1275 2183 terram
1314 2146 1451 2184 Italiam
1491 2148 1526 2185 P.
1557 2147 1697 2194 Mucio,
1738 2148 1774 2185 L.

160 2200 351 2251 Calpurnio
394 2204 599 2241 consulibus
641 2205 728 2252 fuit,
773 2210 875 2242 extra
909 2217 987 2242 eum
1031 2217 1154 2254 agrum
1195 2207 1332 2252 locum,
1374 2207 1431 2254 qui
1464 2219 1553 2254 ager
1594 2207 1693 2244 locus
1726 2219 1772 2244 ex

157 2261 242 2308 lege
272 2261 420 2311 piebive
453 2263 570 2310 scito,
603 2265 700 2312 quod
733 2264 770 2300 C.
802 2264 1033 2313 Sempronius
1066 2265 1195 2301 Tiberii
1234 2264 1324 2301 filius
1359 2265 1517 2302 tribunus
1559 2266 1672 2315 piebis
1704 2278 1772 2304 ro-

159 2320 284 2368 gavit,
328 2326 518 2370 exceptum
562 2327 775 2371 cautumque
817 2328 947 2360 estne
991 2324 1210 2360 divideretur
1241 2352 1354 2361 ......
1387 2325 1432 2361 de
1465 2337 1510 2362 eo
1553 2336 1643 2372 agro
1676 2325 1772 2372 1000,

159 2391 262 2426 quem
295 2385 396 2417 vetus
428 2393 621 2429 possessor
653 2393 768 2430 prove
801 2387 925 2418 vetere
965 2394 1179 2430 possessore
1222 2382 1288 2419 sibi
1321 2395 1444 2430 agrum
1475 2383 1592 2421 locum
1622 2384 1770 2432 sumpsit

158 2438 363 2486 reiiquitve,
396 2440 491 2487 quod
524 2452 595 2478 non
627 2441 753 2478 modus
785 2441 899 2477 maior
931 2441 1010 2487 siet,
1044 2453 1146 2489 quam
1178 2445 1344 2489 quantum
1376 2454 1482 2480 unum
1514 2442 1693 2480 hominem
1725 2454 1772 2480 ex

160 2496 244 2545 lege
275 2497 418 2546 plebive
449 2499 540 2536 scito
572 2499 639 2536 sibi
671 2511 812 2537 sumere
846 2500 1098 2548 relinquereve
1131 2504 1322 2548 oporteat3

300 2557 367 2601 Qui
409 2569 498 2604 ager
539 2559 700 2606 publicus
741 2559 866 2608 popuii
905 2559 1042 2596 romani
1074 2559 1106 2595 iu
1139 2563 1271 2595 terram
1313 2560 1449 2597 Italiam
1490 2561 1525 2597 P.
1557 2560 1692 2608 Mucio,
1732 2561 1768 2599 L.

164 2612 358 2663 Calpurnio
402 2617 606 2653 consulibus
640 2618 704 2654 fuit
745 2623 846 2655 extra
889 2630 968 2654 eum
1000 2629 1125 2665 agrum
1158 2617 1298 2664 locum,
1342 2619 1423 2667 quei
1464 2630 1552 2666 ager
1582 2620 1682 2657 locus
1723 2632 1771 2657 ex

161 2671 244 2719 lege
274 2674 418 2722 piebive
451 2676 567 2722 scito,
610 2676 705 2724 quod
739 2677 776 2713 C.
809 2676 1042 2725 Sempronius
1086 2676 1213 2713 Tiberii
1245 2677 1334 2714 iilius
1367 2678 1526 2715 tribunus
1557 2679 1671 2726 plebis
1701 2690 1769 2717 ro-

161 2731 272 2778 gavit,
304 2737 498 2782 exceptum
530 2739 743 2783 cautumque
776 2740 829 2773 est
860 2747 905 2772 ne
939 2735 1159 2772 divideretur
1190 2763 1326 2773 .......
1359 2736 1455 2784 quod
1489 2736 1615 2784 cuique
1647 2738 1692 2775 de
1724 2750 1769 2776 eo

164 2800 261 2836 agro
293 2792 376 2829 ioco
410 2804 456 2829 ex
487 2793 572 2840 lege
603 2794 747 2842 plebive
787 2794 879 2832 scito
911 2794 1070 2831 triumvir
1109 2793 1238 2831 sortito
1270 2794 1337 2832 civi
1367 2806 1515 2833 romano
1548 2795 1670 2844 dedit,
1701 2797 1770 2834 ad-

161 2949 183 2984 b
271 2906 338 2988 dg]
363 2908 508 2944 Partium
535 2915 570 2944 et
594 2910 739 2954 capitum
766 2911 1049 2956 praescriptiones
1073 2919 1141 2943 uon
1165 2916 1242 2945 sunt
1266 2911 1300 2945 in
1324 2910 1452 2953 tabula,
1477 2910 1537 2945 sed
1560 2910 1602 2946 ab
1620 2911 1764 2946 editori-

188 2962 224 2986 us
249 2963 267 2988 a
319 2960 394 2990 itae.
