1877 3313
658 159 688 202 §.
716 159 746 194 1.
793 158 899 205 Leges
925 164 958 194 et
982 159 1168 204 plebiscita.
1629 156 1714 201 233

787 265 910 321 Caput
941 266 1039 308 XLI.

250 326 327 377 Pr.,
359 327 503 381 quoius
536 327 618 368 arb.
651 339 724 380 pro
756 339 855 381 agro
887 326 1001 377 loco,
1044 326 1134 379 quei
1165 327 1313 368 Romae
1344 324 1503 380 publice
1536 324 1716 376 venierit,

111 398 145 425 e.
177 384 213 426 h.
246 385 269 426 l.
306 383 378 441 [ita
411 387 493 427 utei
524 399 644 439 supra
675 387 863 438 scriptum
896 389 981 435 est,
1025 386 1171 438 populo
1204 389 1298 426 satis
1331 384 1556 439 supsignari
1588 397 1716 438 opor-

110 448 166 484 tet
197 445 468 498 oportebitve,
500 446 531 486 is
564 445 704 495 facito,
736 445 818 485 utei
848 455 921 497 pro
955 455 1003 484 eo
1036 457 1133 498 agro
1166 444 1278 494 loco,
1322 457 1438 496 quem
1479 442 1716 497 publicanus

109 502 321 543 fruendum
355 503 602 554 conduxerit,
634 505 685 544 ita
715 506 796 544 utei
827 515 858 543 s.
892 515 923 543 s.
957 515 1005 554 e.,
1036 502 1194 556 praedia
1229 503 1382 543 dentur.
1446 502 1596 550 Quibus
1641 513 1714 555 pro

110 562 215 614 agris
247 562 406 615 praedia
440 562 526 602 duta
560 575 638 604 non
671 566 798 613 erunt,
830 574 902 615 pro
936 562 992 601 eis
1027 558 1157 616 ag]1·is
1192 567 1251 602 ter
1275 562 1370 602 tanti
1391 561 1511 601 invito
1536 572 1599 611 eo,
1623 560 1717 613 quei

111 620 231 672 dabit,
263 621 429 673 accipito
462 620 662 674 facitoque
696 621 787 674 quei
819 634 871 661 ex
902 619 937 661 h.
971 620 994 661 l.
1026 620 1185 674 praedia
1219 621 1396 671 dederit,
1438 619 1520 660 ulei
1551 620 1588 659 ei
1619 619 1714 660 satis

109 676 429 734 sup[signatum]
463 681 524 720 sit.

43 742 47 743 ’
250 738 337 786 Quo
369 739 494 779 minus
527 751 578 778 ex
610 739 645 779 h.
680 738 703 779 l.
738 738 938 793 praedium
972 739 1264 792 queiquomque
1288 738 1381 780 velit
1402 737 1610 792 supsiguet
1641 749 1719 790 pe-

111 797 320 849 quniamve
352 796 479 837 solvat
511 810 708 850 praesque
741 799 1033 851 quelquomque
1066 811 1115 838 ex
1147 798 1183 838 h.
1218 798 1238 838 l.
1272 797 1356 838 fieri
1387 797 1513 848 volet,
1546 796 1624 848 fiat,
1657 792 1714 850 [e.

109 855 146 896 h.
179 855 201 896 l.
236 868 270 896 n.
303 868 335 896 r.

783 916 906 970 Caput
936 915 1048 957 XLII.

248 973 360 1022 Quae
393 974 615 1029 vectigalia,
648 987 745 1028 quas
774 974 976 1025 decumas,
1010 987 1163 1028 quasve
1184 976 1402 1029 scripturas
1426 974 1584 1029 pecoris
1610 985 1715 1025 eum,

110 1032 403 1087 queiquomque
443 1046 581 1087 agrum
633 1033 764 1075 locum
807 1034 1026 1075 aedificium
1068 1035 1106 1075 in
1150 1034 1283 1075 Africa
1325 1033 1574 1088 possederit,
1626 1033 1718 1087 quei

109 1105 207 1146 ager
237 1091 352 1133 locus
384 1091 604 1133 aedificium
637 1092 786 1134 Romae
818 1093 970 1147 puplice
1009 1094 1178 1145 x‘enieit,
1220 1094 1312 1146 quei
1345 1090 1464 1147 ager]
1497 1092 1607 1133 locus
1638 1103 1718 1145 po-

108 1150 292 1204 pulorum
326 1150 567 1192 leibcrorum
600 1150 854 1205 perfugarum
897 1165 975 1193 non
1020 1152 1158 1202 fuerit,
1202 1165 1273 1206 pro
1317 1164 1365 1192 eo
1398 1164 1496 1206 agro
1539 1150 1718 1192 aedificio

108 1209 238 1262 locoq.
273 1222 324 1250 ex
354 1207 435 1264 1.¹)
470 1209 595 1260 dicta,
635 1207 772 1264 q[uam
805 1211 844 1250 L.
881 1211 1077 1251 Caecilius
1110 1211 1177 1251 Cn.
1212 1211 1403 1251 Domitius
1436 1208 1566 1264 cen]s.
1610 1210 1717 1264 agris

109 1267 300 1309 aedificiis
335 1269 430 1309 locis
465 1269 775 1322 vectigalibusve
817 1270 1009 1322 publiceis
1053 1268 1258 1310 fruendeis
1301 1269 1546 1310 vendundeis
1586 1268 1718 1323 legem

110 1322 376 1381 dei[x]erunt,
409 1328 619 1380 publicano
653 1330 748 1369 dare
782 1330 969 1380 oportuit,
1005 1325 1131 1380 [idem
1163 1329 1211 1379 is,
1243 1328 1332 1380 quei
1365 1341 1452 1368 cum
1485 1340 1622 1381 agrum
1647 1340 1720 1368 ae-

111 1385 277 1426 dificium
321 1385 553 1438 locumque,
596 1388 685 1438 quei
719 1398 817 1439 ager
847 1387 958 1427 locus
991 1385 1211 1426 aedificium
1252 1391 1289 1426 in
1322 1385 1458 1426 Africa
1502 1391 1585 1438 est,
1627 1387 1718 1439 quei

109 1445 257 1485 Romae
291 1445 446 1498 publice
479 1445 624 1495 veniet5
659 1446 750 1497 quei
781 1457 879 1498 ager
909 1445 1022 1486 locus
1055 1446 1292 1498 populorum
1334 1446 1576 1486 leiberorum
1617 1458 1716 1498 per-

108 1504 288 1558 fugarum
321 1515 399 1544 non
433 1502 565 1555 fuerit,
599 1516 650 1545 cx
683 1504 718 1544 b.
752 1504 775 1544 l.
809 1503 1044 1558 possidebit,
1076 1505 1286 1557 publicano
1321 1505 1490 1559 vectigal
1531 1504 1718 1545 decumas

797 1649 909 1697 Caput
943 1649 1028 1686 XLI.

244 1706 412 1752 Praetor,
455 1706 553 1743 cuius
588 1707 736 1744 arbitrio
770 1719 836 1756 pro
869 1720 958 1756 agro
991 1709 1088 1754 loco,
1121 1709 1179 1756 qui
1213 1709 1343 1745 Romae
1375 1708 1517 1757 publice
1551 1707 1715 1754 venierit,

105 1777 151 1802 ex
183 1765 250 1801 hac
284 1765 367 1811 lege
400 1764 446 1802 ita
480 1766 530 1802 uti
572 1778 677 1815 supra
710 1768 878 1815 scriptum
921 1773 1000 1814 est,
1043 1768 1178 1816 populo
1221 1768 1304 1804 satis
1336 1768 1537 1815 subsignari
1570 1772 1716 1816 oportet

105 1824 360 1872 oportebitve,
394 1824 420 1860 is
453 1825 587 1870 facito,
631 1826 679 1862 uti
711 1838 777 1874 pro
812 1838 855 1863 eo
890 1838 980 1874 agro
1013 1827 1118 1873 loco,
1151 1838 1254 1873 quem
1287 1827 1493 1875 publicanus
1528 1827 1715 1863 fruendum

105 1883 332 1928 conduxerit,
365 1883 410 1919 ita
444 1884 491 1920 uti
524 1895 628 1932 supra
660 1886 828 1933 scriptum
862 1891 937 1931 est,
969 1887 1114 1935 praedia
1149 1886 1287 1922 dentur.
1352 1885 1484 1929 Quibus
1517 1897 1583 1934 pro
1617 1885 1713 1933 agris

103 1942 250 1990 praedia
284 1942 364 1978 data
399 1953 467 1979 non
502 1948 628 1990 erunt,
669 1955 736 1992 pro
769 1944 819 1981 eis
853 1946 947 1990 agris
980 1950 1036 1981 ter
1078 1945 1163 1981 tanti
1196 1945 1306 1981 invito
1350 1955 1394 1980 eo
1428 1945 1485 1992 qui
1519 1945 1616 1980 dabit
1647 1956 1712 1980 ac-

105 2000 214 2049 cipito
247 2001 428 2049 facitoque
471 2003 527 2050 qui
561 2014 606 2039 ex
639 2003 706 2040 hac
738 2004 822 2051 lege
863 2004 1012 2052 praedia
1046 2004 1206 2049 dederit,
1251 2004 1299 2040 uti
1333 2003 1363 2040 ei
1397 2004 1480 2040 satis
1518 2004 1711 2051 subsigna-

103 2064 176 2096 tum
206 2061 262 2097 sit.

243 2119 322 2164 Quo
355 2119 465 2156 minus
499 2132 543 2157 ex
576 2121 640 2158 hac
672 2122 754 2167 lege
786 2122 972 2170 praedium
1005 2122 1216 2170 quicumque
1259 2121 1344 2158 velit
1376 2121 1563 2168 subsignet
1594 2133 1711 2170 pecu-

104 2177 244 2215 niamve
277 2179 394 2215 solvat
435 2191 613 2228 praesque
656 2181 868 2229 quicumque
902 2193 947 2218 ex
979 2183 1045 2218 hac
1077 2181 1160 2228 lege
1193 2180 1269 2217 fieri
1301 2181 1400 2217 volet
1432 2181 1515 2227 fiat,
1557 2192 1602 2217 ex
1645 2181 1712 2218 hac

103 2237 187 2285 lege
217 2237 301 2274 nihil
334 2242 498 2285 rogatur.

786 2299 900 2348 Caput
931 2299 1031 2336 XLII.

245 2355 344 2400 Quae
376 2356 582 2404 vectigalia,
616 2369 701 2406 quas
733 2358 912 2405 decumas,
946 2369 1079 2407 quasve
1110 2358 1301 2406 scripturas
1333 2357 1476 2407 pecoris
1505 2369 1596 2405 eum,
1629 2358 1712 2406 qui-

105 2425 256 2462 cumque
288 2427 412 2462 agrum
445 2417 562 2453 locum
594 2417 791 2454 aedificium
824 2419 857 2455 in
889 2418 1012 2455 Africa
1045 2417 1262 2465 possederit,
1294 2417 1352 2466 qui
1375 2429 1463 2464 ager
1486 2417 1584 2454 locus
1608 2417 1713 2455 aedi-

103 2473 218 2510 ficium
250 2474 383 2511 Romae
414 2475 556 2523 publice
588 2476 719 2521 veniit,
760 2477 818 2524 qui
850 2489 939 2524 ager
971 2477 1070 2513 locus
1103 2477 1319 2524 populorum
1359 2477 1551 2513 liberorum
1582 2477 1712 2525 perfu-

104 2544 228 2580 garum
262 2545 332 2570 non
364 2535 483 2580 fuerit,
515 2546 583 2583 pro
616 2547 661 2571 eo
695 2547 784 2582 agro
819 2536 979 2572 aedificio
1012 2535 1169 2582 locoque
1202 2547 1247 2571 ex
1278 2536 1362 2583 lege
1395 2535 1508 2581 dicta,
1541 2547 1643 2583 quam
1673 2536 1710 2573 L.

104 2592 275 2629 Caecilius
309 2592 369 2629 Cn.
403 2593 575 2630 Domitius
609 2606 778 2632 censores
812 2595 908 2643 agris
942 2593 1110 2631 aedificiis
1142 2594 1230 2631 locis
1258 2594 1540 2642 vectigalibusve
1561 2594 1710 2643 publicis

103 2651 262 2687 fruendis
294 2652 456 2689 locandis
489 2654 687 2690 vendundis
721 2655 840 2701 legem
873 2654 1051 2697 dixerunt,
1083 2653 1274 2700 publicano
1298 2653 1584 2701 dareoportuit,
1615 2653 1710 2692 idem

103 2709 132 2746 is
163 2710 222 2758 qui
255 2722 333 2747 eum
366 2722 491 2758 agrum
524 2712 719 2750 aedilicium
751 2714 953 2761 locumque,
986 2711 1043 2760 qui
1075 2723 1164 2758 ager
1192 2712 1290 2749 locus
1314 2712 1508 2748 aedilicium
1529 2712 1563 2749 in
1586 2712 1710 2750 Africa

105 2772 170 2814 est,
203 2770 260 2817 qui
291 2770 425 2807 Romae
456 2771 600 2819 publice
632 2772 762 2818 veniit,
807 2772 867 2820 qui
899 2782 988 2818 ager
1019 2771 1119 2807 locus
1151 2772 1363 2820 populorum
1395 2771 1587 2808 liberorum
1617 2783 1709 2821 per-

104 2827 267 2875 fugarum
300 2840 370 2865 non
404 2829 534 2875 fuerit,
577 2842 622 2867 ex
656 2832 721 2868 hac
752 2832 836 2879 lege
868 2829 1091 2879 possidebit,
1132 2830 1323 2878 publicano
1356 2829 1509 2877 vectigal
1541 2830 1709 2869 decumas

245 2970 281 3015 1)
306 2973 395 3019 lege.
