1877 3313
190 164 276 207 342
641 157 746 193 Inscr.
769 159 944 203 profanae.
995 157 1076 202 Cap.
1101 157 1141 191 II.
1190 157 1348 191 Tabulae.

190 269 302 310 cuius
334 265 425 307 fidei
455 263 676 306 secundum
717 264 942 306 testimonia
974 267 1090 316 atque
1130 262 1316 317 suffragia
1348 263 1525 304 Parentis
1563 263 1797 318 patriciique

188 325 315 368 nostri
352 324 516 365 multum
549 323 756 374 debemus,
797 335 877 363 non
908 334 1044 375 parum
1077 320 1250 362 adiicere
1282 334 1356 362 nos
1388 326 1541 362 constat
1572 324 1726 363 ornatui
1746 320 1797 376 ¹).

189 386 295 428 Sciat
325 388 456 425 autem
487 381 776 435 magnificentia
807 387 895 431 tua,
929 381 1056 432 quinis
1090 380 1172 420 auri
1204 379 1313 420 libris
1345 379 1513 420 iudicem
1545 393 1636 421 esse
1667 381 1798 422 mulc-

188 442 364 492 tandum,
397 441 520 482 ternis
551 440 772 482 honoratos
803 440 866 480 vel
897 438 1080 489 curiales,
1112 439 1178 491 qui
1210 437 1258 478 ad
1291 439 1544 479 constitutum
1574 438 1705 480 locum
1732 441 1798 480 in-

187 506 250 543 tra
280 499 480 541 definitum
514 503 669 552 teinpus
699 499 837 539 venire
870 496 1104 538 distulerint.

328 560 429 599 Data
460 558 543 599 XV.
586 556 752 597 Kaiend.
785 556 929 607 Maias,
970 560 1134 608 accepta
1175 554 1282 596 Arcl.
1326 555 1373 596 Χ.
1405 554 1489 596 Kal.
1520 555 1675 608 Iunias,
1715 555 1797 597 DD.

189 618 273 660 NN.
303 617 480 659 Honorio
512 614 592 656 XII.
626 620 665 656 et
695 615 922 657 Theodosio
946 613 1032 654 AA.
1066 614 1177 656 Coss.

382 776 420 814 §-
451 772 485 809 6.
546 771 709 808 Decreta
743 776 778 807 et
807 770 1015 806 sententiae
1044 770 1335 818 maqistralmtm
1364 779 1616 806 romanorum.

191 898 343 941 Quinti
370 903 409 932 et
434 897 569 931 Marci
599 897 894 931 lilinneiorum
927 897 1150 929 sententia
1187 897 1304 929 inter
1338 894 1558 929 Genuates
1594 901 1637 929 et
1669 895 1799 929 Vitu-

725 945 814 977 rios
842 943 892 976 de
917 943 1092 976 finibus
1121 943 1259 977 (licta.

336 1041 458 1078 1730.
519 1041 643 1078 Aenea
675 1040 793 1076 tabula
825 1041 914 1076 haec
946 1039 1090 1076 inventa
1123 1044 1178 1076 est
1210 1040 1243 1077 in
1287 1050 1378 1086 agro
1423 1038 1599 1075 Genuensi
1631 1039 1675 1076 ad
1707 1039 1800 1076 Por-

193 1100 341 1139 ciferam
373 1101 517 1138 fluvium
550 1100 698 1136 miliario
731 1110 845 1146 prope
880 1098 1000 1134 urbem
1035 1098 1197 1143 decimo,
1241 1103 1346 1146 atque
1380 1098 1528 1145 primum
1560 1097 1656 1134 edita
1687 1110 1706 1134 a
1738 1097 1800 1134 Ia-

191 1161 287 1198 cobo
321 1159 522 1197 Bracelleio
556 1159 588 1195 in
620 1157 936 1194 Lucubrationibus
970 1151 1104 1207 (Paris.
1141 1153 1290 1208 1526),
1325 1168 1428 1203 quem
1461 1156 1574 1194 secuti
1606 1161 1686 1194 sunt
1715 1157 1798 1205 plu-

189 1231 249 1256 res
282 1223 320 1255 ut
352 1218 488 1264 Georg.
519 1216 700 1254 Fabricius
743 1216 896 1252 Monuni.
929 1217 1036 1262 antiq.
1068 1215 1141 1252 Lib.
1172 1216 1198 1251 1.
1230 1228 1262 1263 p.
1296 1215 1374 1261 273
1415 1214 1560 1252 Ursinus
1590 1215 1635 1251 ad
1667 1216 1800 1252 calcem

189 1277 272 1315 libri
303 1276 493 1323 Augustini
525 1277 576 1312 De
609 1275 750 1322 legibus
781 1286 859 1326 nro.
891 1274 1017 1310 XVIII.
1059 1274 1255 1310 Brissonius
1288 1274 1340 1310 De
1373 1273 1530 1310 formulis
1561 1274 1632 1312 Lib.
1657 1274 1698 1310 V.
1720 1285 1800 1322 cap.

195 1335 290 1373 124.
352 1336 523 1372 Gruterus
557 1335 665 1382 Corp.
697 1326 871 1381 insciiptt.
904 1345 937 1380 p.
971 1332 1066 1368 204.
1099 1333 1168 1378 alii,
1199 1333 1321 1368 Franc.
1354 1333 1436 1369 Ant.
1462 1332 1630 1369 Zacharia
1653 1333 1800 1369 Excurs.

190 1396 332 1432 literar.
365 1395 463 1431 Tom.
495 1393 521 1429 1.
554 1405 588 1441 p.
626 1392 717 1428 127.
750 1396 854 1438 atque
886 1392 913 1427 is
946 1391 1086 1438 quidem
1119 1403 1164 1426 ex
1195 1391 1269 1438 ipsa
1302 1392 1421 1427 tabula
1443 1391 1602 1427 omuibus
1621 1391 1800 1439 prioribus

194 1453 395 1490 editoribus
430 1452 651 1496 accuratius3
692 1450 1010 1498 Spangenbergius
1043 1450 1150 1485 Tahb.
1182 1454 1319 1495 negoti.
1353 1451 1513 1485 sollemn.
1545 1461 1578 1497 p.
1612 1449 1698 1487 380
1728 1451 1800 1485 Za-

193 1511 352 1549 chariam
383 1511 475 1546 male
506 1510 700 1556 ignorans3
733 1508 886 1545 Orellius
919 1508 1067 1544 collect.
1099 1508 1270 1555 inscriptt.
1304 1507 1411 1544 3121
1447 1507 1641 1545 Zachariae
1673 1520 1800 1545 exem-

191 1571 288 1620 plum
320 1580 485 1616 sequens.
526 1568 650 1604 Denuo
684 1568 728 1604 ad
761 1567 915 1603 tabulam
948 1577 1089 1602 aeream
1120 1571 1201 1614 post
1232 1567 1436 1603 Zachariam
1461 1567 1584 1613 exegit
1614 1567 1801 1612 Hierony-

193 1641 270 1666 mus
303 1629 414 1664 Serra
446 1626 640 1663 Genuensis
674 1631 778 1673 atque
811 1624 979 1672 exposuit
1011 1625 1056 1660 de
1087 1625 1152 1661 hac
1183 1625 1357 1660 sententia
1378 1625 1411 1661 in
1436 1625 1688 1662 dissertatione
1710 1636 1802 1673 quae

193 1686 418 1724 inscribitur:
452 1685 621 1722 Discorso
655 1696 762 1732 sopra
795 1694 840 1719 un
873 1683 990 1720 antico
1023 1687 1251 1719 monumento
1283 1688 1427 1720 trovato
1459 1683 1551 1719 nella
1583 1684 1676 1720 valle
1709 1684 1802 1719 della

193 1747 393 1783 Polcevera
426 1743 546 1780 l'anno
583 1742 717 1788 1506;
747 1743 878 1779 inserta
910 1742 943 1778 in
975 1741 1161 1778 Illemoires
1194 1742 1238 1777 de
1272 1740 1491 1778 sAcademie
1523 1742 1705 1790 imperiale
1738 1742 1801 1778 des

192 1805 353 1842 sciences
395 1807 430 1839 et
475 1803 591 1839 beaux
639 1807 708 1838 arts
758 1801 802 1836 de
847 1801 972 1837 Genes.
1017 1800 1096 1836 Vol.
1128 1801 1169 1836 Il.
1202 1813 1233 1847 p.
1267 1801 1333 1836 89.
1381 1794 1460 1851 (Cf.
1505 1801 1612 1837 Millin
1644 1800 1801 1848 Magasin

199 1861 516 1910 encyclopedique
550 1860 672 1896 1809.
707 1860 803 1896 Tom.
836 1859 877 1895 V.
910 1871 945 1906 p.
979 1853 1098 1909 395).
1161 1859 1231 1894 Sed
1264 1859 1468 1907 primarium
1508 1859 1624 1895 locum
1665 1860 1804 1896 obtinet

195 1920 426 1958 Rudorffiana
459 1919 571 1956 editio
605 1913 750 1969 (Quinti
789 1922 824 1953 et
864 1917 971 1954 Marci
1012 1917 1242 1954 Minuciorum
1284 1918 1458 1953 sententia
1491 1917 1584 1954 inter
1625 1917 1802 1954 Genuates

199 1984 236 2016 et
267 1979 426 2016 Viturios
460 1978 565 2014 dicta.
596 1977 716 2013 Edidit
748 1981 782 2012 et
816 1975 1004 2012 illustravit
1035 1976 1076 2012 A.
1109 1976 1150 2012 A.
1182 1976 1216 2011 F.
1250 1976 1406 2012 Rudorff.
1439 1976 1556 2013 Berol.
1593 1975 1714 2012 1842.
1737 1970 1801 2027 4.)

200 2049 305 2085 quam
338 2038 461 2084 Egger
492 2037 565 2073 Lat.
597 2047 701 2072 serni.
732 2034 831 2082 reliq.
863 2047 896 2082 p.
933 2034 1025 2070 184.
1057 2039 1092 2070 et
1124 2045 1189 2070 nos
1220 2035 1332 2070 secuti
1365 2046 1494 2071 sumus.

339 2116 364 2156 I.
382 2113 423 2170 ²)
456 2116 501 2164 Q.
535 2115 587 2156 M.
620 2115 828 2156 Minucieis
861 2114 906 2161 Ο.
939 2113 962 2154 s.
994 2112 1130 2154 Ruscis
1164 2113 1212 2153 (le
1244 2115 1554 2154 controversieis
1585 2113 1687 2154 inter
1719 2112 1803 2154 Ge-

194 2175 352 2216 nuateis
395 2179 436 2215 et
476 2175 676 2214 Veiturios
718 2174 755 2213 in
797 2186 842 2212 re
885 2177 1095 2225 praesente
1127 2177 1424 2226 cognoverunt,
1467 2177 1506 2212 et
1537 2184 1670 2213 coram
1700 2172 1804 2212 inter

195 2246 268 2275 eos
302 2234 599 2274 controversias
641 2232 1011 2285 composeiverunt,
1051 2235 1089 2269 et
1131 2243 1206 2283 qua
1248 2231 1339 2284 lege
1371 2243 1508 2284 agrum
1540 2230 1804 2284 possiderent,

197 2296 238 2333 et
269 2305 347 2345 qua
378 2291 491 2332 fineis
524 2291 687 2342 fierent,
721 2291 926 2339 dixerunt3
968 2301 1039 2330 eos
1071 2288 1183 2330 fineis
1216 2289 1350 2329 facere
1382 2291 1656 2342 terminosque
1685 2289 1803 2329 statui

190 2351 400 2404 Juserunt3
449 2351 541 2390 ubei
583 2362 629 2390 ea
671 2349 772 2390 facta
815 2353 967 2399 essent,
1012 2348 1174 2389 Romam
1215 2359 1349 2388 coram
1392 2350 1529 2389 venire
1569 2349 1802 2401 jouserunt3

197 2410 348 2450 Romae
380 2421 512 2450 coram
545 2409 780 2449 sententiam
813 2420 864 2447 ex
895 2407 1021 2447 senati
1049 2406 1230 2447 consulto
1254 2405 1449 2458 dixerunt,
1481 2406 1569 2447 eidi.
1593 2404 1801 2446 Decembr.
1870 2431 1871 2449 1

196 2467 239 2508 L.
274 2467 436 2508 Coecilio
469 2467 514 2514 Q.
547 2467 586 2507 F.
619 2466 779 2507 Muucio
813 2465 858 2513 Q.
891 2466 931 2505 F.
965 2462 1112 2518 Cos.³)

335 2525 377 2566 11.
440 2525 524 2574 Qua
556 2538 654 2580 ager
684 2525 858 2578 privatus
893 2523 1029 2564 casteli
1061 2523 1299 2564 Vituriorum
1328 2528 1402 2575 cst,
1434 2535 1550 2577 quem
1573 2535 1709 2579 agrum
1731 2534 1802 2563 eos

196 2583 399 2635 vendere,
439 2583 710 2636 heredemque
750 2584 866 2635 sequi
897 2583 1011 2633 licet,
1052 2583 1085 2622 is
1127 2594 1223 2635 ager
1253 2582 1422 2636 vectigal
1453 2583 1517 2622 nei
1548 2583 1635 2623 siet.
1696 2581 1803 2622 Lan-

197 2643 344 2697 gatium
378 2643 493 2683 fineis
525 2643 610 2696 agri
651 2642 791 2695 privati
833 2642 880 2682 ab
923 2641 1008 2681 rivo
1052 2640 1206 2690 infimo,
1249 2640 1315 2694 qui
1347 2641 1473 2681 oritur
1503 2641 1552 2682 ab
1582 2640 1706 2681 fontei
1736 2639 1803 2680 ln-

198 2701 434 2742 mannicello
449 2699 492 2756 4]
524 2704 572 2742 ad
605 2701 763 2741 iloviuin
794 2699 916 2741 Edem
926 2713 937 2748 3
969 2699 1019 2740 ibi
1050 2699 1239 2740 terminus
1271 2703 1357 2739 stat.
1399 2698 1494 2739 Inde
1526 2699 1645 2740 tlovio
1677 2711 1802 2739 suso-

343 2863 378 2906 1)
402 2871 552 2899 ornatum
577 2865 698 2909 Scalig.
727 2881 766 2886 -
795 2863 833 2907 2)
860 2864 1027 2898 Numeros
1053 2866 1162 2909 capita
1189 2864 1408 2907 designantes
1432 2872 1473 2896 ex
1491 2861 1706 2896 Rudorffiana
1727 2862 1802 2895 edi-

200 2910 293 2944 tione
318 2911 527 2953 addidimus3
551 2912 664 2946 tabula
690 2918 886 2956 perpetuam
912 2913 1113 2955 scripturam
1141 2911 1253 2945 hahet.
1279 2928 1322 2933 -—
1348 2908 1386 2952 3)
1412 2920 1499 2943 anuo
1526 2921 1556 2943 u.
1583 2922 1611 2944 c.
1637 2909 1720 2951 636,
1745 2915 1802 2943 ant

201 2955 279 2992 Chr.
306 2958 369 2992 117
399 2977 437 2983 -—
466 2957 504 3001 4)
532 2959 621 2994 Oret.
648 2961 846 3003 separatim:
874 2960 906 2992 in
934 2958 1110 2992 manin-eto.
