1877 3313
734 114 764 155 ξ.
791 114 822 148 2.
873 113 1013 149 Senatus
1038 116 1202 150 consulta.
1685 119 1772 161 289

163 233 369 258 caesareum
401 221 684 259 Vindobonense
718 225 938 270 translatum,
971 225 1029 261 ubi
1062 237 1155 262 nunc
1187 232 1399 265 asservatur.
1447 226 1570 265 Totius
1600 227 1654 266 rei
1680 241 1769 266 cau-

163 292 236 317 sam
269 285 307 317 et
339 286 483 318 senatus
516 282 669 319 consulti
702 294 772 330 quo
806 284 1037 320 Bacchanalia
1070 297 1136 332 per
1168 289 1276 323 totam
1308 288 1442 325 Italiam
1473 288 1686 326 vetabantur
1707 300 1772 325 ar-

161 344 366 386 gumentum
399 345 541 377 enarrat
571 341 686 377 Livius
718 342 777 378 lib.
809 342 970 380 XXXIX.
1012 354 1089 391 cap.
1122 344 1158 380 9.
1215 346 1416 384 Secundum
1458 347 1643 395 Guttlingii
1682 360 1772 385 sen-

162 398 306 435 tentiam
341 399 429 448 aptis
461 400 658 436 rationibus
691 401 932 438 confirmatam
965 413 1036 438 non
1069 407 1123 438 est
1154 403 1420 442 instrumentum
1451 410 1594 443 senatus
1616 406 1773 444 consulti

160 457 407 505 originarium,
438 459 501 495 sed
534 460 653 507 potius
686 460 869 496 consulum
903 460 1056 497 edictum
1089 462 1132 499 ad
1167 463 1388 510 foederatos,
1421 465 1476 501 cui
1507 465 1607 502 huius
1628 470 1772 503 senatus

160 517 314 553 consulti
348 517 463 565 capita
496 517 678 566 potissima
710 518 966 555 insererentur.
1028 520 1127 556 Multi
1169 523 1325 560 tabulam
1358 524 1548 560 ediderunt
1579 524 1624 560 de
1657 536 1773 573 eaque

160 576 388 612 commentati
420 580 500 612 sunt
533 577 575 612 ab
620 577 820 613 Hauboldio
852 578 1004 615 Monuni.
1046 579 1116 626 leg.
1148 592 1180 628 p.
1217 582 1237 616 5
1283 583 1502 629 enumerati,
1543 582 1638 619 inter
1681 595 1771 631 quos

158 633 316 682 inprimis
359 635 662 671 commemorandi
703 640 803 672 sunt:
847 636 1043 673 Matthaeus
1072 638 1272 687 Aegyptius
1318 636 1495 693 [Senatus
1534 642 1684 679 consult.
1726 643 1773 679 de

158 692 450 730 Bacchanalibus.
482 693 777 742 Neap01.1729.
809 695 869 732 fol.
903 700 938 731 et
971 696 1003 732 in
1036 697 1157 733 Poleni
1192 699 1370 747 Supplem.
1403 700 1584 748 utriusque
1612 700 1772 738 thesauri

157 752 256 789 Tom.
287 752 312 788 l.
345 764 378 800 p.
414 747 533 802 735.)
567 753 664 789 cuius
710 754 998 791 dissertationem
1041 755 1074 792 in
1109 759 1355 805 compendium
1398 759 1492 796 misit
1533 760 1771 796 Drakenbor-

157 810 256 847 chius
299 811 396 848 Tom.
429 811 504 866 Vll.
538 812 622 848 edit.
654 812 740 848 Livii
773 824 805 860 p.
833 813 938 859 1973
969 814 1124 851 Fabrelti
1161 816 1269 853 Inscr.
1303 830 1336 866 p.
1357 818 1452 855 427.
1486 817 1620 865 Georg.
1652 818 1772 856 Fried.

158 870 357 906 Grotetend
391 866 489 922 [Lat.
525 870 713 907 Grammat.
747 872 845 909 Toni.
877 872 919 908 ΙΙ.
953 885 986 920 p.
1020 868 1152 925 297),
1194 875 1411 913 Hauboldius
1444 871 1612 928 [Monum
1643 877 1717 926 leg.
1748 878 1772 915 l.

155 929 178 965 1.
210 933 247 965 et
278 929 406 966 Institt.
439 929 503 966 iur.
535 940 671 967 roman.
703 929 793 967 liter.
825 943 858 979 p.
882 926 1016 983 2503
1049 933 1264 981 Endlicher‚
1296 936 1353 983 qui
1376 941 1459 984 post
1482 937 1525 973 M.
1548 936 1772 985 Aegyptium

88 1032 91 1033 ⁷
156 987 458 1025 accuratissimum
502 990 597 1036 quod
632 989 759 1025 dicitur
800 990 970 1027 facsimile
1011 992 1154 1028 tabulae
1197 993 1294 1030 dedit
1326 995 1358 1031 in
1392 996 1563 1042 catalogo
1606 995 1773 1033 codicum

157 1047 217 1083 lat.
251 1047 496 1084 bibliothecae
529 1048 735 1085 Vindobon.
769 1048 940 1085 Viennae.
978 1049 1098 1087 1836.
1140 1052 1236 1088 Tom.
1267 1053 1293 1089 Ι.
1327 1054 1396 1090 tab.
1433 1053 1467 1091 1.
1513 1054 1639 1101 Egger
1672 1049 1772 1106 (Lat.

156 1117 259 1142 serm.
302 1106 403 1154 reliq.
445 1119 478 1154 p.
517 1101 649 1158 126);
692 1107 854 1154 Gottling
887 1103 1092 1158 [anfzehn
1137 1114 1224 1147 rom.
1257 1111 1415 1149 Urkund.
1457 1125 1491 1162 p.
1523 1107 1616 1164 27.)
1650 1113 1770 1151 denuo

156 1169 292 1202 textum
327 1166 370 1201 ad
404 1166 559 1202 tabulam
593 1177 739 1202 aeneam
773 1167 1038 1204 accuratissime
1071 1169 1208 1214 exegit.

299 1242 390 1299 [Q]
425 1244 596 1285 Marcius
628 1245 668 1285 L.
701 1245 725 1286 t.
761 1246 799 1287 S.
834 1246 1057 1288 Postumius
1090 1248 1130 1288 L.
1163 1248 1188 1288 f.
1222 1261 1304 1290 cos.
1337 1256 1518 1292 senatum
1550 1252 1772 1293 consolue-

154 1308 246 1344 runt
271 1303 317 1345 N.
337 1302 375 1359 ³)
409 1303 567 1355 Goion,
599 1304 703 1357 apud
734 1304 871 1345 aedem
903 1305 1106 1346 Duelonai.
1141 1307 1202 1348 Sc.
1237 1307 1306 1348 arf.
1323 1306 1363 1362 2)
1395 1310 1446 1350 M.
1480 1310 1627 1351 Claudi.
1658 1311 1709 1352 Μ.
1741 1310 1770 1352 f.

154 1363 198 1402 L.
226 1362 370 1403 Valeri.
403 1363 443 1403 P.
467 1362 492 1403 f.
516 1362 562 1410 O.
595 1363 751 1403 Minuci.
787 1363 827 1403 C.
850 1363 877 1403 f.
911 1363 968 1403 De
991 1364 1247 1407 Bacanalibus
1279 1368 1370 1419 quei
1402 1367 1612 1410 foideratei
1641 1375 1771 1422 esent,

153 1423 206 1462 ita
238 1420 526 1462 cxdeicendum
559 1433 753 1462 censuere
770 1419 832 1476 3):
865 1422 930 1463 nei
963 1424 1050 1475 quis
1084 1437 1224 1465 eorum
1256 1424 1472 1482 bacanal4)
1508 1427 1670 1469 habuise
1691 1441 1770 1469 ve·-

153 1480 220 1521 let.
253 1480 317 1522 Sei
350 1493 450 1533 ques
484 1485 623 1531 esent,
665 1481 756 1533 quei
789 1481 888 1521 sibci
921 1481 1125 1523 deicerent
1166 1496 1341 1526 necesus
1375 1497 1444 1526 ese
1487 1486 1652 1528 bacanal
1691 1487 1770 1528 ha-

155 1540 274 1590 bere,
318 1540 402 1579 eeis
435 1540 515 1579 utei
547 1539 595 1580 ad
627 1552 684 1592 pr.
719 1540 909 1580 urbanum
941 1541 1104 1583 Romam
1147 1544 1353 1596 venirent,
1396 1544 1527 1598 deque
1570 1546 1654 1587 eeis
1695 1559 1770 1587 re·-

153 1599 240 1650 hus,
273 1599 363 1639 ubei
395 1609 532 1638 eorum
566 1599 688 1638 verba
705 1595 743 1653 5)
778 1599 906 1639 audita
939 1605 1066 1652 esent,
1096 1602 1174 1642 utei
1207 1607 1370 1644 senatus
1403 1609 1541 1645 noster
1562 1603 1769 1646 decerne-

152 1663 227 1707 ret,
259 1656 351 1698 dum
382 1670 432 1697 ne
465 1658 591 1697 minus
623 1658 876 1699 senatoribus
910 1658 939 1699 C
970 1658 1147 1711 adesent‚
1181 1658 1321 1716 [quom
1354 1659 1423 1717 e]a
1455 1675 1522 1704 res
1555 1663 1769 1706 cosolere-

152 1721 217 1757 tur
231 1714 285 1771 ὃ).
318 1716 442 1757 Bacas
457 1713 497 1770 ⁷)
532 1717 592 1756 vir
624 1718 764 1769 nequis
796 1716 932 1758 adiese
964 1718 1070 1759 velet
1101 1719 1224 1761 ceivis
1257 1734 1465 1774 romanus,
1498 1735 1601 1763 neve
1632 1724 1769 1764 nomi—

155 1788 231 1816 nus
263 1772 432 1829 latin[i],
465 1787 567 1815 neve
600 1776 751 1816 socium
786 1777 1003 1829 quisquam,
1036 1779 1135 1818 uisci
1166 1791 1225 1831 pr.
1258 1781 1449 1821 urbanum
1482 1781 1675 1834 adiesent‚
1705 1783 1768 1823 is-

152 1847 231 1888 que
261 1833 311 1874 de
343 1839 534 1875 senatuos
566 1834 814 1886 sententiam,
855 1835 945 1876 dum
993 1849 1043 1876 ne
1076 1837 1203 1878 minus
1244 1840 1494 1881 senatoribus
1527 1840 1557 1881 C
1587 1840 1768 1893 adesent‚

152 1906 271 1947 quom
305 1906 350 1933 ea
390 1905 456 1933 res
498 1893 774 1945 cosoleretur,
816 1892 1087 1950 immiseras),
1129 1909 1350 1947 censuere3
1391 1899 1581 1940 sacerdos
1621 1900 1768 1952 nequis

152 1954 212 1993 vir
253 1957 363 2003 eset,
405 1952 594 2006 magister
634 1964 765 2005 neque
806 1953 867 1993 vir
908 1967 1040 2007 neque
1081 1955 1222 1996 mulier
1262 1957 1469 2009 quisquam
1509 1962 1618 2008 eset3
1659 1970 1766 1999 neve

150 2012 361 2065 pecuniam
394 2012 600 2064 quisquam
634 2024 771 2052 eornm
813 2014 1035 2054 comoinem
1077 2011 1287 2067 mabuise
1319 2016 1445 2067 velet,
1488 2029 1591 2057 neve
1633 2017 1766 2071 magi-

150 2075 341 2120 stratum3
399 2083 501 2110 neve
542 2083 615 2123 pro
666 2071 928 2125 magistratuo
971 2084 1101 2125 neque
1116 2069 1156 2127 9)
1208 2074 1335 2114 virum
1376 2087 1510 2128 neque
1560 2075 1766 2116 mulierem

152 2130 339 2182 quiquam
372 2127 499 2170 fecise
531 2129 634 2170 velet
645 2142 657 2179 ς
690 2143 791 2170 neve
824 2130 988 2183 posthac
1019 2132 1124 2172 inter
1145 2131 1216 2173 sed
1236 2134 1488 2185 coniourase‚
1519 2147 1621 2176 neve
1645 2147 1765 2176 com-

150 2189 304 2241 vovise,
335 2200 437 2229 neve
470 2187 752 2243 conspondise‚
783 2200 887 2230 neve
918 2191 1232 2244 compromesise
1263 2192 1380 2245 velet,
1417 2205 1521 2234 neve
1553 2193 1765 2247 quisquam

293 2359 329 2405 1)
355 2362 462 2397 Litera
489 2361 518 2395 N
545 2364 590 2396 ita
625 2367 676 2396 est
708 2362 873 2406 insculpta
900 2367 936 2395 ut
962 2362 1096 2396 alterius
1121 2362 1268 2397 lineolae
1294 2363 1413 2397 ductus
1449 2375 1466 2397 a
1492 2365 1600 2408 prima
1624 2362 1765 2408 paulum

150 2415 348 2453 separetur,
381 2421 493 2454 neque
518 2420 581 2454 pro
607 2411 704 2452 siguo
731 2410 860 2442 numeri
888 2409 928 2441 IV
955 2410 1150 2452 accipienda
1177 2417 1267 2453 erat,
1301 2417 1336 2443 ut
1361 2411 1475 2453 plures
1501 2412 1648 2445 editores
1672 2411 1764 2445 male

150 2457 311 2490 fecerunt.
340 2475 380 2479 —-
408 2458 446 2499 2)
474 2456 655 2490 scribendo
681 2456 856 2489 arfuerunt
882 2454 981 2499 (proz
1009 2456 1216 2499 adfuerunt).
1243 2475 1287 2479 —
1317 2456 1354 2499 3)
1381 2458 1491 2491 Verba
1524 2457 1573 2491 De
1598 2457 1763 2491 Ravana-

151 2503 232 2537 lzbus
257 2511 322 2537 etc,
357 2503 511 2546 intellige
545 2515 584 2537 ac
609 2505 635 2536 si
662 2503 849 2537 diceretur:
884 2503 1064 2536 foederatis
1097 2505 1141 2537 ita
1175 2505 1378 2538 edicendum
1413 2515 1575 2539 censuere
1607 2505 1651 2538 de
1676 2504 1762 2538 bac-

150 2551 357 2585 chanalibus.
400 2551 550 2594 Giiulz'nq.
588 2568 629 2573 —
665 2549 704 2592 4)
732 2551 766 2584 In
793 2549 925 2583 tabula:
957 2550 1116 2592 sacanal‚
1152 2552 1314 2585 mendose
1339 2562 1402 2593 pro
1427 2551 1572 2585 bacanal
1597 2551 1653 2585 vel
1678 2562 1761 2596 pro:

150 2608 176 2631 s.
201 2595 238 2640 (i.
266 2610 296 2632 e.
322 2596 437 2641 sacra)
463 2598 650 2631 bacanalia.
679 2614 720 2619 —
748 2598 786 2640 5)
811 2596 924 2629 tabula
952 2597 1133 2631 mendose:
1158 2604 1243 2632 ulra.
1269 2616 1314 2622 —-
1339 2600 1377 2641 6)
1402 2599 1451 2632 Ita
1477 2599 1567 2632 clare
1585 2600 1760 2642 scriptum,

151 2643 336 2690 Gottlingio
362 2651 470 2687 teste,
504 2645 617 2678 tabula
643 2644 754 2678 habet.
797 2643 963 2677 Haubold.
990 2646 1119 2689 priores
1147 2645 1223 2679 edd.
1249 2657 1409 2690 sequens:
1442 2657 1495 2679 cos
1519 2645 1689 2679 deleretur.
1713 2663 1761 2669 —

150 2690 189 2734 7)
215 2691 324 2726 Bacas
349 2694 464 2738 utique
490 2694 649 2737 antiquae
671 2693 809 2735 scriptio
831 2701 905 2724 esse
923 2697 1046 2734 potest,
1073 2702 1135 2736 pro
1154 2691 1314 2735 Bacchas⁷
1340 2704 1441 2737 quum
1460 2692 1569 2726 Livius
1588 2690 1760 2735 (XXXIX,

150 2737 204 2772 10.
231 2738 303 2781 13.)
327 2739 470 2773 Bacchis
494 2740 625 2772 initiari
650 2737 785 2772 habeat.
828 2737 894 2771 Sed
921 2740 1035 2772 nescio
1062 2749 1102 2772 an
1138 2740 1340 2784 compendio
1373 2739 1542 2773 scribendi
1566 2739 1761 2773 Bacanalia

149 2795 247 2818 sacra
271 2786 482 2820 denotentur.
508 2786 573 2819 Pro
600 2784 824 2819 Bacanalibus
849 2795 917 2818 vox
942 2785 1051 2819 Bacas
1076 2788 1184 2831 accipi
1210 2789 1334 2831 nequit.
1361 2786 1520 2830 Gettling.
1548 2804 1589 2809 -—
1615 2784 1655 2829 8)
1681 2785 1757 2820 Ex-

149 2835 357 2874 spectaveris
380 2834 532 2874 iamim,
567 2833 627 2866 sed
654 2838 790 2865 senatus
826 2843 900 2864 cum
927 2838 1086 2876 praetore
1118 2833 1358 2878 intelligendus
1390 2833 1524 2867 videtur
1556 2833 1760 2878 Gottlingi03

152 2877 287 2922 reliquis
312 2879 390 2914 edd.
414 2881 536 2914 vitiose
561 2881 724 2924 scriptum
748 2879 883 2914 videtur
906 2879 1062 2914 iousisenc
1084 2891 1165 2925 pro:
1198 2881 1337 2915 iousisec.
1370 2898 1414 2903 —
1449 2879 1487 2923 9)
1512 2880 1626 2915 tabula
1656 2892 1758 2916 men·-

152 2923 251 2958 dose:
276 2937 385 2960 neone.

210 2981 289 3017 Zeu,
306 2984 429 3018 inscripti.
448 2984 564 3012 delectu&
1493 2985 1548 3029 19
