1887 3324
198 174 472 216 Municipalium
490 174 623 217 legum,
651 174 895 217 Salpensanae
922 176 957 206 et
980 173 1233 215 Malacitanae,
1260 173 1405 207 tabulae
1430 184 1578 206 aeneae.
1671 169 1695 211 7

84 288 184 326 vitia
207 288 328 326 etiam
348 288 681 340 inaequalitatem
704 287 904 340 quandam
935 288 976 325 in
1007 286 1292 339 orthographia
1312 286 1484 334 habent,
1516 286 1558 326 id
1589 285 1697 339 quod

86 345 126 381 in
148 343 236 382 aliis
259 358 421 395 quoque
445 345 530 382 eius
553 345 713 395 generis
737 345 911 396 antiquis
941 344 1211 381 monumentis
1241 357 1316 381 usu
1345 344 1485 381 venire
1527 348 1697 382 constat.

87 399 208 450 Quod
231 399 282 438 ad
303 399 529 438 tabularum
551 407 829 452 argumentum
861 401 1024 447 attinet,
1056 400 1168 450 leges
1199 399 1507 450 municipiorum
1530 398 1698 451 Salpen-

85 456 171 494 sani
195 462 235 493 et
248 456 505 503 Malacitani,
529 470 696 508 quarum
717 464 853 508 partes
875 456 931 494 ibi
952 456 1128 508 reliquas
1150 455 1356 501 habemus,
1377 455 1610 493 Domitiano
1628 456 1698 493 im·

84 518 273 563 peratore
304 512 430 550 literis
463 513 735 563 consignatae,
769 513 1000 550 interiorem
1031 513 1241 563 utriusque
1262 512 1322 549 rei
1342 510 1529 562 publicae
1552 518 1699 549 statum

73 581 137 605 ex
159 569 247 605 iure
268 568 398 615 Latii,
434 568 542 620 quod
562 569 790 620 Imperator
811 569 1085 620 Vespasianus
1109 567 1292 605 omnibus
1314 567 1539 618 Hispaniae
1563 568 1699 605 civita-

84 623 190 662 tibus
213 623 403 670 dederat,
437 624 557 674 (Plin.
581 625 633 662 H.
655 625 706 663 N.
730 625 806 671 III,
829 626 864 671 3,
890 622 973 673 30.)
1002 623 1267 663 ordinandum
1300 623 1559 661 constituunt.
1617 623 1700 661 Hie

84 680 215 732 prima
237 681 421 732 quaestio
445 681 594 728 existit,
620 695 697 733 quo
721 695 841 719 sensu
864 694 1011 719 nomen
1032 681 1140 728 leqiS,
1173 678 1281 731 quod
1308 679 1386 716 hae
1417 679 1580 717 tabulae
1602 692 1699 731 prae

85 750 127 774 se
150 736 304 783 ferunt,
328 736 634 787 intelligendum
657 738 718 775 sit.
760 737 1048 775 Mommscnius
1065 735 1172 787 (pag.
1196 732 1293 784 390)
1315 735 1448 785 legem
1469 748 1589 773 sensu
1609 749 1700 787 pro-

88 793 178 844 prio
213 793 361 844 accipit
391 792 441 830 de
475 794 759 831 constitutione
782 794 1042 845 Imperatoris
1063 792 1286 830 Domitiani
1316 791 1417 842 legis
1448 792 1580 829 vicem
1603 790 1702 829 obti-

83 855 206 886 nente
226 855 266 886 et
288 848 337 885 ab
364 848 496 887 edicto
519 850 777 900 imperatorio
799 849 926 901 probe
950 847 1247 899 distinguenda.
1309 846 1463 885 Giraud
1495 846 1603 899 (pag.
1627 846 1699 893 31)

86 911 225 943 contra
246 905 417 951 rectius,
440 911 483 942 ut
505 905 601 942 mihi
625 905 787 957 quidem
807 905 970 943 videtur
1001 912 1039 942 et
1069 905 1109 942 in
1130 902 1354 941 Annalibus
1375 902 1700 954 Heidelbergen—

86 960 194 999 sibus
226 961 568 1013 litera1-iis1.1.p.
593 963 672 999 516
697 962 884 1013 exposui,
917 961 988 999 has
1020 961 1132 1011 leges
1163 959 1426 1011 municipales
1456 966 1581 1010 negat
1611 971 1700 997 esse

83 1017 392 1055 constitutiones
424 1018 708 1068 imperatorias
739 1019 873 1069 legum
901 1018 991 1055 vice
1024 1016 1150 1062 datas,
1173 1022 1296 1068 atque
1327 1015 1536 1053 contendit
1566 1016 1701 1066 legem

82 1073 366 1124 municipalem
385 1075 545 1112 omnino
566 1088 653 1111 csse
676 1074 887 1112 formulam
904 1074 963 1111 rei
979 1073 1167 1125 publicae
1184 1071 1438 1123 municipalis
1457 1072 1700 1110 constituen-

83 1129 160 1167 dae
183 1143 206 1167 a
229 1130 527 1181 provinciarum
550 1130 803 1181 praesidibus
825 1130 1052 1181 municipiis
1074 1129 1365 1180 praescriptam
1386 1127 1453 1164 vel
1485 1141 1508 1165 a
1536 1127 1700 1165 munici-

82 1186 158 1237 piis
176 1186 272 1237 ipsis
295 1185 369 1223 sibi
389 1185 523 1224 datam
543 1193 582 1224 et
600 1200 620 1224 a
638 1186 825 1237 praeside
843 1186 1074 1238 provinciae
1095 1184 1380 1223 confirmatam.
1427 1183 1491 1222 De
1514 1185 1702 1221 universa

83 1242 311 1279 alterutrius
326 1242 427 1293 legis
445 1243 708 1294 municipalis,
733 1243 1007 1294 Salpensanae
1027 1247 1066 1278 et
1081 1241 1363 1286 Malacitanae,
1386 1240 1701 1278 conformatione

85 1304 124 1336 et
148 1299 323 1349 capitum
346 1297 467 1350 (quae
497 1299 551 1337 ibi
575 1299 759 1337 rubricae
781 1296 1052 1347 nmninantur)
1085 1297 1367 1335 distributione
1400 1297 1519 1334 certis
1540 1296 1702 1334 rationi-

82 1355 156 1392 bus
179 1354 346 1392 definire
369 1368 449 1392 non
469 1355 582 1401 licet,
606 1369 693 1393 cum
716 1370 796 1392 non
818 1355 894 1392 nisi
916 1354 1143 1405 fragmenta
1166 1366 1302 1391 earum
1324 1352 1614 1404 relinquantur.
1654 1351 1703 1389 In

86 1424 181 1449 aere
204 1410 454 1462 Salpensano
487 1412 619 1462 agitur
641 1411 747 1449 rubr.
769 1411 878 1448 XXI
892 1410 1110 1447 —XXIII
1134 1409 1185 1447 de
1207 1409 1515 1459 magistratuum
1537 1408 1702 1445 munici-

85 1467 236 1520 palium
268 1466 561 1505 ordinariorum
594 1467 746 1505 iuribus
779 1474 818 1504 et
849 1467 1072 1518 privilegiis
1106 1464 1367 1517 quibusdam3
1402 1464 1508 1501 rubr.
1540 1463 1702 1502 XXIV.

82 1523 220 1561 XXV.
236 1523 285 1561 de
306 1524 498 1574 prafectis
520 1524 738 1574 municipii,
762 1524 829 1574 qui
855 1522 1029 1574 quodam
1051 1521 1170 1560 modo
1193 1535 1264 1572 pro
1284 1518 1605 1558 extraordinario
1623 1533 1703 1557 ma-

83 1580 253 1631 gistratu
270 1579 412 1616 haberi
433 1586 614 1630 possunt3
639 1586 722 1616 tum
753 1579 803 1616 de
833 1579 1138 1630 magistratuum
1164 1575 1467 1628 municipalium
1495 1575 1636 1614 officiis
1664 1583 1705 1613 et

82 1636 227 1674 muniis
242 1641 282 1673 et
298 1636 468 1686 primum
487 1635 651 1686 quidem
671 1636 708 1672 in
723 1636 953 1673 universum
972 1635 1160 1681 omnium,
1183 1640 1226 1671 ut
1243 1632 1292 1670 de
1314 1632 1570 1670 iureiurando
1588 1645 1705 1683 prae-

83 1691 224 1730 stando
242 1690 366 1742 (rubr.
384 1689 563 1740 XXVI),
583 1698 622 1728 et
642 1691 692 1729 de
713 1692 1018 1742 magistratuum
1032 1688 1390 1728 intercessionibus
1404 1688 1527 1738 (rubr.
1545 1685 1702 1736 XVII),

83 1747 232 1786 deinde
247 1747 298 1785 de
318 1747 587 1798 singularibus
605 1748 919 1799 uniuscuiusque
937 1748 1208 1798 magistratus,
1228 1752 1268 1783 et
1282 1746 1454 1796 primum
1472 1744 1635 1796 quidem
1652 1742 1704 1781 de

84 1804 345 1842 duovirorum
367 1804 534 1849 muniis,
562 1810 605 1840 ut
631 1803 680 1841 de
703 1804 829 1841 servis
857 1802 964 1854 apud
992 1803 1203 1841 duovirum
1225 1800 1556 1838 manumittendis
1579 1798 1703 1849 (rubr.

83 1858 296 1909 XXVIII)
311 1866 351 1897 et
364 1858 413 1896 de
427 1865 603 1897 tutorum
615 1872 689 1910 per
703 1859 892 1897 duoviros
906 1859 1069 1896 datione
1084 1856 1207 1908 (rubr.
1219 1854 1403 1905 XXIX).
1430 1855 1495 1893 Ad
1506 1856 1609 1893 hanc
1621 1868 1703 1892 mu-

82 1917 240 1955 niorum
259 1915 527 1954 duoviralium
551 1916 896 1953 enumerationem
918 1916 1039 1952 etiam
1052 1915 1157 1951 aeris
1167 1912 1402 1950 Malacitani
1417 1912 1551 1963 capita
1570 1911 1705 1949 omnia

82 1973 169 2011 fere
181 1973 398 2024 pertinent.
430 1971 495 2009 Ibi
509 1973 614 2009 enim
627 1972 759 2022 agitur
771 1971 876 2009 rubr.
892 1971 947 2008 LI
959 1992 1014 1995 —
1026 1970 1127 2007 LIX
1142 1969 1191 2006 de
1214 1968 1384 2006 comitiis
1398 1968 1705 2018 magistratuum

85 2028 388 2079 municipalium
420 2027 691 2079 rogandorum
725 2041 845 2065 causa
879 2042 899 2065 a
923 2026 1092 2064 duoviro
1113 2024 1330 2071 habendis,
1366 2030 1406 2061 et
1426 2023 1532 2061 rubr.
1557 2022 1704 2060 LXIII

83 2085 294 2122 —LXIX
318 2084 368 2122 de
390 2084 589 2136 pecuniae
614 2084 833 2121 communis
856 2082 1080 2121 rationibus
1104 2088 1144 2119 et
1166 2080 1515 2119 administrat-ione
1537 2079 1589 2117 ad
1608 2078 1704 2117 duo-

83 2142 190 2179 viros
210 2141 462 2193 potissimum
484 2141 735 2191 pertinente,
759 2140 1005 2191 interpositis
1027 2138 1187 2176 rubrica
1203 2136 1305 2174 LXI
1327 2135 1376 2173 de
1399 2141 1568 2187 patrono
1593 2148 1616 2172 a.
1637 2134 1704 2172 de-

86 2196 316 2235 curionibus
356 2196 581 2248 cooptando
620 2203 659 2234 et
690 2196 848 2234 rubrica
871 2195 993 2233 LXII
1028 2194 1077 2232 de
1111 2193 1307 2231 aedificiis
1334 2206 1415 2230 non
1436 2190 1704 2237 destruendis,

88 2266 193 2305 quae
217 2252 382 2305 quidem
402 2252 586 2290 rubricae
609 2253 729 2290 binae
754 2252 911 2290 etiamsi
933 2264 1067 2302 neque
1101 2264 1188 2287 cum
1213 2247 1550 2286 antecedentibus
1570 2260 1705 2299 neque

85 2309 425 2361 subsequentibus
447 2309 543 2346 satis
566 2309 784 2346 cohaerere
806 2307 1040 2352 videantur,
1063 2313 1198 2344 tamen
1221 2318 1357 2342 earum
1378 2317 1524 2350 rerum,
1547 2303 1597 2341 de
1622 2303 1705 2354 qui-

84 2365 159 2403 bus
181 2365 237 2403 ibi
258 2366 391 2416 agitur
407 2395 415 2411 ‚
449 2378 544 2402 cura
576 2365 757 2416 inprimis
790 2363 840 2401 ad
864 2363 1054 2401 duoviros
1076 2361 1318 2413 pertinuisse
1342 2359 1545 2397 censenda
1567 2365 1707 2397 est.—

88 2421 269 2459 Textum
288 2421 425 2472 legum
445 2420 746 2472 municipalium
781 2421 848 2471 qui
880 2419 982 2457 infra
1006 2419 1188 2470 sequitur
1208 2415 1428 2454 secundum
1449 2415 1707 2453 Mommsenii

85 2478 362 2516 recensionem
387 2476 501 2523 dedi,
524 2477 774 2514 Tabularum
794 2476 990 2514 lectiones
1013 2475 1178 2512 vitiosas
1200 2472 1267 2511 vel
1289 2485 1471 2518 mancas,
1495 2485 1518 2509 a
1538 2471 1705 2509 Momm-

88 2533 199 2572 senio
218 2534 258 2570 in
275 2539 390 2570 textu
406 2532 612 2584 suppletas
629 2532 696 2570 vel
715 2531 963 2578 emendatas,
982 2531 1022 2568 in
1034 2531 1140 2569 notis
1153 2529 1334 2580 apposui.
1357 2528 1523 2565 Literae
1539 2528 1579 2565 in
1590 2533 1707 2565 textu

90 2590 200 2641 typis
223 2588 424 2627 inclinatis
448 2602 624 2627 excusae
648 2588 875 2639 significant
896 2594 1083 2625 notarum
1105 2586 1193 2623 sive
1214 2585 1421 2622 literarum
1444 2583 1707 2634 singularium

87 2645 369 2698 supplementa
390 2650 431 2681 et
453 2644 757 2695 explicationes.
788 2643 941 2681 Iisdem
960 2642 1088 2680 literis
1106 2642 1147 2679 in
1168 2647 1284 2679 textu
1305 2640 1505 2678 inclinatis
1525 2639 1594 2677 ubi
1615 2638 1708 2676 unci

90 2701 277 2753 quadrat-i
303 2699 506 2738 adduntur
524 2698 538 2750 (
554 2697 628 2751 Η),
664 2699 860 2738 eiusmodi
890 2699 969 2737 loci
999 2697 1275 2749 significantur
1295 2696 1365 2734 ubi
1388 2696 1620 2734 coniectura
1640 2693 1708 2732 de-

89 2757 220 2796 fectus
242 2757 388 2809 aliquis
412 2757 453 2794 in
474 2756 636 2794 tabulae
658 2757 855 2807 scriptura
877 2769 900 2792 a
919 2753 1188 2793 Mommsenio
1210 2752 1454 2790 resarciatur
1479 2751 1548 2789 vel
1566 2751 1710 2789 vitium

92 2811 678 2864 emendetur.—Compendia
707 2810 911 2849 scribendi
939 2809 1159 2864 inntabulis
1188 2808 1450 2860 frequentata
1479 2808 1566 2845 sive
1585 2811 1709 2845 notae

91 2875 135 2907 ut
155 2882 235 2908 uno
259 2869 402 2907 obtutu
419 2867 812 2920 comprehendantur
831 2866 899 2904 hic
916 2865 1098 2913 collecta,
1120 2865 1222 2903 haec
1243 2870 1354 2903 sunt:
1378 2862 1423 2902 C.
1444 2863 1493 2901 R.
1517 2863 1618 2901 civis
1637 2874 1707 2900 ro-

92 2935 257 2973 manus,
281 2926 429 2962 cit-itas
450 2935 661 2971 romana,
681 2924 733 2961 D.
755 2923 806 2960 D.
829 2923 878 2960 E.
902 2922 1002 2959 clare
1023 2921 1201 2958 damnas
1222 2924 1331 2968 681‘05
1358 2920 1410 2957 D.
1432 2920 1482 2957 E.
1503 2919 1552 2957 R.
1581 2919 1628 2956 de
1662 2930 1707 2954 ea

31 2976 35 3018 ἰ
91 2992 160 3028 re3
190 2980 242 3018 D.
266 2981 321 3018 M.
346 2980 441 3018 dolo
471 2980 610 3027 Ναῖος
647 2980 697 3017 Ε.
718 2979 767 3016 R.
789 2979 836 3016 E.
861 2978 911 3015 T.
933 2978 980 3015 P.
1003 2989 1050 3014 ea
1080 2987 1141 3013 res
1171 2977 1248 3013 erit
1270 2979 1439 3012 tantam
1456 2975 1711 3023 pecuniam,-

97 3037 146 3075 E.
169 3036 217 3074 R.
239 3036 289 3074 E.
311 3036 362 3074 V.
385 3048 404 3072 e
424 3048 468 3073 re
489 3047 565 3072 esse
590 3034 820 3082 cislebiturg
840 3034 894 3072 H.
915 3034 960 3072 L.
995 3034 1073 3070 hac
1095 3033 1197 3081 ἱερᾶς
1216 3033 1250 3071 Ι.
1271 3032 1323 3070 D.
1344 3031 1391 3070 P.
1416 3032 1505 3068 iure
1527 3029 1710 3068 dicundo
