1877 3313
613 130 644 174 §.
669 132 702 167 9.
751 130 836 167 Acta
863 131 999 177 publica
1024 133 1295 179 municipiorum.
1673 135 1760 181 373

283 236 405 293 quue
438 238 483 280 T.
515 238 747 283 Statulenus
778 239 935 292 Iuncus,
966 240 1152 294 princeps
1185 242 1369 285 coloniae
1400 248 1584 296 nostrae,
1616 244 1760 288 flamen

143 304 316 353 august„
347 298 483 352 pontif.
515 300 643 340 minor
672 299 923 353 publicorum
954 312 990 353 p.
1014 312 1047 340 r.
1081 313 1300 353 sacrorum,
1333 303 1480 354 libello,
1512 305 1566 346 ita
1597 306 1653 346 uti
1685 318 1760 347 su-

142 371 214 412 pra
245 359 435 412 scriptum
455 363 530 409 est,
561 359 791 412 imperatori
815 358 976 399 Caesari
995 358 1193 413 Augusto,
1225 361 1364 414 pontif.
1396 363 1584 416 maximo,
1614 364 1759 406 tribun.

142 422 287 471 potest.
333 417 482 467 XXVI,
524 422 601 470 pat.
632 419 804 471 patriae,
847 417 1001 459 reddito
1043 417 1183 459 fecerit
1203 418 1260 473 1),
1303 421 1464 474 placere
1508 424 1758 477 conscriptis,

143 488 245 530 quae
275 476 325 517 A.
356 476 402 516 D.
434 476 497 516 llll
526 488 653 517 nonas
684 476 856 530 Apriles,
888 488 990 529 quae
1022 477 1115 519 Sex.
1177 478 1290 520 Aelio
1323 479 1418 522 Cato
1451 481 1492 522 C.
1514 481 1649 524 Sentio
1681 482 1760 525 Sa-

142 536 302 576 turnino
334 547 417 576 cos.
450 534 622 586 fuerunt,
655 534 758 576 facta
790 540 877 576 acta
910 537 1123 577 constituta
1154 543 1258 588 sunt,
1290 551 1363 592 per
1394 552 1635 582 consensum
1668 554 1761 583 om-

142 595 250 635 nium
282 594 478 644 ordinum,
510 607 557 634 ea
589 595 719 635 omnia
750 595 801 634 ita
834 594 920 635 fieri
952 596 1015 648 agi
1047 595 1183 636 haberi
1216 599 1503 652 opservarique
1534 600 1582 640 ab
1615 600 1658 640 L.
1686 601 1761 642 Ti-

142 654 197 694 tio
229 653 278 694 A.
309 653 350 694 F.
382 657 422 692 et
454 653 498 693 T.
530 652 632 693 Allio
666 653 710 694 T.
743 653 784 693 F.
816 653 922 694 Rufo
954 653 984 694 11
1002 655 1119 706 viris,
1151 659 1191 695 et
1221 657 1268 696 ab
1302 657 1359 698 eis
1392 659 1637 712 quicumque
1679 672 1760 713 po-

78 721 81 723 *
142 717 229 753 stea
259 712 299 752 in
331 711 487 753 colonia
519 717 654 753 nostra
686 711 799 753 llvir.
832 712 1027 765 praefecti
1058 714 1145 754 sive
1177 715 1245 767 qui
1276 716 1323 756 ali
1356 717 1608 771 magistratus
1630 723 1760 770 erunt,

143 772 272 812 omnia
302 772 341 811 in
372 775 608 824 perpetuom
640 771 690 812 ita
723 771 810 811 fieri
841 773 905 825 agi
933 772 1068 813 haberi
1092 775 1401 827 opservarique3
1434 777 1530 829 utiq.
1551 775 1593 817 L.
1617 777 1760 829 Titius,

141 830 191 871 A.
223 830 264 870 F.
299 829 343 870 T.
376 829 501 871 Allius
533 830 578 870 Τ.
612 830 653 870 F.
684 829 833 881 Rufus,
873 830 1013 878 liviri,
1045 844 1092 872 ea
1135 833 1265 873 omnia
1306 846 1409 886 quae
1450 847 1572 888 supra
1613 837 1761 890 scripta

142 893 247 941 sunt,
277 901 331 929 ex
363 888 513 929 decret.
546 893 700 939 nostro,
733 902 867 930 coram
895 902 968 943 pro
991 892 1283 943 quaestoribus,
1315 894 1444 946 primo
1464 907 1630 948 quoque
1653 900 1761 935 tem-

141 960 262 1003 pore,
294 960 368 1002 per
398 948 566 990 scribam
599 949 818 1002 publicum,
850 950 887 989 in
932 949 1085 991 tabulas
1126 950 1304 1004 publicas
1344 952 1559 996 referenda
1603 959 1761 1007 curent,

144 1019 355 1049 censuere.

287 1081 411 1119 1750.
474 1078 601 1120 Pridie
632 1079 677 1119 Κ.
711 1078 872 1120 Martias
910 1079 948 1120 in
981 1077 1121 1135 ειη-,2)
1160 1081 1375 1125 scribendo
1408 1082 1578 1124 adfuere
1611 1084 1760 1126 cuncti.

143 1137 258 1188 Quod
292 1138 414 1179 verba
447 1137 549 1179 facta
582 1143 672 1179 sunt
703 1139 754 1179 M.
787 1140 837 1180 Μ.
854 1136 894 1193 Ξ’)
928 1138 1134 1181 Memmios
1149 1138 1190 1195 4)
1224 1141 1350 1183 Rufos
1382 1147 1460 1194 pat.
1494 1147 1533 1184 et
1564 1142 1614 1183 fil.
1646 1143 1761 1185 livir.

141 1195 286 1252 iter.⁵)
327 1199 500 1251 pequnia
541 1195 813 1252 ponderalefi)
857 1204 897 1239 et
939 1197 1195 1240 chalcidicum
1238 1205 1278 1240 et
1318 1200 1493 1242 scholam
1539 1201 1762 1244 secundum

141 1257 324 1309 municip.
340 1254 381 1310 7)
415 1256 669 1310 splendorem
702 1257 869 1307 fecisse,
903 1270 1005 1310 quae
1037 1259 1140 1298 tueri
1173 1259 1331 1311 publice
1363 1258 1528 1301 decreto
1560 1261 1607 1300 D.
1639 1261 1683 1302 Ε.
1715 1261 1761 1303 R.

142 1317 169 1358 l.
204 1315 246 1356 C.
260 1313 302 1371 8)
335 1316 499 1356 Placere
541 1316 631 1357 huic
673 1315 801 1357 ordini
844 1329 931 1356 cum
974 1316 1025 1357 M.
1059 1316 1108 1356 M.
1142 1317 1231 1357 Rufi
1262 1322 1339 1370 pat.
1374 1323 1412 1358 et
1442 1318 1494 1359 fil.
1526 1319 1639 1360 llvir.
1672 1321 1762 1362 iter.

142 1376 182 1417 in
214 1374 378 1415 edendis
411 1375 642 1416 muneribus
673 1375 775 1416 adeo
817 1374 1001 1416 liberales
1033 1373 1201 1426 fuerint,
1243 1381 1287 1417 ut
1328 1389 1466 1418 eorum
1508 1384 1764 1421 monumenta

143 1434 281 1475 decori
312 1434 524 1488 municipio
556 1435 647 1485 sint,
678 1433 779 1474 adeo
812 1433 1022 1488 diligentes
1046 1438 1088 1474 ut
1108 1435 1234 1476 viticis
1265 1435 1486 1488 ponderum
1511 1439 1764 1479 occurrerint

143 1493 222 1546 idq.
255 1493 292 1533 in
324 1498 559 1547 perpetuum
591 1493 873 1547 provederint,
915 1493 1074 1546 placere
1106 1492 1352 1536 decurionib.
1385 1495 1437 1536 Μ.
1470 1495 1524 1537 Μ.
1556 1497 1763 1539 Memmios

141 1552 268 1594 Rufos
309 1556 387 1606 pat.
431 1556 470 1592 ct
501 1551 550 1592 sil.
592 1552 684 1593 dum
716 1553 740 1592 ii
774 1553 954 1593 viverent
996 1565 1135 1594 eorum
1177 1566 1343 1607 pos....
1383 1568 1420 1595 m
1452 1560 1492 1596 et
1530 1555 1679 1598 schola.
1721 1561 1762 1598 et

142 1608 373 1666 chalcidi.⁹)
407 1623 511 1665 quae
542 1611 614 1665 ipsi
648 1610 839 1652 fecissent
870 1613 1195 1665 procurationem
1217 1612 1314 1665 dari,
1346 1615 1482 1667 utique
1505 1626 1649 1656 servos
1673 1616 1762 1657 eius

140 1702 243 1712 .....
277 1683 313 1711 m
345 1670 433 1724 pius
466 1675 594 1711 est...
616 1667 672 1725 10)
695 1672 858 1724 negotio
881 1676 1192 1724 praeponerent,
1224 1685 1358 1726 neque
1389 1673 1481 1714 inde
1510 1674 1651 1715 abduci
1674 1675 1763 1716 sine

139 1730 400 1771 decurionum
443 1729 609 1771 decreto
642 1734 682 1769 et
714 1730 762 1770 M.
795 1730 845 1771 M.
878 1730 985 1770 Rufis
1028 1735 1105 1784 pat.
1140 1737 1179 1771 et
1210 1731 1259 1772 fil.
1291 1732 1448 1785 publice
1485 1734 1638 1787 gratias
1671 1735 1763 1789 agei

140 1788 247 1843 quod
278 1789 480 1830 iterationi
511 1789 654 1830 honori
673 1786 730 1843 ¹¹)
765 1800 903 1829 eornm
936 1801 1016 1830 non
1038 1790 1267 1831 ambitionei
1292 1804 1422 1844 neque
1444 1792 1644 1833 iactationi
1663 1805 1762 1834 suae

140 1847 323 1890 dederint
353 1847 427 1888 sed
457 1847 496 1888 in
529 1848 673 1889 cultum
713 1848 908 1900 municipi.
950 1853 988 1888 et
1021 1848 1209 1889 decorem
1242 1850 1496 1892 contulerint.
1531 1873 1586 1880 --
1618 1855 1762 1891 Decre-

139 1915 213 1947 tum
244 1909 521 1958 Pompeianum,
553 1922 621 1958 qua
654 1910 780 1946 Marcis
812 1910 906 1946 Rulis
938 1910 1031 1960 patri
1065 1915 1103 1946 et
1134 1911 1207 1948 filio
1240 1912 1486 1949 aedificiorum
1514 1913 1557 1949 ab
1586 1912 1669 1961 ipsis
1698 1925 1762 1950 sua

140 1970 299 2018 impensa
332 1974 596 2006 exstructorum
627 1969 834 2017 procuratio
869 1969 983 2006 datur.
1044 1970 1187 2017 Capacii
1221 1970 1308 2007 Hist.
1341 1971 1490 2020 Neapol.
1523 1972 1584 2008 Lib
1616 1972 1658 2009 ΙΙ.
1683 1983 1762 2021 cap.

142 2029 180 2066 9.
212 2028 351 2066 Reines.
383 2028 434 2066 Cl.
466 2029 556 2077 VIL,
592 2027 654 2065 15.
686 2041 721 2078 p.
753 2028 849 2064 484.
883 2022 1055 2081 (florini)
1088 2028 1235 2066 Dissert.
1267 2029 1410 2078 isagog.
1443 2030 1468 2068 I.
1499 2042 1535 2079 p.
1579 2031 1644 2068 54.

548 2154 631 2189 Lex
658 2155 907 2190 Puteolana
933 2157 1104 2200 parieti
1130 2156 1363 2191 faciundo.

287 2252 409 2291 1751.
470 2254 603 2291 Tabula
635 2265 833 2292 marmorea
866 2254 1015 2303 Neapoli
1058 2258 1240 2291 asservata
1273 2248 1448 2305 [Palazzo
1480 2251 1656 2301 Farnese)
1691 2254 1763 2292 lata

143 2313 256 2363 pedes
286 2313 352 2350 1111
382 2314 418 2350 S.
451 2314 520 2351 alta
551 2314 663 2362 pedes
695 2314 739 2361 11,
773 2325 893 2351 crassa
925 2325 995 2350 uno
1029 2314 1172 2362 pollice,
1205 2313 1382 2362 scriptura
1409 2314 1542 2351 intres
1575 2314 1761 2352 columnas

287 2439 323 2484 1)
350 2440 467 2475 Oratio
502 2441 568 2475 hoc
601 2441 698 2484 loco,
731 2442 821 2487 quod
855 2441 971 2484 Egger
996 2440 1214 2483 observavit,
1248 2440 1372 2474 mendo
1404 2440 1537 2474 laborat
1570 2440 1762 2484 sculptoris,

146 2494 181 2522 ut
214 2489 368 2533 videtur,
407 2489 534 2532 culpa:
562 2489 683 2522 excidit
718 2489 841 2535 aliquid
879 2491 911 2521 in
938 2489 1027 2521 hunc
1057 2488 1129 2522 fere
1164 2488 1300 2522 modum
1334 2488 1576 2533 supplendum:
1602 2489 1680 2533 quia
1706 2490 1763 2523 vel

145 2537 362 2578 cemnfecerz't.
394 2553 433 2558 —
462 2536 500 2578 2)
528 2538 630 2569 curia.
659 2553 698 2558 —
727 2535 764 2578 3)
793 2537 924 2569 Marcos
951 2536 1045 2568 duos.
1073 2553 1114 2556 —
1141 2534 1180 2577 4)
1206 2536 1322 2569 Rosini
1339 2537 1583 2580 exscriptorem
1600 2538 1635 2568 in
1652 2536 1761 2570 Mem-

145 2584 286 2616 miorum.
310 2584 447 2617 nornine
472 2594 637 2628 peccasse
662 2583 846 2617 arbitratur
880 2580 975 2625 (nam
1000 2582 1115 2616 tabula
1143 2584 1215 2626 ipsa
1242 2593 1308 2616 non
1334 2582 1477 2625 amplius
1502 2582 1680 2626 habetur),
1706 2589 1762 2617 at-

147 2641 213 2675 que
237 2631 402 2665 Remmios
428 2632 632 2676 legendum,
666 2642 751 2676 quos
777 2632 867 2664 viros
901 2631 990 2663 inter
1014 2631 1185 2674 principes
1213 2629 1440 2674 Pompeianos
1465 2629 1568 2662 fuisse
1594 2630 1680 2664 aliae
1705 2632 1762 2665 in-

147 2678 347 2722 scriptiones
372 2678 499 2712 ibidem
525 2684 685 2722 repertae
704 2678 898 2712 ostendunt.
925 2694 969 2700 ——
996 2676 1033 2719 5)
1052 2677 1250 2711 duumviros
1267 2680 1401 2711 iterum.
1429 2675 1612 2720 Capacius:
1638 2683 1669 2711 et
1684 2678 1762 2712 viri.

148 2743 193 2748 —
219 2722 256 2767 6]
282 2725 334 2759 Ad
357 2727 504 2770 pecunia
528 2725 631 2759 adde:
657 2737 726 2758 succ.
753 2724 936 2768 Capacius:
962 2724 1144 2769 ponderali.
1171 2740 1216 2747 -—
1242 2722 1280 2768 7)
1307 2725 1488 2767 municipii.
1520 2741 1562 2746 ——
1589 2722 1628 2766 8)
1654 2725 1697 2758 de
1721 2737 1763 2760 ea

148 2782 186 2806 re
210 2772 255 2805 ita
281 2783 458 2807 censuere.
484 2789 529 2794 —
554 2770 592 2815 9)
619 2783 737 2806 eorum
762 2772 953 2816 ponderum
980 2778 1014 2806 et
1039 2771 1180 2805 scholae
1206 2778 1240 2806 et
1265 2771 1453 2806 chalcidici.
1478 2770 1613 2806 Reines.
1643 2782 1762 2806 eorum

149 2819 347 2862 ponderalis
372 2826 406 2854 et
430 2819 569 2854 scholae
594 2825 660 2853 etc.
685 2820 801 2853 Rosini
826 2830 902 2852 cuin
929 2817 1043 2853 Gorio.
1071 2836 1113 2841 —
1142 2817 1202 2861 10)
1228 2821 1343 2864 utique
1367 2828 1487 2852 servos
1510 2819 1575 2852 nisi
1599 2820 1673 2865 quis
1694 2830 1761 2854 eo-

151 2875 223 2897 rum
249 2868 372 2910 impius
397 2873 449 2901 est
472 2868 525 2901 isti
558 2868 698 2911 negotio
730 2873 993 2911 praeponerent.
1030 2867 1165 2900 Reines.
1190 2868 1306 2912 utique
1331 2875 1461 2907 serVOS,
1488 2876 1572 2910 quos
1597 2868 1680 2910 ipsis
1696 2868 1763 2901 erit

151 2910 283 2991 llizbnpm
314 2916 450 2960 negotio
483 2920 743 2961 praeponerent.
785 2914 909 2949 Rosini.
943 2931 985 2937 —
1022 2912 1081 2956 11)
1116 2913 1333 2958 Legendum:
1365 2913 1578 2949 iterationem
1611 2914 1762 2950 honoris.

186 2968 281 2994 osmi.
