1877 3313
570 120 601 162 §.
625 121 659 156 4.
707 121 953 166 Imperatorum
978 120 1096 156 Edicta
1121 125 1155 156 et
1179 122 1362 168 Rescripta.

156 225 327 268 Tonsori
356 238 430 280 per
465 226 646 269 homines

213 285 393 339 singulos

156 344 327 385 Tonsori
368 357 560 398 pecorum
608 345 646 386 in

213 416 292 444 uno
324 405 452 457 capite
483 409 598 457 pasto

212 462 273 503 De
305 467 557 504 aeramento:

154 519 322 562 Aerario
354 522 393 562 in
425 521 626 564 orichalco

212 580 408 621 mercedis

153 639 195 680 In
225 640 336 693 cupri

99 728 102 730 -
152 698 194 740 In
211 698 382 740 vasculis
402 697 548 740 diversi
565 710 644 753 ge-

210 758 319 798 neris

706 579 746 621 in
777 580 830 620 Po
854 595 864 619 ι

709 639 748 679 ἰη
780 640 834 681 Po
856 654 866 678 1

708 756 746 797 in
778 757 831 797 Po
856 771 865 796 ι

153 815 194 857 ln
224 815 364 871 sigillis
402 816 467 857 vel
506 817 643 858 statuis
710 847 719 856 .

152 875 194 916 In
233 874 386 916 doctilis
412 872 473 931 39)
524 888 644 917 aera-

212 934 332 975 menti

108 1025 111 1027 .
154 992 308 1034 Plastae
331 990 393 1048 40)
411 993 643 1048 imaginario

212 1051 376 1093 diurnae
445 1052 642 1094 mercedis

209 1116 325 1164 pasto

152 1170 327 1223 Reliquis
366 1170 502 1224 plastis
535 1183 643 1224 gup—

212 1230 326 1271 sariis
339 1230 490 1282 prnetis
501 1227 564 1284 4¹)
579 1229 643 1270 di-

211 1301 347 1329 urnos.

152 1346 327 1400 Aquario
346 1347 452 1388 omni
464 1347 527 1387 die
541 1360 642 1401 ope-

212 1406 313 1447 ranti
338 1411 452 1459 pasto
478 1405 641 1447 diurnos
709 1436 718 1445 .

157 1467 345 1505 Cluacario
365 1467 459 1504 omni
471 1467 530 1503 die
546 1479 640 1516 ope-

211 1527 302 1563 ranti
342 1531 447 1574 pasto
495 1526 640 1563 diurnos
708 1554 717 1564 .

152 1583 360 1626 Samiatori
371 1583 409 1623 in
430 1583 568 1636 spatha
579 1580 640 1638 42)

211 1655 264 1683 ex
296 1654 370 1683 usu

151 1701 193 1742 In
225 1700 379 1742 casside
411 1714 463 1742 ex
494 1713 568 1743 usu

152 1759 194 1801 In
228 1760 359 1801 securi

150 1819 193 1859 In
224 1818 386 1873 bipenni

150 1878 301 1933 Vagina
331 1876 493 1931 spathae
512 1874 575 1933 43)

152 1937 256 1978 Mem
289 1968 637 1978 .........

209 1997 302 2037 ione
318 1995 449 2049 petale
464 1993 524 2050 44)
541 2007 640 2050 per-

207 2068 352 2110 gamen
391 2086 400 2094 .
444 2087 452 2095 .

149 2113 341 2169 Scriptori
372 2114 410 2154 in
443 2114 639 2167 scriptura

209 2174 355 2228 optima
387 2185 579 2214 versuum

195 2265 204 2273 .
237 2233 304 2273 ‚ie
328 2265 337 2272 .
370 2264 379 2273 .
417 2232 638 2285 scripturae

208 2291 396 2333 bersuum

149 2350 417 2392 Tabellanioni
445 2347 509 2404 45)
570 2350 609 2391 in

208 2411 404 2464 scriptura
430 2408 552 2450 libelli
573 2409 638 2450 bel

206 2469 362 2510 tabulae
378 2468 561 2510 versibus

153 2526 338 2569 Bracario
355 2539 428 2581 pro
453 2527 638 2569 excisura

209 2592 249 2628 et
280 2591 470 2629 ornatura

676 2185 708 2213 N.
728 2176 883 2213 centum

677 2304 708 2330 N.
722 2295 882 2331 Cffl‘ltum
949 2321 958 2330 .

676 2482 709 2509 N.
722 2471 876 2509 centum

1188 287 1224 328 X

1186 405 1222 446 X

1184 759 1222 977 :xxm
1186 582 1223 681 >ort

1184 1113 1219 1154 ,Ἀ

1178 1644 1216 1920 xxxx&
1181 1525 1217 1567 ><
1182 1407 1218 1448 tr:
1183 1289 1218 1329 Ὰ

1278 287 1380 330 duos

1279 406 1378 448 duos

1278 588 1370 624 ocu)

1276 654 1351 682 sex

1276 771 1351 800 sex

1277 823 1463 871 quattuor

1275 948 1350 978 SGX

1275 1114 1525 1169 septuaginta

1275 1290 1562 1346 quinquaginta

1274 1407 1592 1463 vigintiquinque

1273 1525 1586 1582 vigintiquinque

1272 1644 1589 1700 vigintiquinque

1270 1704 1584 1760 vigintiquinque

1270 1774 1345 1804 sex

1271 1827 1363 1863 octo

1270 1892 1344 1922 cen
1364 1913 1372 1922 .
1394 1914 1402 1921 .

1176 2056 1214 2333 ΜᾺᾺ

1177 2468 1214 2508 Χ
1269 2499 1278 2509 .

1178 2584 1216 2626 Χ

1268 2590 1426 2627 centum

1679 120 1767 166 323

289 2755 350 2799 39)
381 2757 528 2791 Duclilis.
568 2773 609 2778 -—
636 2753 698 2799 40)
724 2756 929 2790 Emendavit
952 2754 1073 2789 Leake.
1102 2754 1215 2800 Lapis:
1249 2756 1401 2791 Reaslae.
1438 2774 1479 2780 —-
1505 2755 1568 2800 41)
1593 2757 1757 2795 Mendosa

149 2801 261 2837 lectio.
284 2803 399 2838 Leake
424 2804 599 2838 emendat:
622 2804 736 2848 pastis.
773 2820 812 2825 -
846 2801 908 2845 42)
941 2802 1144 2836 Emendavit
1168 2803 1292 2838 Leake.
1318 2804 1435 2848 Lapis:
1466 2805 1596 2850 spalita.
1625 2824 1666 2830 ——
1690 2806 1756 2850 43)

150 2849 297 2884 Primum
320 2851 523 2885 vocabulum
549 2851 701 2894 intellige
724 2851 873 2893 vayz'nas.
914 2849 1068 2883 Alterum
1100 2849 1257 2884 scribitur
1286 2852 1428 2895 patitas;
1460 2852 1520 2886 sed
1545 2863 1648 2898 supra
1672 2865 1756 2899 spa-

149 2896 218 2930 tica.
265 2897 407 2932 Emend.
438 2898 563 2932 Leake.
595 2897 712 2942 Lapis:
750 2898 885 2942 Rayimc
915 2897 1064 2942 spamus.
1099 2913 1141 2919 —-
1166 2896 1239 2941 44)
1271 2898 1434 2934 mendosa
1467 2898 1580 2935 lectio.
1613 2919 1656 2927 —
1690 2899 1754 2945 45)

149 2941 200 2978 Ita
223 2942 290 2989 lap.
314 2955 379 2989 pro
401 2945 582 2980 tabellioni.

1441 3003 1536 3049 21*
