1877 3313
194 208 279 251 306
643 205 748 240 Inscr.
775 206 946 250 profanae.
995 205 1075 252 Gap.
1100 205 1140 240 11.
1189 206 1348 242 Tabulae.

195 313 337 367 quibus
368 311 588 353 adtributae
627 316 786 364 essent,
825 326 861 365 q.
895 312 931 353 d.
964 325 999 353 e.
1031 325 1063 353 r.
1096 312 1121 352 f.
1154 325 1190 366 p.
1224 312 1261 352 d.
1295 325 1330 353 e.
1361 325 1393 353 r.
1426 311 1450 352 i.
1482 324 1516 352 c.
1546 312 1609 352 Uti
1638 312 1686 353 iis
1716 324 1792 354 us-

194 384 273 425 que
303 381 482 412 maneret
512 370 723 411 adtributio
754 383 966 424 aquarum,
1008 372 1188 424 exceptis
1221 384 1322 424 quae
1352 371 1391 411 in
1422 383 1534 412 usum
1565 370 1792 412 balnearum

193 434 330 471 essent
362 430 476 470 datae
508 434 574 469 aut
605 428 776 483 Augusti
807 431 989 481 nomine,
1031 429 1161 483 quoad
1203 429 1319 469 iidem
1362 428 1508 469 domini
1538 428 1793 483 possiderent

191 487 232 529 id
262 488 405 540 solum,
436 488 476 528 in
508 500 588 541 quo
621 490 868 541 accepissent
899 501 1051 541 aquam.
1085 485 1277 541 (Fam-m,
1307 486 1416 539 lbid.,
1448 500 1533 540 cap.
1568 485 1688 542 108.)

330 626 448 676 Quod
479 628 524 675 Q.
557 626 693 669 Aelius
733 629 906 679 Tubero,
945 627 1099 668 Paullus
1141 627 1284 668 Fabius
1325 627 1518 668 Maximus
1559 639 1663 668 coss.
1696 640 1733 668 v.
1763 627 1791 668 f.

191 686 242 728 de
272 687 368 728 rivis
399 686 582 739 specibus
604 685 898 739 fornicibusque
920 686 1039 727 Iuliae
1072 687 1243 727 Marciae
1273 685 1424 738 Appiae
1455 685 1630 739 Tepulae
1661 685 1792 727 Anio-

189 747 252 787 nis
293 744 544 795 reficiendis,
587 757 623 797 q.
658 745 693 786 d.
727 758 762 786 e.
794 758 825 785 r.
858 745 882 785 s.
916 758 951 798 p.
987 745 1023 784 d.
1057 758 1091 785 e.
1125 758 1156 785 r.
1189 746 1212 784 i.
1247 758 1281 784 c.
1314 744 1374 784 Uti
1406 756 1492 784 cum
1524 744 1548 784 ii
1579 744 1654 785 rivi
1694 756 1792 798 spe-

190 802 319 858 cus')
363 803 539 844 fornices
583 816 683 856 quos
724 804 927 857 Augustus
960 803 1104 844 Caesar
1143 816 1188 844 se
1228 802 1471 843 refecturum
1512 803 1689 856 impensa
1719 815 1792 844 sua

189 863 389 916 pollicitus
421 862 579 902 senatui
610 867 692 909 est,
723 862 985 902 reficerentur
996 875 1007 911 ;
1048 874 1100 901 ex
1131 862 1237 914 agris
1269 862 1508 914 privatorum
1541 866 1646 902 terra
1676 860 1792 902 limus

188 921 288 974 lapis
321 925 424 960 testa
455 932 575 960 arena
590 917 631 974 2)
663 921 768 974 ligna
800 925 1015 973 ceteraque
1048 921 1188 972 quibus
1222 919 1270 960 ad
1302 932 1386 959 eam
1419 932 1503 959 rem
1536 931 1636 973 opus
1668 925 1790 970 esset,

188 979 295 1020 unde
337 991 521 1032 quaeque
563 991 702 1019 eorum
751 979 929 1031 proxime
979 980 1065 1019 sine
1108 979 1244 1018 iniuria
1287 979 1528 1031 privatorum
1572 978 1651 1018 tolli
1691 979 1791 1019 sumi

187 1038 339 1091 portari
370 1042 557 1090 possent,
590 1038 663 1077 viri
694 1034 840 1090 boni3)
873 1037 1063 1077 arbitratu
1106 1037 1306 1076 aestimata
1340 1036 1529 1076 darentur
1558 1036 1790 1077 tollerentur

188 1101 441 1138 sumerentur
472 1101 792 1150 exportarentur,
823 1099 862 1135 et
893 1094 939 1135 ad
974 1107 1040 1134 eas
1073 1107 1140 1135 res
1172 1106 1309 1135 omnes
1341 1093 1608 1146 exportandas
1630 1107 1791 1135 earum-

187 1167 267 1208 que
296 1167 431 1195 rerum
462 1154 765 1196 reficiendarum
799 1166 931 1203 causa,
965 1153 1147 1205 quotiens
1179 1165 1280 1205 opus
1313 1158 1434 1203 esset,
1465 1165 1537 1206 per
1555 1164 1676 1207 agros
1705 1154 1792 1206 pri-

186 1218 369 1254 vatorum
401 1213 486 1254 sine
518 1213 656 1254 iniuria
690 1225 826 1253 eorum
857 1212 998 1252 itinera
1030 1215 1141 1252 actus
1165 1215 1347 1264 paterent
1367 1210 1568 1253 darentur.
1602 1209 1792 1266 (Momm,

186 1270 296 1325 ibid,
327 1284 411 1325 cap.
447 1269 570 1325 125.)

956 1340 1015 1380 Vl.

329 1411 442 1460 Quod
481 1412 527 1459 Q.
571 1411 708 1452 Aelius
749 1411 922 1462 Tubero,
964 1410 1120 1451 Paullus
1152 1410 1293 1451 Fabius
1324 1410 1518 1451 Maximus
1560 1422 1664 1452 coss.
1697 1423 1733 1451 v,
1764 1410 1790 1451 f.

187 1483 380 1523 aquarum
424 1470 597 1522 quaein
639 1471 777 1510 urbem
820 1471 1001 1509 venirent
1044 1470 1181 1509 itinera
1223 1470 1407 1522 occupari
1448 1469 1710 1510 monumentis
1751 1474 1791 1509 et

191 1528 378 1570 aedificiis
412 1534 453 1568 et
484 1528 691 1569 arboribus
726 1528 898 1576 conseri,
931 1541 967 1580 q.
1000 1527 1026 1567 f.
1060 1540 1095 1580 p.
1129 1528 1164 1567 d.
1197 1540 1232 1567 e.
1264 1540 1294 1567 r.
1327 1528 1351 1567 i.
1385 1539 1419 1568 c.
1461 1527 1521 1567 Ad
1552 1526 1789 1568 reficiendos

187 1588 298 1630 rivos
330 1599 555 1640 specusque
597 1591 635 1626 et
667 1599 770 1639 quae
812 1598 884 1639 per
915 1598 960 1626 ea
992 1598 1113 1638 opera
1155 1585 1395 1638 reipublicae
1436 1583 1788 1641 corumpuntur⁴)‚

185 1646 346 1700 placere
379 1646 484 1686 circa
516 1645 645 1686 fontes
678 1650 716 1685 et
756 1644 930 1685 fornices
963 1649 1000 1683 et
1032 1657 1163 1684 muros
1206 1649 1373 1696 utraque
1405 1657 1456 1684 ex
1487 1649 1598 1697 parte
1639 1656 1788 1686 vacuos

188 1705 333 1758 quinos
351 1703 477 1744 denos
495 1703 619 1756 pedes
645 1708 795 1757 patere,
829 1708 867 1742 et
885 1703 990 1743 circa
1009 1704 1116 1743 rivos
1140 1703 1203 1755 qui
1226 1703 1299 1743 sub
1322 1707 1426 1743 terra
1449 1707 1598 1754 essent,
1629 1708 1669 1743 et
1688 1715 1788 1757 spe-

187 1775 261 1804 cus
292 1764 393 1802 intra
424 1762 561 1802 urbem
593 1767 631 1802 et
663 1767 776 1802 exn-a
808 1762 969 1811 urbem,
1009 1761 1107 1801 intra
1146 1762 1386 1802 continentia
1416 1761 1590 1802 aedificia
1620 1766 1786 1814 utraque

187 1834 241 1861 ex
271 1825 384 1874 parte
415 1821 556 1873 quinos
588 1821 711 1873 pedes
744 1832 891 1860 vacuos
922 1819 1116 1871 relinqui,
1159 1820 1209 1860 ita
1250 1825 1289 1860 ut
1320 1831 1452 1873 neque
1493 1825 1787 1862 monumentum

185 1880 225 1920 in
255 1879 315 1920 his
346 1879 469 1929 locis,
501 1891 631 1931 neque
663 1878 878 1919 aedilicium
910 1882 999 1930 post
1029 1878 1103 1918 hoc
1135 1883 1285 1931 tempus
1317 1890 1490 1931 ponere,
1522 1891 1653 1931 neque
1684 1890 1787 1919 con-

188 1950 331 1980 serere
363 1938 528 1979 arbores
560 1938 720 1986 liceret3
752 1938 784 1977 si
807 1949 908 1990 quae
933 1948 1036 1976 nunc
1058 1942 1195 1976 essent
1225 1937 1389 1977 arbores
1416 1938 1515 1977 intra
1538 1937 1576 1977 id
1603 1938 1786 1990 spatium,

187 1996 485 2047 exciderentur,
517 2001 791 2049 praeterquam
824 1996 856 2036 si
888 2008 989 2048 quae
1019 1995 1134 2034 villae
1167 1996 1414 2036 continentes
1442 1999 1482 2036 et
1502 1995 1680 2036 inclusae
1711 2008 1786 2036 ae-

187 2054 326 2096 dificiis
359 2060 494 2095 essent
505 2068 516 2104 3
548 2055 580 2095 si
612 2055 698 2107 quis
731 2053 922 2094 adversus
954 2065 1001 2093 ea
1033 2054 1283 2104 connniserit,
1313 2055 1352 2094 in
1372 2054 1550 2108 singulas
1570 2066 1637 2095 res
1657 2066 1786 2107 poena

185 2113 247 2155 HS
280 2113 381 2154 dena
413 2114 526 2153 millia
550 2118 718 2164 essent,
756 2126 808 2153 ex
839 2113 979 2164 quibus
1011 2124 1102 2164 pars
1135 2111 1288 2152 dimidia
1320 2112 1534 2164 praemium
1566 2113 1786 2153 accusatori

186 2171 362 2222 daretur,
393 2172 505 2212 cuius
539 2184 661 2224 opera
694 2172 860 2211 maxime
892 2170 1095 2210 convictus
1128 2175 1235 2210 esset
1267 2170 1554 2225 quiadversus
1586 2171 1662 2212 boc
1691 2182 1724 2211 s.
1749 2183 1784 2210 c.

185 2231 447 2271 commisisset
458 2244 469 2279 3
501 2243 592 2284 pars
625 2235 755 2271 autem
789 2229 943 2269 dimidia
975 2231 1011 2268 in
1044 2229 1235 2268 aerarium
1267 2228 1539 2282 redigeretur-3
1577 2228 1707 2282 deque
1738 2241 1785 2269 ea

184 2299 231 2328 re
261 2288 484 2401 mdical-{ent
515 2293 890 2343 cognoscerentque
933 2291 1138 2328 curatores
1179 2299 1381 2339 aquarum.
1445 2285 1644 2341 (Fnoxnx,
1674 2287 1785 2339 lbid„

186 2358 272 2400 cap.
308 2346 402 2387 127.

328 2494 364 2537 1)
395 2503 526 2538 specus,
563 2505 649 2538 quac
684 2505 750 2527 vox
782 2494 814 2527 in
849 2492 945 2527 codd.
984 2492 1209 2532 desideratur,
1248 2501 1289 2524 ex
1323 2491 1602 2535 praecedentibus
1639 2491 1785 2524 restituit

185 2540 340 2575 Schulzio
366 2546 502 2574 auctore
529 2539 709 2573 Dederich.
737 2558 777 2562 —
805 2540 843 2583 2)
869 2540 919 2573 Ex
946 2539 1181 2573 emendatione
1207 2538 1422 2580 Dedericbii3
1448 2537 1547 2571 codd.
1565 2544 1600 2572 et
1618 2538 1784 2572 editiones

185 2588 426 2621 antecedentes
461 2586 757 2620 Dederichianam:
791 2593 913 2620 tem-am
938 2586 1051 2619 linmm
1076 2585 1215 2629 lapidem
1247 2590 1360 2618 testam
1393 2596 1543 2618 arenam.
1579 2603 1624 2608 —
1655 2582 1693 2626 3)
1719 2595 1784 2616 vo-

188 2646 263 2667 cem
288 2634 381 2676 boni,
417 2644 482 2678 qua
508 2633 605 2666 codd.
631 2640 766 2675 carent,
801 2639 891 2667 recte
918 2634 1054 2666 inseruit
1079 2632 1255 2665 IocunduS.
1291 2649 1332 2653 —
1367 2630 1405 2673 4)
1439 2631 1600 2665 Codices:
1632 2630 1716 2665 Cum
1741 2630 1782 2664 ad

184 2681 390 2715 reficiendos
414 2682 506 2713 rivos
532 2691 718 2725 specusque
744 2690 806 2723 per
839 2690 925 2724 quae
951 2685 985 2712 et
1009 2689 1112 2722 opera
1142 2678 1274 2722 publica
1300 2684 1569 2722 corrumpantur.
1611 2677 1783 2711 Editiones

185 2729 341 2761 omittunt
366 2737 482 2760 omnes
507 2738 627 2759 vocem
652 2739 742 2767 cnm,
768 2728 893 2771 quippe
920 2737 1007 2770 quae
1033 2726 1204 2767 geminata
1235 2725 1319 2769 sigla
1344 2724 1597 2768 praecendente
1621 2723 1648 2758 C
1673 2725 1783 2767 irrep-

186 2775 277 2808 serit.
302 2773 468 2807 Polenus:
498 2773 554 2806 Ad
577 2774 763 2815 *reficiendos
786 2775 872 2806 rivos
905 2784 1080 2816 specusque
1112 2783 1170 2816 pen·
1193 2783 1275 2815 quae
1301 2777 1329 2805 et
1351 2782 1452 2814 opera
1475 2770 1607 2814 publica
1631 2781 1783 2803 cen-mn-

185 2826 315 2863 qmnlur.
357 2820 531 2853 Schulzius
556 2821 588 2852 in
613 2820 677 2852 Ed.
704 2820 948 2853 Dederichiana
975 2820 1125 2852 coniicit:
1157 2817 1239 2850 Cum
1261 2819 1305 2851 ad
1328 2818 1515 2859 reficiendos
1537 2818 1626 2850 sivos
1649 2827 1782 2860 specus-

185 2877 246 2908 que
268 2867 439 2910 pertineat,
464 2878 565 2910 neque
589 2878 629 2899 ea
651 2877 750 2910 opera
774 2878 878 2910 aquae
901 2865 1051 2910 publicae
1076 2871 1329 2908 corrumpantur
1342 2877 1355 2905 ,·
1380 2864 1537 2898 Iordans:
1561 2863 1617 2896 Ad
1631 2863 1782 2897 reficien-

187 2912 242 2944 (los
266 2914 350 2946 rivos
374 2924 559 2957 specusque,
585 2924 666 2956 quae
689 2924 749 2956 per
772 2913 903 2946 arbores
927 2917 955 2944 et
979 2922 1079 2955 opera
1101 2913 1250 2955 apposita
1274 2916 1544 2954 corrumpamur,
1568 2909 1700 2953 placere
1723 2915 1781 2942 etc.

187 2959 380 2992 coniectura
406 2959 447 2992 ad
472 2959 538 2993 loci
563 2963 764 3000 sententiam
789 2959 970 2993 admodum
994 2958 1224 2992 accomodata.
1260 2957 1328 2992 Nos
1347 2956 1611 2991 Dederichianae
1628 2955 1782 2990 editionis

187 3003 368 3039 lectionem
391 3007 606 3049 retinuimus,
632 3007 696 3039 esti
721 3016 787 3040 non
812 3015 1052 3050 usquequaque
1078 3004 1197 3048 plac-et.
