1877 3313
624 141 654 182 ς.
681 141 714 175 9.
763 138 849 175 Acta
874 140 1013 187 publica
1038 143 1306 186 municipiorum.
1684 139 1765 186 371

155 244 394 300 picendique
415 243 473 300 ¹),
515 250 606 288 uter
639 261 778 290 eorum
817 249 932 291 locus
976 249 1101 304 magis
1145 249 1312 292 idoneus
1353 249 1534 291 videatur
1574 250 1769 293 emendus

154 305 310 359 publica
339 305 509 358 pecunia
540 319 562 347 a
593 307 754 360 privatis
787 308 874 349 eius
905 309 982 349 loci
1013 321 1133 361 quem
1164 310 1290 364 magis
1321 310 1599 363 probaverint3
1630 310 1769 364 utique

155 364 259 418 apud
291 377 378 405 eam
410 378 515 406 aram
547 365 768 418 quodannis
799 367 847 408 A.
880 367 997 408 D....
1016 366 1057 423 ²)
1091 368 1235 421 publici
1265 369 1445 409 manibus
1477 369 1564 410 eius
1588 381 1662 423 per
1680 382 1770 410 ma·—

154 426 345 478 gistratus
378 436 501 465 eosve
533 425 598 477 qui
628 425 680 465 ibi
712 426 786 466 iuri
828 425 998 468 dicendo
1029 432 1240 479 praerunt,
1283 428 1388 481 togis
1428 427 1545 482 pullis
1588 428 1768 479 amictos,

155 483 299 535 quibus
330 495 472 524 eorum
503 483 564 524 ius
595 482 751 537 sasque,
785 497 834 526 eo
867 485 945 536 (lie,
978 486 1064 526 eius
1088 487 1207 527 vestis
1231 486 1450 538 habendae,
1481 485 1648 528 inferiae
1673 487 1770 527 mit-

155 546 300 594 tantur,
333 542 490 596 bosque
521 547 562 583 et
593 543 679 584 ovis
711 544 784 583 atri
816 543 949 585 infulis
983 545 1155 585 caerulis
1186 544 1351 597 infulati,
1384 545 1456 586 diis
1480 546 1658 587 manibus
1682 547 1769 586 eius

154 605 400 651 mactentur3
432 613 586 654 eaeque
616 601 771 643 hostiae
804 616 853 643 co
886 603 977 644 loco
1009 603 1260 655 adoleantur,
1291 617 1493 658 superque
1525 617 1595 646 eas
1626 605 1770 659 singu-

154 659 217 701 lae
249 673 375 702 urnae
406 659 546 712 lactis,
578 660 718 713 mellis,
750 661 841 713 olei,
874 661 1109 713 fundantur3
1143 676 1188 704 ac
1219 668 1299 704 tum
1331 663 1488 704 demum
1519 662 1662 704 factam
1695 676 1769 704 ce-

154 720 252 760 teris
283 723 533 773 potestatem,
565 720 599 761 si
631 723 696 773 qui
727 721 906 773 privatim
939 722 1061 762 velint
1090 722 1269 763 manibus
1300 723 1385 763 eius
1407 722 1570 764 inferias
1591 724 1770 771 mittere3

153 779 248 819 nive
280 779 369 832 quis
400 779 566 832 amplius
609 791 689 820 uno
731 792 853 821 cereo
896 793 1025 821 unave
1066 781 1154 822 face
1195 793 1395 823 eoronave
1437 782 1584 833 mittat,
1624 781 1715 822 dum
1745 782 1771 822 ii

153 838 223 892 qui
254 837 565 888 immolaverint,
606 838 724 879 cincti
756 839 908 880 Gabino
940 841 1039 891 ritu,
1081 845 1232 882 struem
1274 841 1471 895 lignorum
1511 841 1771 892 succendant,

154 896 284 950 adque
315 896 461 938 exinde
499 896 681 938 habeant.
744 898 804 938 Uti
841 898 954 940 locus
997 905 1090 940 ante
1129 913 1216 941 eam
1258 912 1388 951 aram,
1432 911 1510 953 quo
1551 912 1600 940 ea
1638 904 1771 940 strues

153 961 428 1012 congerantur
459 962 758 1010 conponantur,
799 963 930 1010 pateat
962 971 1121 1012 (pioque
1137 956 1178 1013 3)
1221 971 1363 1000 versus
1395 958 1520 1012 pedes
1551 958 1620 999 XL
1652 959 1771 1000 stibi-

154 1015 340 1069 tibusque
371 1016 563 1057 rubustns
604 1017 824 1069 saepiatur,
869 1017 1149 1071 lignorumque
1193 1030 1364 1060 acervos
1411 1018 1496 1059 eius
1538 1019 1598 1058 rei
1639 1018 1768 1072 gratia

155 1075 379 1128 quodannis
411 1075 463 1115 ibi
497 1076 782 1126 constituatur,
822 1076 1018 1130 cippoque
1048 1076 1191 1131 grandi
1231 1076 1447 1118 secundum
1479 1089 1585 1118 aram
1618 1075 1771 1118 defixso

152 1133 230 1175 hoc
261 1133 467 1175 decretum
487 1147 576 1175 cum
599 1135 872 1188 superioribus
897 1135 1070 1176 decretis
1093 1136 1142 1177 ad
1165 1137 1250 1178 eius
1265 1134 1306 1191 4)
1329 1136 1506 1177 honores
1532 1136 1773 1190 pertinenti-

152 1193 228 1235 bus
260 1193 458 1235 incidatur
489 1193 810 1246 insculpatur-reg
852 1207 967 1246 nam,
1008 1195 1114 1248 quod
1156 1196 1203 1236 ad
1247 1200 1381 1236 cetera
1412 1195 1628 1246 solemnia,
1668 1207 1772 1248 quae

155 1252 298 1294 eodem
329 1252 397 1294 illo
430 1252 494 1293 die
524 1253 651 1294 vitare
682 1254 867 1293 caverive
899 1254 1140 1306 placuissent
1172 1254 1480 1307 placerentque,
1518 1254 1558 1294 id
1590 1266 1772 1307 sequen-

155 1311 246 1352 dum
286 1311 392 1366 quod
425 1313 476 1353 dc
517 1312 563 1352 iis
597 1317 758 1353 senatus
800 1313 841 1353 P.
873 1312 918 1352 R.
950 1314 1196 1362 censuisset;
1238 1313 1373 1365 utiquc
1403 1309 1576 1367 pri[mo]
1612 1325 1774 1366 quoque

156 1376 337 1424 tempore
367 1370 488 1425 legati
518 1384 571 1411 ex
602 1377 744 1412 nostro
785 1371 924 1412 ordine
956 1372 1047 1424 imp.
1081 1372 1266 1412 Caesare.
1328 1371 1578 1424 Augustum,
1618 1376 1773 1424 patrem

155 1431 318 1484 patriae,
349 1431 576 1483 pontificem
609 1430 836 1480 maximum,
870 1430 1103 1471 tribuniciae
1136 1431 1345 1484 potestatis
1377 1430 1500 1480 XXV,
1532 1430 1675 1471 adeant
1696 1442 1773 1484 pe-

155 1494 319 1542 tantque
351 1489 399 1529 ab
432 1501 495 1541 eo,
527 1489 585 1529 uti
615 1489 768 1530 colonis
800 1489 1036 1531 Iuliensibus
1069 1489 1249 1531 coloniae
1272 1489 1532 1542 obsequentis
1553 1488 1675 1531 Iuliae
1705 1489 1774 1531 Pi-

155 1561 277 1591 sanae
309 1561 362 1589 ex
394 1548 470 1590 hoc
502 1548 668 1589 decreto
700 1561 748 1589 ea
781 1549 883 1590 omia
901 1545 940 1604 ⁵)
975 1549 1113 1591 facore
1144 1550 1394 1603 exsequiqnc
1425 1548 1634 1602 permittat.

940 1631 982 1674 11.

407 1700 647 1759 [scribendo
680 1701 913 1760 adjfuer.‘³)
957 1705 1003 1752 Q.
1034 1703 1235 1747 Sertorius
1276 1705 1320 1754 Q.
1353 1704 1395 1746 F.
1427 1702 1568 1747 Atilius
1600 1703 1774 1756 Tacitus,

151 1763 192 1805 P.
224 1763 406 1805 Rasinius
437 1764 481 1804 L.
514 1764 554 1804 F.
586 1763 745 1816 Bassus,
776 1764 821 1804 L.
853 1764 1027 1818 Lappius
1060 1764 1100 1804 P.
1132 1764 1173 1805 F.
1208 1764 1381 1815 Thallus,
1414 1764 1460 1812 Q.
1492 1764 1693 1806 Sertorius
1725 1764 1772 1813 Q.

151 1823 194 1864 F.
225 1822 365 1876 Alpius
394 1823 498 1875 Pica,
531 1822 573 1864 C.
609 1824 775 1873 Vettius,
807 1823 850 1864 L.
888 1823 928 1864 F.
962 1823 1143 1875 Vircula,
1185 1823 1236 1865 M.
1265 1823 1410 1865 Herius
1442 1823 1493 1864 M.
1525 1824 1566 1864 F.
1599 1823 1772 1873 Priscus,

154 1882 204 1923 A.
236 1881 378 1923 Albius
409 1882 459 1923 A.
490 1882 532 1923 F.
568 1881 697 1935 Gutta,
729 1883 788 1923 Ti.
820 1882 1030 1924 Petronius
1063 1882 1122 1922 Ti.
1160 1882 1201 1923 F.
1233 1882 1373 1935 Pollio,
1404 1882 1447 1923 L.
1481 1883 1624 1923 Fabius
1657 1882 1699 1923 L.
1731 1882 1772 1923 F.

151 1940 314 1993 Bassus,
347 1941 441 1984 Sex.
472 1942 657 1995 Aponius
689 1942 783 1984 SeX.
815 1942 857 1982 F.
891 1942 1086 1993 Creticus,
1120 1941 1161 1982 C.
1197 1941 1340 1982 Canius
1373 1941 1413 1981 C.
1445 1942 1487 1982 F.
1521 1942 1771 1992 Saturninus,

152 1999 196 2040 L.
239 2000 426 2042 Otacilius
469 2000 514 2049 Q.
547 2000 588 2041 1⁴¹.
627 2001 821 2042 Panthera
835 2015 846 2051 3
889 2000 998 2055 quod
1028 2000 1191 2052 adsunt,
1234 2013 1322 2041 cum
1365 2001 1405 2041 in
1437 1999 1594 2042 colonia
1633 2004 1774 2041 nostra

152 2064 318 2114 propter
366 2060 648 2102 contentiones
690 2060 989 2102 candidatorum
1031 2060 1288 2114 magistratus
1329 2071 1410 2102 non
1442 2063 1604 2112 essent,
1646 2063 1687 2100 et
1724 2071 1772 2101 ea

141 2123 238 2162 ,acta
269 2124 420 2172 essent,
454 2132 558 2173 quae
589 2118 692 2161 infra
722 2120 872 2174 scripta
903 2124 1008 2161 sunt.

294 2190 394 2233 Cum
424 2189 473 2233 A.
503 2191 550 2233 D.
583 2189 648 2233 1111
679 2203 806 2234 nonas
837 2191 994 2246 Apriles
1026 2190 1166 2234 allatus
1197 2194 1309 2234 esset
1339 2190 1514 2245 nuntius,
1546 2188 1586 2231 C.
1620 2189 1771 2233 Caesa-

295 2358 332 2403 1)
358 2359 443 2394 Pro:
480 2360 748 2406 aclipe'scendique
786 2360 899 2393 omnia
934 2358 1092 2403 exempla
1126 2357 1217 2391 daut.
1253 2374 1294 2380 —-
1331 2355 1370 2400 2)
1396 2357 1477 2391 Post
1505 2355 1547 2390 A.
1574 2356 1613 2390 D.
1648 2356 1771 2390 lacuna

154 2413 206 2441 est
229 2407 417 2452 scripturae
444 2419 545 2453 quam
570 2408 669 2442 Noris
704 2409 748 2441 ita
773 2407 946 2451 supplevit
979 2412 1015 2439 ut
1045 2404 1229 2439 scriberet:
1267 2404 1307 2438 A.
1335 2405 1375 2438 D.
1401 2405 1462 2438 XII
1487 2404 1534 2438 K.
1560 2403 1649 2448 Sept.
1704 2403 1771 2437 Sed

153 2454 273 2488 Gorius
304 2461 569 2497 commemorat,
607 2458 641 2489 in
682 2457 809 2489 veteris
839 2453 1032 2488 calendarii
1069 2453 1263 2495 fragmento
1304 2452 1499 2491 Antiatino,
1542 2451 1632 2496 quod
1665 2449 1771 2484 Blan-

154 2501 285 2536 chinius
317 2505 351 2536 in
378 2502 548 2537 Anastasii
580 2499 672 2538 Vitis'.
696 2502 896 2536 Pontificum
923 2500 1030 2534 edidit
1062 2500 1156 2533 Tom.
1182 2499 1223 2533 ΙΙ.
1258 2511 1291 2543 p.
1317 2500 1397 2533 221.
1422 2499 1501 2532 XIII
1525 2498 1564 2532 K.
1594 2498 1687 2543 Sept.
1712 2509 1770 2532 as-

153 2550 280 2594 signari
304 2550 441 2584 inferias
472 2550 506 2584 L.
533 2548 700 2584 Caesaris.
725 2550 818 2583 Idem
853 2548 1038 2581 calendarii
1071 2548 1298 2590 fragmentum
1324 2546 1468 2581 Orellius
1495 2545 1591 2579 dedit
1614 2545 1770 2590 Inscript.

153 2595 239 2631 Cotl.
270 2597 344 2631 Vol.
371 2597 412 2631 II.
448 2609 479 2642 p.
513 2597 593 2631 397.
640 2597 797 2632 Clemens
830 2595 1017 2630 cardinalis
1052 2605 1093 2628 ex
1125 2595 1320 2628 testimonio
1354 2594 1561 2627 Monumenti
1594 2591 1772 2627 Gabiniani

155 2640 323 2685 (Visconti
355 2644 506 2679 Nonum.
541 2643 658 2678 Gabin.
685 2644 748 2677 Ed.
774 2642 893 2677 Labus.
924 2642 1054 2675 Prefaz.
1079 2653 1112 2686 p.
1138 2640 1213 2682 ΙΙΙ.)
1247 2641 1430 2686 legendum
1464 2641 1594 2674 censuit
1619 2638 1669 2681 (iu
1695 2640 1770 2674 Me-

153 2692 260 2725 morie
284 2691 425 2726 Roman.
458 2693 485 2734 Ι,
512 2692 546 2725 4.
571 2703 603 2736 p.
631 2691 733 2732 190J:
766 2691 807 2724 A.
834 2690 873 2723 D.
898 2689 975 2722 XIII
1000 2689 1038 2722 K.
1064 2687 1138 2722 Oct.
1173 2686 1265 2731 (Quo
1291 2689 1347 2721 die
1371 2688 1405 2721 L.
1430 2686 1554 2722 Caesar
1585 2685 1770 2730 discessit).

154 2736 324 2784 Tanquam
349 2740 383 2773 in
408 2750 445 2774 re
480 2741 608 2773 ineerta
634 2738 788 2772 lacunam
813 2737 1024 2781 reliquimus.
1049 2753 1094 2757 ——-
1120 2734 1158 2778 3)
1184 2735 1330 2769 Tabula:
1354 2741 1431 2780 pate
1525 2745 1636 2778 noque.
1664 2752 1705 2757 —
1727 2732 1768 2777 4)

156 2782 301 2819 Tabula:
327 2787 395 2820 εἰ..
432 2804 473 2808 -—
509 2784 547 2828 5)
573 2786 662 2819 omia
687 2785 824 2818 exhibet
850 2784 984 2825 tahu1a3
1017 2789 1052 2817 ut
1076 2783 1179 2827 paulo
1209 2784 1364 2827 superius
1400 2781 1543 2815 Caesare
1566 2791 1647 2825 pro:
1682 2781 1769 2816 Cae-

155 2841 285 2873 sarem;
311 2839 344 2866 et
369 2833 561 2878 obsequenti.
597 2851 639 2856 —
667 2830 704 2874 6)
731 2832 882 2865 Norisius
908 2833 1051 2875 primum
1078 2842 1212 2864 versum
1238 2833 1408 2873 integrum
1434 2828 1589 2862 exhibet:
1621 2828 1707 2862 Pisis
1730 2830 1769 2862 in

156 2877 315 2921 Anqusteo
339 2881 434 2915 scrib.
468 2881 618 2924 adsueta,
653 2890 799 2924 eumque
834 2880 986 2923 sequitur
1018 2877 1188 2911 Haubold.
1239 2877 1305 2911 Sed
1339 2875 1457 2910 Gorius
1489 2877 1621 2920 primae
1653 2876 1768 2910 lineae

157 2929 284 2958 tantum
309 2926 422 2972 aliqua
445 2928 591 2971 vestigia
616 2937 821 2971 supperesse
847 2931 1040 2967 asseverat3
1067 2930 1246 2969 praeterea
1271 2924 1313 2957 ab
1339 2925 1407 2956 imo
1428 2923 1472 2957 ad
1488 2934 1655 2958 summum
1672 2934 1767 2958 mar-

158 2981 232 3006 mor
254 2973 289 3007 in
314 2973 396 3009 duas
420 2981 534 3019 partes
559 2975 701 3011 scissum
727 2984 823 3017 esse,
849 2974 885 3008 in
909 2984 1020 3019 eoque
1045 2972 1138 3008 hiatu
1163 2972 1279 3007 literas
1304 2970 1450 3006 haustas.

1456 3029 1514 3075 24
1529 3029 1556 3054 ·=÷
