1877 3313
332 117 364 159 §.
387 117 419 151 6.
468 115 568 151 Tituli
591 115 764 150 honorarii
788 117 820 151 in
845 117 965 150 statuis
992 116 1134 161 aliisque
1160 116 1386 151 monumentis
1410 116 1610 151 honorariis.
1699 115 1782 158 199

172 226 382 274 gistratuum
413 224 608 274 epistolas,
647 225 814 263 videlicet
845 224 982 262 Claudii
1013 224 1147 261 Paulini
1178 225 1427 274 Propraetoris
1459 224 1668 274 provinciae
1698 224 1781 262 Bri-

172 285 312 322 tanniae
344 285 388 321 ad
421 284 590 321 Sennium
631 285 847 321 Sollemnem
881 289 916 320 et
957 284 1100 321 Aedinii
1139 284 1259 321 Iuliani
1300 285 1476 322 Praefecti
1517 283 1704 333 praetorio
1736 284 1782 322 ad

172 344 316 380 Badium
349 344 592 390 Comnianum,
624 343 715 380 infra
737 355 801 379 suo
825 344 908 380 loco
931 343 1136 379 inseremus.
1170 344 1301 380 Primus
1324 346 1387 381 has
1408 348 1482 380 tres
1507 343 1610 379 trium
1630 343 1782 380 laterum

171 402 420 451 inscriptiones
454 403 566 439 edidit
599 403 709 450 Spon.
739 403 870 438 Miscel.
913 414 947 449 p.
979 401 1075 438 282.
1117 403 1180 438 sed
1213 403 1402 439 admodum
1444 403 1628 439 mendose.
1660 402 1783 439 Secuti

171 465 251 498 sunt
281 462 497 508 Longuerue
529 455 715 513 (lllercure
748 461 793 497 de
823 461 968 496 France.
1005 459 1126 497 1733.
1158 473 1190 509 p.
1221 456 1356 513 692),
1387 460 1504 497 lllaffei
1526 455 1692 512 [Galliae
1713 473 1782 497 an-

171 519 338 567 tiquitatt.
372 520 495 556 select.
527 532 561 568 p.
596 516 688 571 76.)
732 519 870 556 Bimard
914 515 1112 569 (Murator.
1154 520 1240 556 Nov.
1282 521 1372 557 thes.
1412 519 1518 556 inser.
1550 519 1576 555 1.
1608 532 1644 567 p.
1680 514 1784 570 10);

172 579 281 615 docte
321 578 510 614 illustravit
553 578 599 614 Le
632 578 723 614 Beuf
765 575 891 630 (Mem.
933 578 977 614 de
1008 577 1144 614 l'Acad.
1188 579 1249 614 des
1289 579 1447 626 inscript.
1481 578 1519 614 4.
1561 578 1659 614 Tom.
1689 577 1784 616 XXI.

169 649 204 686 p.
236 631 383 688 495.];
425 648 538 684 nuper
570 637 760 673 admodum
793 640 958 673 accurate
992 636 1181 684 descripsit
1204 637 1356 674 Eduard.
1388 637 1553 673 Lambert
1585 631 1782 689 (illemoire

170 706 230 731 sur
259 707 304 731 un
336 694 512 743 piedestal
545 694 688 742 antique
720 706 835 732 connu
869 706 950 731 sous
986 696 1019 732 le
1052 707 1133 732 nom
1167 695 1211 732 de
1243 697 1383 732 marbre
1416 696 1461 732 de
1497 695 1680 742 Torigny,
1722 695 1782 732 in:

96 745 99 747 ’
169 753 356 791 Memoires
389 754 452 790 des
486 754 703 801 antiquaires
738 754 782 790 de
815 754 1040 791 Normandie.
1089 755 1187 791 Tom.
1218 754 1244 790 I.
1284 754 1391 791 Caen.
1428 753 1550 791 1833.
1581 766 1616 803 p.
1649 748 1783 806 319.)

312 829 434 866 1641.
495 827 538 868 L.
571 827 735 882 Sergius
779 827 819 868 C.
851 828 892 868 F.
924 827 1025 869 Aed.
1067 829 1098 869 II
1130 828 1200 869 vir.
1245 828 1372 870 Salvia
1412 828 1601 869 Postuma
1641 826 1783 881 Sergii.

310 883 374 940 (In
408 889 526 925 medio
561 884 704 941 πως)

306 944 349 984 L.
383 944 550 999 Sergius
582 946 626 986 L.
658 945 698 986 F.
730 944 905 999 Lepidus
936 944 1035 986 Aed.
1070 946 1134 987 Tr.
1167 946 1244 987 mil.
1273 946 1353 1000 leg.
1380 946 1522 988 XXIX.
1554 944 1684 989 Salvia
1703 944 1786 987 Po-

169 1007 295 1045 stuma
326 1003 455 1058 Sergii
488 1003 537 1044 de
569 1017 641 1045 sua
672 1005 853 1058 pecunia.

310 1058 368 1116 (Α
391 1060 578 1117 sinistra):
612 1063 679 1103 Cn.
713 1063 877 1116 Sergius
910 1063 951 1104 C.
983 1063 1023 1104 F.
1059 1062 1157 1104 Aed.
1190 1063 1221 1103 ΙΙ
1252 1064 1325 1105 vir.
1349 1064 1492 1117 Quinq.
1509 1062 1545 1119 ¹)
1579 1084 1631 1094 -·
1663 1067 1785 1106 Polae-

167 1123 423 1173 lnscriptiones
456 1136 569 1161 arcus.
618 1124 712 1161 Orel.
747 1124 871 1161 3372.

315 1199 437 1237 1642.
505 1198 560 1238 Fl.
605 1198 807 1240 Stilichoni
848 1198 892 1238 V.
937 1198 977 1239 C.
1024 1198 1078 1239 Fl.
1123 1197 1325 1240 Stilichoni
1367 1198 1645 1241 inlustrissimo
1683 1198 1786 1252 viro,

167 1257 357 1310 Magistro
390 1258 566 1310 equitum
597 1257 877 1310 peditumque,
912 1256 1053 1298 Comiti
1086 1257 1420 1309 domesticorum,
1452 1258 1628 1300 Tribuno
1660 1271 1785 1312 prae-

166 1317 321 1357 toriano
354 1321 394 1356 et
424 1316 472 1356 ab
503 1317 664 1356 ineunte
696 1320 825 1355 aetate
855 1327 929 1369 per
959 1315 1108 1369 gradus
1141 1315 1384 1356 clarissimae
1428 1317 1583 1357 militiae
1626 1317 1676 1358 ad
1708 1330 1787 1359 co-

166 1374 301 1415 lumen
341 1374 495 1428 gloriae
536 1375 803 1427 sempiternae
846 1379 885 1414 et
916 1375 1052 1428 regiae
1095 1372 1304 1415 adfinitatis
1347 1379 1510 1425 evecto,
1551 1388 1786 1429 progenero

168 1434 246 1474 divi
278 1432 491 1474 Theodosii
523 1433 664 1474 Comiti
697 1432 776 1472 divi
808 1431 1023 1473 Theodosii
1065 1431 1236 1487 Augusti
1267 1434 1305 1474 in
1338 1433 1518 1475 omnibus
1561 1434 1677 1476 bellis
1709 1434 1787 1475 ad·-

168 1504 245 1544 que
278 1492 440 1532 victoris
472 1496 512 1532 et
543 1492 591 1532 ab
623 1503 674 1533 eo
706 1491 744 1531 in
777 1490 1015 1531 adfinitatem
1047 1492 1197 1546 regiam
1240 1498 1450 1545 cooptato,
1492 1492 1676 1546 idemque
1709 1505 1785 1535 so-

168 1562 265 1592 cero
297 1550 341 1590 D.
373 1549 421 1590 N.
453 1550 616 1592 Honorii
647 1549 820 1603 Augusti
850 1548 989 1591 Africa
1021 1551 1194 1592 consiliis
1228 1552 1314 1591 eius
1347 1556 1387 1591 et
1418 1552 1650 1605 provisione
1681 1552 1787 1594 libe-

165 1614 262 1650 rata.
277 1605 318 1663 2)
351 1608 412 1649 Ex
443 1609 481 1651 S.
516 1608 556 1650 C.
590 1632 646 1638 -—
678 1611 822 1648 Romae.
871 1612 967 1648 Grut.
998 1625 1032 1660 p.
1065 1612 1161 1648 412.
1210 1613 1305 1649 Orel.
1343 1612 1465 1650 1135.

311 1687 432 1724 1643.
494 1685 545 1726 M.
580 1685 695 1726 Tillio
727 1685 779 1726 M.
813 1685 852 1725 F.
887 1686 978 1726 Ter.
994 1683 1034 1741 3)
1077 1686 1177 1727 Rufo
1208 1682 1244 1742 7
1276 1686 1356 1741 leg.
1390 1687 1478 1728 XX.
1511 1686 1595 1728 Val.
1628 1686 1785 1744 Vict.4j

166 1744 227 1786 Ex
258 1743 364 1784 CCC.
398 1743 486 1785 coh.
521 1743 585 1784 1111
616 1745 676 1784 Pr.
711 1745 751 1784 P.
785 1745 828 1784 V.
847 1741 886 1799 ⁵)
927 1746 1095 1798 Principi
1129 1750 1296 1786 castror.
1338 1746 1409 1799 Eq.
1442 1747 1481 1787 P.
1515 1744 1711 1801 exorn.⁶)
1747 1752 1787 1789 et

167 1803 282 1845 donis
315 1802 460 1844 donato
493 1803 541 1843 ab
572 1802 665 1856 Imp.
697 1803 851 1844 Severo
884 1808 923 1843 et
944 1803 1148 1845 Antonino
1180 1803 1314 1859 Augg.
1348 1805 1457 1846 hasta
1495 1818 1595 1859 pura
1634 1817 1786 1848 corona

166 1874 286 1903 aurea
315 1857 351 1919 ’7
384 1862 470 1903 coh.
502 1861 586 1902 XII.
619 1862 705 1902 urb.
740 1867 779 1902 et
810 1861 927 1916 Ivig.
959 1863 1083 1904 Evoc.
1117 1864 1249 1916 Augg.
1283 1863 1409 1905 divor.
1441 1864 1492 1905 Μ.
1525 1864 1712 1906 Antonin.
1746 1869 1786 1906 et

168 1921 371 1962 Commodi
400 1922 572 1962 Patrono
605 1921 801 1974 municipi.
833 1921 963 1962 liberti
995 1921 1036 1961 L.
1063 1922 1108 1962 D.
1133 1922 1179 1962 D.
1201 1922 1247 1961 D.
1281 1942 1337 1950 -—
1371 1920 1435 1975 (Iu
1459 1925 1601 1962 sinistro
1625 1921 1783 1978 latere}

166 1979 373 2020 Dedicavit
403 1981 489 2033 ipse
519 1979 557 2019 X
587 1979 670 2019 Kal.
701 1979 781 2019 Iun.
822 1980 913 2033 Imp.
958 1980 1161 2022 Antonino
1192 1979 1238 2020 III
1270 1980 1359 2022 Cos.
1376 1978 1417 2036 7]
1451 1987 1490 2022 et
1521 1981 1628 2022 dedit
1659 1994 1784 2035 spor-

166 2038 269 2079 tulas
300 2039 395 2079 Dec.
429 2037 488 2079 HS
519 2038 588 2079 XII
619 2038 666 2078 N.
699 2039 829 2091 plebei
857 2039 943 2079 urb.
966 2039 1027 2081 HS
1052 2039 1113 2080 VI.
1135 2040 1181 2080 N.
1215 2061 1270 2069 -—
1302 2042 1443 2080 Atinae.
1476 2042 1575 2080 Grut.
1596 2056 1631 2092 p.
1659 2042 1782 2082 1101.

167 2100 335 2137 Kellerm.
366 2100 439 2137 Lat.
471 2112 503 2136 n.
537 2100 603 2137 47.
654 2100 752 2136 Orel.
786 2100 910 2136 3457.

311 2175 433 2212 1644.
495 2173 535 2214 C.
568 2174 669 2214 Titio
703 2173 909 2215 Chresimo
940 2173 1044 2229 Aug.
1078 2174 1140 2214 lib.
1153 2171 1195 2228 ⁸)
1237 2174 1338 2215 Huic
1370 2174 1479 2217 Ordo
1511 2175 1783 2231 decurionum,

168 2231 274 2285 quod
303 2245 377 2286 pro
409 2232 536 2273 salute
569 2238 608 2272 et
638 2232 885 2286 indulgentia
916 2234 1093 2286 imperat.
1126 2233 1316 2273 Antonini
1347 2234 1403 2274 Pii
1434 2234 1573 2276 Felicis
1606 2234 1711 2291 Aug.
1742 2242 1782 2278 et

168 2287 274 2346 ex9)
306 2291 510 2332 voluntate
553 2292 685 2345 populi
727 2304 869 2332 munus
911 2291 1077 2332 familiae
1119 2291 1377 2345 gladiatoriae
1419 2305 1472 2333 ex
1502 2295 1671 2347 pecunia
1710 2307 1782 2337 sua

169 2348 270 2390 diem
302 2351 498 2403 privatum
530 2351 750 2391 secundum
784 2350 1011 2403 dignitatem
1045 2350 1224 2391 coloniae
1257 2350 1448 2402 ediderit,
1490 2352 1684 2394 honorem
1716 2354 1783 2394 bi-

167 2409 254 2450 selli
285 2421 365 2461 quo
398 2410 484 2462 quis
517 2410 664 2462 optimo
697 2409 882 2462 exemplo
914 2410 953 2449 in
986 2409 1140 2450 colonia
1172 2409 1320 2450 Suessa
1352 2410 1486 2452 habuit
1519 2417 1558 2452 et
1590 2417 1632 2453 ut
1653 2425 1782 2466 aquae

168 2467 313 2522 digitus
354 2468 395 2508 in
426 2468 542 2509 domo
586 2469 671 2508 eius
711 2468 855 2508 flueret
895 2467 1195 2520 commodisque
1235 2468 1403 2521 publicis
1447 2482 1493 2511 ac
1530 2471 1564 2511 si
1603 2471 1779 2513 Decurio

168 2526 370 2568 frueretur
401 2531 441 2567 et
472 2527 573 2568 Titio
607 2527 812 2568 Chresimo
844 2526 925 2568 filio
957 2528 1044 2567 eius
1077 2527 1126 2568 oh
1158 2528 1296 2568 merita
1327 2529 1448 2581 patris
1479 2529 1674 2572 honorem
1693 2530 1780 2572 De-

313 2687 347 2732 1)
375 2691 642 2735 quinquennalis.
679 2708 712 2713 -
739 2689 778 2734 2)
805 2702 822 2724 a
849 2691 1028 2734 tyrannide
1057 2689 1205 2723 Gildonis
1230 2702 1262 2735 p.
1282 2690 1359 2726 Chr.
1379 2691 1456 2726 399.
1483 2710 1528 2715 —-
1552 2690 1590 2736 3)
1618 2692 1778 2729 Terentia

169 2737 267 2771 tribu.
299 2754 340 2759 —-
375 2737 414 2778 4)
439 2738 588 2771 Valentis
612 2739 776 2772 Victricis.
812 2755 856 2759 —
892 2736 930 2780 5)
957 2738 1005 2771 Ex
1032 2739 1218 2771 tercenario
1245 2739 1393 2772 cohortis
1418 2745 1558 2783 quartae
1582 2743 1776 2785 praetoriae

169 2784 251 2818 Piae
275 2784 433 2818 Vindicis.
460 2803 504 2807 -
528 2784 565 2827 6)
593 2796 681 2830 equo
699 2786 836 2830 publico
854 2791 1028 2818 exornato.
1054 2801 1098 2806 —-
1124 2782 1161 2825 7)
1179 2791 1255 2829 post
1274 2784 1351 2820 Chr.
1370 2786 1448 2819 208.
1478 2805 1517 2809 —
1545 2785 1584 2830 8)
1602 2788 1651 2822 Ita
1669 2788 1775 2823 Smet.

171 2833 311 2864 restituit
334 2831 467 2875 Zumpt.
494 2832 632 2876 reliqui:
663 2832 745 2876 Any.
772 2833 818 2866 II.
844 2831 935 2876 quod
963 2831 1049 2864 male
1074 2831 1263 2874 explicatur
1286 2832 1483 2876 Auyuslales
1507 2835 1643 2878 iterum,
1671 2847 1775 2880 quum

171 2877 374 2922 Augustales
399 2885 436 2912 ut
460 2881 597 2912 omnino
622 2890 739 2913 omnes
765 2879 960 2912 sacerdotes
986 2878 1074 2922 apud
1110 2878 1280 2914 Romanos
1309 2882 1465 2924 perpetui
1489 2881 1624 2917 fuerint.
1658 2899 1704 2907 --
1734 2881 1774 2926 9)

172 2935 212 2958 ex
237 2926 398 2959 omittitur
423 2926 512 2971 apud
538 2926 640 2961 Smet.
666 2927 831 2971 probante
855 2926 1020 2968 Zumptio.
