1877 3313
208 173 294 216 344
654 168 759 202 Inscr.
783 167 959 213 profanae.
1010 166 1091 212 Cap.
1119 167 1159 201 II.
1209 167 1367 202 Tabulae.

208 277 307 327 Quei
339 288 475 317 eorum
507 274 557 316 de
587 274 737 316 maiore
766 280 879 328 parte
902 275 1165 328 Langensuin,
1197 274 1415 315 Veiturium
1439 275 1631 316 sententia
1655 274 1708 317 ita
1726 287 1805 317 non

206 335 381 389 parebit,
412 335 446 375 is
479 346 566 375 eum
598 346 735 388 agrum
766 335 830 373 nei
861 333 1027 383 habeto,
1060 334 1150 373 nive
1182 332 1378 374 fruimino.

352 405 398 444 V.
461 404 565 452 Quei
607 415 705 458 ager
744 415 1004 457 compascuos
1037 404 1132 452 erit,
1174 404 1211 443 in
1253 415 1301 443 eo
1333 415 1453 457 agro,
1495 403 1701 456 quominus
1731 416 1808 457 pe-

207 460 451 516 cuascere¹)
484 462 684 503 Genuates
715 463 996 514 Veituriosque
1017 461 1145 512 liceat,
1176 463 1225 501 ita
1254 462 1335 502 utei
1361 462 1398 501 in
1431 465 1566 503 cetero
1598 474 1698 515 agro
1722 462 1807 503 Ge-

206 523 316 563 nuati
348 533 603 574 compascuo,
634 521 673 560 ni
704 521 791 573 quis
822 520 1044 574 prohibeto,
1077 521 1166 560 nive
1199 521 1284 572 quis
1317 520 1392 560 vim
1418 519 1536 560 facito
1548 533 1560 569 ;
1592 521 1682 560 nive
1708 532 1808 573 pro-

208 580 343 621 hibeto
376 580 586 632 quominus
628 591 680 619 ex
721 591 770 620 eo
812 591 909 631 agro
950 579 1054 631 ligna
1093 579 1344 618 materiamve
1376 583 1530 619 sumant
1559 583 1807 631 utamurque.

206 639 387 692 Vectigal
419 638 507 678 anni
539 638 664 690 primi,
696 636 739 677 Κ.
772 637 940 677 ianuaris
969 637 1167 688 secundis,
1198 637 1355 677 Veturis
1385 636 1616 690 Langenses
1642 637 1681 676 in
1704 649 1808 690 pop-

206 697 340 738 lucum
371 695 549 737 Genuam
583 695 677 736 dare
708 695 893 745 debonis),
926 694 1030 746 quod
1062 700 1151 735 ante
1183 694 1227 734 K.
1261 696 1410 735 ianuar.
1441 696 1587 748 primas
1617 695 1811 750 Langen-

208 767 276 798 ses
309 754 428 795 fructi
459 759 550 795 sunt
581 759 789 807 eruntque.
850 753 1027 806 Vectigal
1064 753 1197 793 invitei
1231 753 1324 794 dare
1356 754 1419 792 nei
1451 752 1636 794 debento.
1682 754 1810 804 Prata,

213 826 316 867 quae
347 813 509 854 suerunt
540 825 733 866 proxuma
765 808 1045 866 faenisicei23,
1077 811 1119 850 L.
1153 811 1323 852 Caecilio
1357 811 1402 858 Q.
1436 811 1594 852 Muucio
1626 824 1730 862 cos,
1771 813 1810 852 in

211 885 311 926 agro
342 872 525 924 poplico‚
557 883 674 923 quem
706 871 876 910 Vituries
907 869 1151 923 Lamgenses
1183 870 1381 922 posident,
1412 874 1452 909 et
1482 882 1600 922 quem
1634 869 1810 919 Odiates,

209 935 250 971 et
281 942 399 983 quem
440 929 704 979 Dectunines‚
748 934 786 968 et
827 941 945 981 quem
989 928 1282 978 Cavaturineis,
1325 933 1363 967 et
1405 940 1521 980 quem
1561 928 1811 969 Mentovines

208 988 409 1044 posident‚
443 1000 489 1027 ea
520 992 643 1040 prata,
674 987 803 1027 invitis
835 987 1106 1040 Langensibus
1140 991 1179 1025 et
1210 986 1403 1026 Otiatibus
1435 990 1474 1025 et
1503 986 1812 1037 Dectuninebus,

210 1053 253 1088 et
286 1047 546 1087 Cavaturines
588 1051 627 1085 et
659 1045 927 1093 Mentovines,
960 1057 1076 1097 quem
1108 1046 1275 1097 quisque
1308 1057 1446 1085 eorum
1479 1056 1614 1098 agrum
1648 1044 1813 1097 poside-

209 1106 289 1157 bit,
321 1105 478 1145 inviteis
512 1105 592 1154 eis,
626 1106 663 1144 ni
696 1105 781 1156 quis
814 1104 934 1153 sicet,
978 1105 1069 1142 nive
1102 1108 1256 1156 pascat,
1290 1103 1378 1142 nive
1411 1102 1585 1153 fruatur,
1616 1104 1675 1143 sei
1705 1103 1813 1143 Lan-

209 1176 358 1218 gueses
391 1161 441 1217 (l.
473 1163 757 1216 Langenses),
791 1167 857 1202 aut
890 1161 1078 1211 Odiates,
1110 1166 1175 1201 aut.
1206 1161 1470 1210 Dectunines,
1511 1166 1575 1201 aut
1608 1161 1814 1202 Cavaturi-

209 1235 307 1274 nes,
339 1227 405 1263 aut
435 1221 682 1262 Mentovines
714 1221 859 1260 malent
889 1221 927 1260 in
961 1233 1010 1260 eo
1043 1232 1140 1273 agro
1172 1219 1246 1259 alia
1279 1225 1388 1272 prata
1420 1219 1638 1270 inmittere,
1671 1219 1814 1260 desen-

211 1281 323 1332 dere,
355 1281 497 1331 sicare,
531 1279 567 1320 id
600 1280 651 1319 uti
683 1278 819 1319 facere
847 1279 974 1328 liceat,
1009 1277 1151 1318 dumne
1182 1278 1408 1330 ampliorem
1432 1277 1589 1318 modum
1611 1283 1813 1332 pratorum

210 1339 404 1390 habeant,
436 1351 551 1392 quam
583 1350 774 1391 proxuma
807 1341 954 1378 aestate
988 1336 1225 1385 habuerunt,
1260 1336 1456 1388 fractique
1488 1342 1590 1377 sunt.

351 1408 412 1449 VI.
474 1409 665 1459 Vituries‚
698 1408 789 1459 quei
822 1407 1119 1448 controvorsias
1153 1407 1417 1447 Genuensium
1452 1407 1502 1447 ob
1534 1408 1721 1448 iniourias
1752 1407 1817 1447 iu·-

214 1467 332 1508 dicati
363 1473 430 1508 aut
462 1466 629 1507 damnati
661 1471 772 1515 sunt,
812 1466 871 1505 sei
913 1465 998 1516 quis
1038 1466 1074 1504 in
1115 1465 1308 1505 vinculeis
1341 1465 1390 1505 ob
1424 1478 1491 1505 eas
1523 1478 1590 1505 res
1621 1470 1704 1516 est,
1744 1478 1815 1506 eos

216 1526 369 1567 omneis
400 1524 549 1575 solvei,
582 1525 725 1575 mittei,
758 1523 976 1575 leiberique
1010 1523 1242 1562 Genuenses
1259 1520 1298 1576 3]
1332 1522 1486 1563 ridetur
1518 1528 1704 1576 oportere
1726 1528 1816 1564 ante

215 1584 329 1625 eidus
361 1583 519 1625 Sextilis
553 1583 707 1635 primas.
769 1582 833 1623 Sei
865 1582 958 1634 quoi
990 1581 1038 1621 de
1071 1593 1116 1620 ea
1149 1593 1192 1620 re
1224 1581 1369 1633 iniqom
1404 1581 1600 1622 videbitur
1631 1594 1736 1632 esse,
1767 1581 1817 1622 ad

215 1655 291 1683 nos
323 1641 466 1683 adeant
496 1642 622 1692 primo
655 1652 813 1692 quoque
846 1639 932 1690 die,
965 1644 1003 1678 et
1034 1640 1081 1679 ab
1111 1639 1293 1679 omnibus
1325 1640 1595 1680 controversis
1628 1645 1666 1680 et
1697 1639 1814 1680 hono.

212 1700 319 1755 publ.
351 1697 524 1753 li....4)
559 1722 613 1727 ——
645 1696 797 1753 Leg.⁵)
833 1697 949 1738 Moco
991 1698 1198 1738 Meticanio
1240 1697 1424 1738 Meticoni
1455 1698 1509 1749 F„
1541 1697 1706 1739 Plaucus
1737 1699 1816 1739 Pe-

212 1759 305 1800 liani
335 1758 483 1799 Pelioni
521 1758 562 1798 F.

275 1886 517 1920 Sententia
545 1886 592 1919 dc
619 1885 792 1919 finibus
819 1886 932 1918 inter
958 1884 1215 1926 Anticyram
1243 1889 1283 1917 et
1309 1883 1504 1927 Delphos
1530 1883 1756 1928 regundis.

359 1993 482 2031 1731.
544 1994 689 2042 Delphis
721 1994 755 2030 in
796 1994 913 2029 tabula
947 2003 1142 2029 marmorea
1186 2003 1314 2038 magna
1357 2004 1402 2028 ex
1443 1997 1545 2040 parte
1585 1992 1665 2029 solo
1697 1992 1815 2029 infixa.

213 2053 369 2091 Additur
403 2054 535 2090 ibidem
569 2053 751 2100 inscriptio
794 2063 924 2098 graeca
957 2063 1027 2087 non
1067 2062 1112 2087 ex
1155 2050 1220 2086 hac
1263 2051 1369 2087 latina
1411 2051 1641 2098 inscriptione
1682 2063 1816 2097 graece

212 2123 318 2148 versa
350 2112 412 2148 sed
454 2111 571 2148 similis
605 2111 825 2158 argumenti,
868 2109 1077 2146 sententiam
1121 2109 1302 2145 continens
1347 2109 1389 2145 de
1433 2109 1557 2145 finibus
1600 2109 1815 2156 Delphorum

213 2181 338 2206 versus
360 2170 660 2218 Amphissensium
684 2174 824 2205 terram.
867 2169 1022 2215 Utraque
1042 2179 1146 2204 verso
1175 2167 1348 2203 sententia
1377 2172 1411 2203 et
1440 2180 1481 2203 ea
1510 2179 1601 2214 quae
1622 2167 1815 2215 Delphicae

213 2228 533 2276 Anticyrensisque
563 2233 597 2264 et
629 2240 669 2263 ea
691 2239 781 2274 quae
803 2226 1066 2274 Amphisseusis
1087 2226 1353 2273 Delphicaeque
1377 2230 1493 2262 terrae
1514 2226 1603 2262 fines'
1622 2226 1815 2271 constituit,

215 2287 405 2324 occasione
424 2288 493 2323 litis
515 2288 582 2323 lata
601 2291 653 2322 est
671 2286 712 2321 ab
731 2286 848 2321 iudice
865 2285 1020 2333 partibus
1039 2285 1121 2320 dato
1141 2295 1204 2332 per
1226 2285 1476 2330 imperatorem
1499 2295 1694 2328 romanum,
1719 2284 1814 2331 quod

213 2345 281 2393 ipsi
304 2345 393 2381 tituli
413 2346 555 2382 docent.
597 2344 880 2391 Transcripserat
897 2344 978 2379 olim
1002 2343 1170 2388 Cyriacus
1192 2354 1225 2389 p.
1247 2341 1395 2377 XXVIII
1419 2355 1450 2378 n.
1478 2342 1568 2378 197.
1600 2343 1654 2378 Ex
1676 2342 1814 2388 Cyriaci

215 2403 357 2441 schedis
391 2403 586 2440 Barberinis
629 2403 773 2438 latinum
815 2402 949 2438 titulum
993 2401 1091 2437 dedit
1130 2401 1296 2436 Murator.
1330 2401 1426 2436 Tom.
1467 2401 1508 2437 II.
1541 2413 1574 2448 p.
1607 2400 1700 2436 598.
1761 2401 1815 2436 Ex

216 2472 353 2508 graeco
387 2462 492 2497 titulo
525 2460 746 2506 undeviginti
778 2465 909 2496 tantum
948 2459 1066 2495 literas
1109 2459 1206 2495 dedit
1237 2458 1419 2504 Clarkius,
1451 2459 1547 2495 latini
1579 2470 1643 2494 sex
1674 2458 1813 2507 priores

216 2531 340 2555 versus
373 2514 562 2571 (Itinerar.
594 2520 628 2555 P.
652 2519 692 2555 II.
724 2520 759 2554 S.
792 2519 849 2554 III.
874 2531 907 2566 p.
937 2512 1064 2568 193);
1095 2517 1229 2565 plenius
1262 2521 1447 2564 utrumque
1479 2516 1688 2553 Dodwellus
1721 2511 1814 2568 (tn-

215 2589 333 2615 nerar.
365 2578 462 2614 Tom.
494 2578 519 2614 1.
550 2590 583 2625 p.
620 2572 738 2627 174).
798 2577 990 2623 Utrumque
1023 2575 1107 2612 solis
1140 2575 1318 2611 Muratorii
1350 2579 1385 2610 ct
1425 2575 1602 2611 Dodwelli
1644 2575 1813 2623 exemplis

216 2647 300 2672 usus
332 2637 498 2672 tractavit
540 2636 699 2671 Graeiius
732 2635 811 2671 Act.
854 2635 965 2670 Acad.
1012 2635 1153 2681 Petrop.
1195 2634 1291 2669 Tom.
1335 2633 1414 2669 VIII
1456 2645 1490 2681 p.
1524 2633 1618 2669 679.
1667 2633 1815 2680 Recepit

217 2695 324 2731 etiam
355 2695 462 2731 Orell.
493 2693 616 2730 3671.
651 2693 810 2730 Omnium
844 2693 978 2741 optime
1009 2693 1138 2738 edidit,
1170 2691 1356 2728 illustravit
1390 2696 1425 2727 et
1455 2691 1637 2739 supplevit
1668 2691 1813 2728 Boeck-

359 2864 395 2909 1]
419 2877 516 2911 pecus
550 2877 660 2899 asc-ere
692 2864 781 2899 Orel.
819 2883 859 2888 —
893 2863 930 2907 2]
953 2866 1141 2907 saenisiscc.
1179 2863 1269 2899 Orel.
1304 2880 1347 2884 —
1381 2862 1419 2903 3)
1453 2863 1611 2896 mendum
1636 2862 1813 2906 scalptoris

220 2912 481 2946 emendandum:
509 2912 706 2956 liberarique
730 2924 751 2945 a
779 2913 1008 2946 Genuensibus.
1035 2930 1078 2935 -—
1104 2911 1143 2955 4)
1168 2911 1333 2955 quendmn
1357 2911 1501 2943 videtur:
1525 2915 1553 2942 cl
1577 2909 1724 2942 ouer-ibus
1746 2920 1813 2953 pu·-

220 2957 316 2991 blicis
340 2959 433 2992 liberi
457 2960 531 2993 sint.
558 2978 600 2982 —-
628 2960 666 3002 5)
693 2959 804 3003 legati.
