1877 3313
464 119 495 161 §.
515 118 546 153 3.
595 117 780 164 Appendix
802 118 915 162 legum
943 123 978 152 et
1001 119 1380 155 senatusconsultorum.
1642 112 1728 161 303

109 225 321 267 Marcellus
353 225 493 266 consul
525 239 561 266 v.
594 225 621 266 f.
641 224 678 282 ¹)
722 225 772 268 de
804 225 1019 280 provinciis
1052 226 1341 279 consularibus,
1374 226 1411 267 d.
1445 238 1481 268 e.
1513 239 1545 269 r.
1577 226 1602 268 i.
1635 223 1727 282 c.²)

111 285 173 326 Uti
213 283 255 326 L.
286 285 429 326 Paulus
463 284 505 326 C.
538 284 751 326 Marcellus
786 284 897 327 Coss.
932 297 1019 326 eum
1052 286 1325 340 magistratum
1367 287 1569 339 iniissent,
1608 299 1661 326 ex
1691 299 1725 327 a.

111 343 148 384 d.
180 343 256 384 kal.
289 344 401 385 Mart.
445 356 549 397 quae
580 344 618 384 in
652 357 725 385 suo
757 345 990 399 magistratu
1030 343 1186 385 futurae
1219 351 1377 396 essent,
1420 345 1470 386 de
1503 345 1730 388 consulari-

112 403 191 444 bus
224 403 441 456 provinciis
474 403 523 444 ad
564 408 746 444 senatum
788 403 1009 452 reserrent3
1050 416 1153 443 neve
1196 404 1289 457 quid
1329 406 1438 459 prius
1481 417 1533 446 ex
1577 402 1632 460 [a.
1674 403 1732 460 d.]

110 461 187 502 kal.
224 462 339 503 Mart.
373 461 421 503 ad
453 467 634 504 senatum
675 461 899 512 referrent3
941 474 1044 502 neve
1086 462 1178 515 quid
1222 464 1461 505 coniunctim
1505 465 1553 506 de
1595 477 1643 506 ea
1681 477 1728 506 re

110 520 337 562 referretur
381 534 403 561 a
435 521 688 570 consulibus3
730 522 868 574 utique
913 523 999 561 eius
1041 522 1100 561 rei
1133 534 1252 563 eausa
1291 535 1363 577 per
1395 523 1480 564 dies
1512 523 1730 565 comitiales

111 585 295 621 senatum
327 580 533 632 haberent,
567 593 599 621 s,
632 593 668 633 q.
702 577 791 633 c.3)
824 580 1028 629 facerent;
1061 585 1099 621 et
1132 594 1251 634 quum
1283 583 1334 622 de
1367 595 1413 623 ea
1445 595 1490 623 re
1521 582 1571 622 ad
1603 595 1730 624 sena-

111 643 190 680 tum
224 637 447 680 referretur
479 652 500 680 a
534 638 670 689 Coss„
713 652 856 680 eorum
900 640 966 692 qui
1009 640 1046 680 in
1081 639 1174 680 CCC
1214 639 1408 682 iudicibus
1451 646 1611 693 essent,
1654 654 1729 683 sex

0 701 1 711 ¹
69 754 71 756 -
112 697 315 739 adducere
330 695 372 752 4)
405 698 567 747 liceret3
600 699 632 739 si
665 697 756 752 quid
790 698 839 739 de
873 711 920 739 ea
951 710 996 739 re
1019 697 1066 738 ad
1090 699 1277 752 populum
1301 701 1507 753 plebemve
1527 700 1606 742 lato
1628 713 1729 755 opus

113 761 252 809 esset,
294 757 350 797 uti
388 756 475 798 Ser.
518 756 715 811 Sulpicius
756 756 807 797 M.
849 757 1060 799 Marcellus
1104 770 1209 799 coss.
1251 764 1462 812 praetores
1502 760 1730 814 tribunique

111 816 258 870 plebei,
291 815 436 868 quibus
469 829 611 858 eorum
643 815 861 868 videretur,
893 815 941 858 ad
972 816 1161 871 populum
1184 817 1392 871 plebemve
1413 818 1588 860 ferrent:
1620 819 1731 873 quod

110 876 138 976 {j
170 887 249 917 non
271 875 464 990 tullisapnt),
498 875 566 928 uti,
594 876 822 929 quicunque
847 875 1037 930 deinceps
1062 881 1210 930 essent,
1243 877 1290 918 ad
1313 878 1496 932 populum
1519 878 1730 933 plebemve

128 938 275 976 errent.
327 966 334 974 .
404 939 436 974 ‚³

251 1004 294 1046 Il.
326 1004 429 1046 Prid.
462 1005 539 1046 kal.
563 1006 703 1047 Octob.
736 1007 774 1047 in
807 1005 906 1047 aede
938 1006 1144 1060 Apollinis.
1176 1007 1299 1049 Scrib.
1332 1009 1533 1051 affuerunt
1563 1010 1607 1051 L.
1640 1009 1730 1052 Do-

111 1064 240 1106 mitius
273 1064 343 1105 Cn.
376 1064 417 1105 F.
446 1064 538 1105 Fab.
571 1065 881 1116 Ahenobarbus,
916 1066 960 1114 Q.
994 1066 1187 1108 Caecilius
1220 1067 1265 1116 Q.
1298 1068 1390 1109 Fab.
1424 1069 1605 1111 Metellus
1637 1070 1728 1112 Pius

111 1123 268 1178 Scipio,
310 1123 352 1164 L.
386 1123 524 1166 Villius
557 1124 600 1165 L.
633 1124 674 1165 F.
708 1125 814 1165 Pom.
849 1125 1035 1175 Annalis,
1079 1125 1119 1166 C.
1159 1126 1370 1180 Septimius
1404 1128 1447 1169 T.
1479 1129 1520 1169 F.
1555 1129 1730 1182 Quirina,

113 1183 155 1224 C.
187 1183 420 1225 Scribonius
453 1183 494 1224 C.
528 1183 567 1224 F.
601 1183 695 1238 Pop.
730 1184 872 1235 Curio,
915 1184 956 1225 L.
1000 1185 1156 1226 Atteius
1199 1185 1240 1226 L.
1280 1186 1320 1227 F.
1365 1185 1439 1228 An.
1474 1187 1636 1242 Capito,
1676 1189 1728 1231 Μ.

111 1242 262 1296 Eppius
293 1242 344 1284 M.
376 1242 417 1283 F.
452 1242 678 1283 Terentina.
723 1242 837 1291 Quod
868 1243 919 1284 M.
953 1243 1164 1284 Marcellus
1196 1256 1278 1286 cos.
1313 1259 1348 1286 v.
1371 1245 1395 1286 f.
1420 1245 1469 1287 de
1502 1247 1730 1300 provinciis,

113 1301 150 1342 d.
183 1314 219 1343 e.
251 1314 282 1342 r.
326 1302 349 1342 i.
382 1314 416 1342 c.
461 1302 648 1344 Senatum
691 1303 921 1343 existimare
964 1303 1161 1343 neminem
1204 1316 1345 1345 corum
1385 1305 1452 1359 qui
1494 1310 1732 1358 potestatem

112 1360 259 1402 liabent
290 1360 565 1402 intercedendi
597 1360 848 1414 impediendi,
881 1375 1031 1402 moram
1065 1361 1210 1402 afferre
1243 1367 1456 1416 oportere,
1488 1377 1570 1417 quo
1602 1366 1730 1408 minus

113 1420 164 1461 de
195 1433 227 1461 r.
260 1432 296 1473 p.
337 1433 373 1473 p.
408 1432 440 1460 r.
475 1416 577 1474 ΟΨ)
620 1419 669 1460 ad
710 1425 890 1460 senatum
938 1420 1084 1461 referri
1125 1422 1335 1474 senatique
1378 1423 1602 1465 consultum
1644 1424 1730 1466 sieri

112 1480 260 1533 possit3
293 1480 359 1532 qui
390 1477 614 1532 impedierit
653 1479 923 1531 prohibuerit,
965 1492 1055 1520 eum
1098 1485 1276 1520 senatum
1321 1482 1548 1523 existimare
1593 1489 1733 1526 contra

110 1538 396 1592 rempublicam
429 1537 589 1578 fecisse.
624 1538 664 1580 Si
688 1539 775 1591 quis
808 1538 896 1579 huic
929 1551 959 1579 s.
982 1553 1015 1580 c.
1039 1539 1350 1592 intercessisset,
1382 1542 1540 1583 senatui
1572 1543 1734 1596 placere

111 1597 389 1639 auctoritatem
421 1597 635 1651 perscribi,
668 1601 707 1637 et
740 1596 789 1638 de
821 1611 868 1638 ea
900 1610 945 1638 re
976 1597 1023 1639 ad
1056 1603 1236 1640 senatum
1269 1600 1542 1654 populumque
1572 1602 1730 1645 referri.

114 1680 165 1687 -—
198 1657 298 1698 Huic
330 1669 362 1698 s.
397 1670 430 1697 c.
464 1657 692 1698 intercessit
725 1657 765 1698 C.
801 1656 986 1710 Coelius,
1029 1657 1069 1698 L.
1103 1658 1299 1711 Vinicius,
1342 1659 1380 1701 P.
1414 1659 1645 1716 Cornelius,
1688 1662 1729 1705 C.

111 1716 250 1758 Vibius
281 1716 421 1768 Pansa,
453 1716 561 1757 Trib.
593 1716 645 1770 pl.

253 1787 313 1829 IH.
375 1787 469 1829 Item
502 1787 657 1829 senatui
690 1787 848 1841 placere
881 1787 930 1829 (le
963 1788 1145 1830 militibus
1178 1790 1245 1842 qui
1275 1790 1314 1830 in
1347 1793 1527 1833 exercitu
1559 1791 1601 1833 C.
1626 1792 1734 1836 Cae-

111 1847 214 1889 saris
246 1850 356 1888 sunt:
389 1847 457 1900 qui
489 1859 627 1888 eorum
660 1847 855 1901 stipendia
887 1849 1051 1889 emerita
1082 1852 1151 1889 aut
1182 1861 1338 1902 causas,
1371 1851 1516 1904 quibus
1549 1851 1599 1892 de
1630 1865 1732 1895 cau-

112 1907 167 1949 sis
200 1906 310 1948 missi
340 1905 427 1947 fieri
458 1905 650 1958 debeant,
682 1905 870 1958 habeant,
902 1906 951 1948 ad
984 1906 1087 1948 hune
1119 1906 1300 1949 ordinem
1330 1909 1489 1962 referri,
1520 1916 1563 1952 ut
1595 1923 1734 1953 eorum

112 1966 213 2007 ratio
254 1965 448 2007 habeatur
489 1978 715 2018 causaeque
758 1971 1068 2020 cognoscantur.
1131 1967 1171 2009 Si
1212 1968 1298 2021 quis
1340 1968 1430 2009 huic
1470 1981 1502 2010 s.
1536 1982 1570 2011 c.
1603 1970 1733 2012 inter-

114 2025 319 2078 cessisset,
351 2025 508 2066 senatui
537 2025 697 2078 placere
730 2026 1005 2067 auctoritatem
1036 2025 1232 2079 perscribi
1264 2030 1303 2067 et
1334 2025 1384 2068 de
1416 2039 1464 2068 ea
1490 2040 1535 2069 re
1557 2028 1606 2070 ad
1628 2030 1734 2072 hunc

114 2084 294 2126 ordinem
325 2083 483 2125 referri.
517 2108 571 2113 —
605 2084 705 2125 Huic
736 2097 768 2126 s.
803 2097 836 2125 c.
869 2085 1095 2126 intercessit
1127 2085 1168 2126 C.
1203 2084 1372 2139 Coelius,
1408 2087 1448 2128 C.
1480 2087 1622 2141 Pansa,
1654 2090 1732 2131 tri-

112 2143 209 2185 buni
241 2143 292 2198 pl.

253 2213 330 2255 1111.
391 2214 568 2267 Itemque
601 2215 753 2256 senatui
786 2215 947 2269 placere
978 2216 1016 2256 in
1049 2214 1218 2256 Ciliciam
1260 2217 1527 2270 provinciam,
1567 2219 1606 2259 in
1639 2223 1732 2262 octo

113 2273 288 2328 reliquas
319 2274 559 2328 provincias,
591 2286 692 2326 quas
723 2275 913 2328 praetorii
944 2288 1017 2328 pro
1049 2279 1236 2328 praetore
1269 2276 1515 2329 obtinerent,
1548 2290 1634 2331 eos,
1667 2280 1734 2332 qui

114 2337 323 2387 praetores
355 2332 541 2385 fuerunt,
586 2345 718 2387 neque
751 2335 787 2374 in
821 2334 1036 2388 proviciam
1076 2346 1165 2375 cum
1207 2334 1372 2388 imperio
1404 2335 1587 2388 fuerunt,
1631 2350 1732 2390 quos

115 2404 255 2433 eorum
287 2405 341 2434 ex
372 2405 403 2434 s.
437 2405 471 2433 c.
505 2405 595 2433 cum
626 2393 793 2446 imperio
825 2394 863 2434 in
895 2393 1120 2447 provincias
1152 2405 1225 2447 pro
1256 2399 1442 2447 praetore
1474 2396 1571 2437 mitti
1603 2408 1733 2450 opor-

114 2455 231 2504 teret,
263 2463 335 2493 eos
366 2452 506 2493 sortito
537 2452 576 2492 in
607 2452 835 2506 provincias
867 2453 965 2493 mitti
995 2452 1176 2506 placere:
1210 2453 1244 2494 si
1276 2466 1329 2493 ex
1360 2466 1410 2495 eo
1443 2466 1610 2497 numero
1630 2468 1732 2510 quos

116 2522 169 2551 ex
197 2523 229 2552 s.
261 2524 294 2552 c.
327 2511 367 2551 in
398 2511 624 2564 provincias
665 2511 725 2552 ire
757 2516 985 2566 oporteret,
1027 2510 1074 2551 ad
1107 2524 1314 2553 numerum
1352 2525 1430 2554 non
1463 2518 1622 2566 essent,
1663 2515 1733 2568 qui

116 2569 157 2610 in
187 2581 256 2612 eas
287 2571 513 2624 provincias
544 2570 913 2623 proficiscerentur:
956 2575 1037 2612 tum
1079 2571 1134 2611 uti
1173 2570 1361 2624 quodque
1402 2572 1614 2626 collegium
1645 2574 1733 2627 pri-

116 2641 223 2670 mum
263 2633 492 2683 praetorum
533 2629 699 2680 fuisset,
742 2642 875 2682 neque
916 2630 954 2670 in
996 2630 1223 2684 provincias
1264 2630 1435 2684 profecti
1477 2636 1636 2684 essent,
1677 2634 1730 2675 ita

117 2692 226 2729 sorte
255 2689 294 2730 in
325 2689 571 2743 provinciam
601 2689 977 2743 proficiscerentur:
1021 2690 1055 2730 si
1084 2689 1109 2730 ii
1142 2688 1191 2730 ad
1223 2702 1430 2731 numerum
1471 2702 1551 2732 non
1581 2697 1732 2746 essent,

261 2853 296 2897 1)
322 2855 427 2889 verba
452 2855 545 2890 fecit.
572 2873 613 2878 —
649 2853 688 2898 2)
715 2855 757 2889 de
784 2866 825 2889 ea
850 2866 887 2889 re
912 2857 956 2890 ita
982 2862 1199 2890 censuerunt.
1227 2874 1264 2879 —
1293 2854 1332 2899 3)
1358 2861 1564 2900 senatusque
1589 2857 1728 2891 consul-

120 2904 201 2934 tum.
234 2918 280 2924 -—
314 2900 353 2945 4)
378 2903 492 2937 locum
517 2909 713 2947 corruptum
747 2901 893 2937 Orellius
928 2905 974 2937 ita
1008 2904 1249 2947 corrigendum
1283 2904 1435 2937 coniicit:
1467 2915 1520 2937 eos
1544 2914 1585 2937 ex
1607 2904 1732 2939 iudicio

119 2945 286 2983 abducere.
312 2967 353 2974 —
380 2947 418 2993 5)
443 2951 635 2985 intercessit
658 2960 771 2986 nemo.
797 2967 841 2973 —
868 2948 906 2994 6)
931 2961 969 2986 re
994 2950 1131 2996 publica
1154 2950 1274 2996 populi
1297 2951 1428 2987 romani
1452 2949 1630 2994 Quritium.
