1877 3313
655 191 687 233 ς.
713 192 744 226 1.
793 191 901 236 Leges
927 196 961 225 et
985 190 1173 236 plebiscita.
1629 187 1715 231 219

109 300 199 352 rint,
228 299 267 340 in
299 297 438 340 diebus
469 298 507 339 X
536 299 802 352 proxsumeiS,
833 295 1002 354 qu[ibus
1034 297 1084 338 de
1117 311 1164 339 ea
1196 311 1241 340 re
1271 299 1310 340 in
1341 299 1430 341 inus
1452 296 1596 338 aditum
1628 295 1718 346 erit,

110 371 162 399 ex
193 356 368 415 ci]vibus
386 358 429 410 L,
461 359 553 411 quei
586 357 725 399 classis
755 359 904 411 primae
925 358 1039 408 sient,
1071 357 1123 398 XI
1144 357 1246 407 dato,
1273 357 1365 398 inde
1383 357 1558 398 alternos
1581 355 1716 397 du....

111 414 304 472 [queique
336 418 388 457 ita
420 416 498 457 dati
531 422 666 466 erunt,
710 417 745 457 ei
778 416 827 456 de
869 428 915 457 ea
947 417 1118 469 pequnia
1150 416 1356 457 iudicanto.
1401 415 1599 467 Quodque
1631 414 1718 455 eius

107 477 142 517 is
174 476 282 517 unde
312 480 483 529 petetur,
517 475 800 516 condemnatus
822 476 909 525 erit,
945 487 1028 516 cos.
1051 488 1108 528 pr.
1133 487 1258 528 prove
1278 488 1336 528 pr.
1362 474 1494 525 facito,
1525 473 1608 514 utei
1629 473 1718 526 pri-

106 547 172 576 mo
206 547 368 588 quoque
400 534 462 574 die
495 535 542 575 ab
575 547 624 575 eo
658 534 758 574 deve
790 535 904 575 bonis
945 534 1032 574 eius
1065 532 1304 589 exsigatun]
1349 533 1461 582 Quae
1492 544 1558 572 res
1590 532 1718 572 soluta

110 590 209 647 [non
240 594 338 643 siet,
381 594 472 633 inve
504 591 669 648 iudicio]
705 605 782 634 non
825 594 924 643 siet,
966 593 1187 633 iudicatave
1230 606 1308 634 non
1350 593 1447 642 siet,
1490 590 1598 644 quod
1631 591 1718 631 eius

106 652 457 706 praevaricationis
480 648 513 705 ¹]
553 647 692 705 [causa
725 652 893 693 solutum
928 664 1007 693 non
1042 653 1138 702 siet,
1182 653 1238 693 sei
1281 652 1404 692 maior
1444 662 1535 704 pars
1578 661 1719 691 eorum

106 716 445 764 recuperatorum,
479 707 602 765 [quos
635 723 718 751 cos.
751 723 809 763 pr.
842 723 968 764 prove
999 723 1057 763 pr.
1090 711 1143 751 ita
1175 712 1255 750 ulei
1289 723 1406 763 supra
1437 710 1624 762 scriptum
1657 712 1719 749 est

105 775 412 823 recuperatores
445 769 611 819 dederit,
644 783 748 820 eum,
780 771 885 810 unde
918 783 963 810 ea
989 771 1160 823 pequuia
1184 774 1352 822 petetur,
1386 781 1471 809 eam
1494 767 1720 822 pequniam,

106 828 290 882 vectIgal,
328 829 578 880 scripturam,
611 827 816 879 decumas,
850 830 886 869 ei
918 829 1127 881 publicano
1161 828 1310 868 debere
1343 828 1489 868 dareve
1531 831 1720 880 oportere

106 889 320 941 comperit,
361 885 462 942 tum]
508 889 705 927 sententia
753 884 842 941 [sua
885 888 922 928 1d
954 888 1158 941 proferto,
1201 886 1325 943 quod]
1371 888 1428 927 rei
1459 885 1720 927 ioudicandae

109 959 312 987 maxsume
355 958 494 986 verum
535 958 628 986 esse
670 948 909 1000 comperrit,
953 944 1175 1000 facitoqu[e
1218 948 1249 986 is
1283 959 1364 987 cos.
1397 958 1457 999 pr.
1491 957 1615 998 prove
1647 956 1722 997 pr.,

103 1018 185 1059 quo
219 1005 268 1046 de
300 1017 348 1046 ea
380 1017 424 1045 re
456 1006 495 1044 in
526 1005 614 1045 ious
647 1005 794 1046 aditum
826 1003 939 1060 e]rit,
972 1006 1112 1048 sedulo
1144 1019 1192 1046 m.
1221 1003 1314 1059 n.2]
1348 1006 1428 1046 utei
1458 1005 1504 1056 is,
1536 1003 1629 1056 quei
1654 1004 1720 1044 iu-

105 1065 258 1106 dicatus
290 1064 378 1115 erit,
412 1063 506 1104 dare
540 1069 802 1117 oporteat....

775 1123 898 1177 Caput
930 1123 1061 1164 XVIII.

249 1178 395 1236 [Quam
428 1182 465 1222 In
510 1181 641 1236 Iegem
674 1182 856 1236 plebeive
888 1195 969 1234 sc.,
1011 1180 1137 1237 q]uae
1179 1179 1342 1237 a[grum
1384 1181 1583 1235 publicum
1627 1192 1720 1235 pop.

106 1325 247 1371 xumis,
280 1325 405 1373 quibus
440 1326 484 1362 de
518 1337 558 1361 ea
593 1337 630 1361 re
663 1326 694 1361 in
728 1326 779 1362 ius
811 1326 943 1362 aditum
976 1326 1068 1370 erit,
1102 1337 1147 1361 ex
1183 1325 1316 1361 civibus
1350 1323 1632 1372 quinquaginta,
1665 1324 1724 1372 qui

106 1385 226 1421 classis
259 1385 394 1433 primae
427 1385 518 1431 sint,
551 1384 714 1420 undecim
760 1385 867 1430 dato,
910 1385 992 1420 inde
1036 1385 1196 1421 alternos
1240 1384 1352 1429 du..,
1394 1384 1524 1431 quique
1565 1383 1612 1419 ita
1654 1383 1727 1420 dati

105 1448 230 1488 erunt,
273 1444 293 1479 ii
331 1444 374 1480 de
408 1455 449 1480 ea
483 1444 631 1491 pecunia
677 1443 867 1479 iudicanto.
927 1444 1104 1491 Quodque
1152 1443 1226 1479 eius
1261 1443 1288 1479 is
1320 1443 1414 1479 unde
1457 1446 1600 1490 petetur
1633 1453 1727 1478 con-

107 1503 292 1538 demnatus
327 1503 409 1549 erit,
441 1502 564 1538 consul
598 1507 745 1551 praetor
777 1514 892 1550 prove
926 1508 1094 1551 praetore
1127 1503 1252 1547 facito,
1284 1502 1331 1538 uti
1365 1502 1478 1549 primo
1503 1512 1647 1548 quoque
1669 1500 1726 1538 die

105 1562 148 1597 ab
182 1572 226 1597 eo
261 1562 354 1598 deve
387 1561 489 1597 bonis
523 1561 596 1597 eius
631 1561 810 1608 exigatur.
865 1562 965 1606 Quae
998 1574 1054 1598 res
1098 1562 1212 1598 soluta
1248 1573 1317 1597 nou
1350 1562 1440 1607 siet,
1481 1560 1562 1596 inve
1594 1560 1724 1596 iudicio

106 1631 178 1656 non
212 1620 304 1666 siet,
345 1620 572 1667 iudicataque
606 1632 676 1656 non
710 1620 799 1666 siet,
840 1622 935 1668 quod
971 1621 1044 1657 eius
1077 1620 1395 1669 praevaricatimus
1437 1631 1541 1656 causa
1575 1619 1727 1655 solutum

104 1691 176 1718 non
210 1680 302 1725 siet,
335 1680 416 1715 inve
447 1680 579 1716 iudicio
613 1691 684 1716 non
716 1679 773 1725 sit,
807 1680 1046 1716 iudicatumve
1080 1681 1208 1716 factum
1244 1691 1313 1716 non
1347 1680 1405 1724 sit,
1437 1679 1464 1715 si
1499 1678 1610 1715 maior
1640 1690 1723 1727 pars

105 1749 228 1775 eorum
261 1743 581 1786 recuperatorum,
622 1749 712 1785 quos
746 1740 870 1775 consul
902 1744 1052 1788 praetor
1093 1751 1208 1787 prove
1248 1743 1418 1787 praetore
1458 1738 1505 1774 ita
1539 1737 1587 1773 uti
1618 1749 1726 1786 supra

105 1798 277 1846 scriptum
312 1803 366 1834 est
405 1802 683 1845 recuperatores
718 1798 882 1844 dederit,
925 1811 1005 1835 eum
1049 1799 1143 1835 unde
1175 1811 1214 1834 ea
1248 1797 1400 1846 pecunia
1440 1801 1606 1846 petetur,
1649 1808 1727 1834 eam

105 1857 308 1905 pecuniam,
343 1857 515 1903 vectigal,
547 1857 771 1905 scripturam,
803 1858 971 1894 dec-umas
1005 1857 1037 1894 ei
1069 1857 1259 1906 publicano
1292 1857 1428 1893 debere
1452 1857 1585 1892 dareve
1608 1867 1726 1904 opor-

105 1921 183 1952 tere
217 1916 405 1964 comperit,
440 1921 511 1952 tum
544 1916 720 1952 sententia
753 1929 814 1952 sua
847 1917 880 1953 id
914 1918 1094 1965 proferto,
1126 1917 1223 1964 quod
1256 1916 1305 1952 rei
1330 1915 1540 1952 iudicandae
1563 1926 1728 1951 maxume

104 1986 228 2012 verum
262 1987 340 2011 esse
374 1975 617 2023 compererit,
662 1975 841 2023 facitoque
874 1976 901 2012 is
935 1977 1058 2013 consul
1100 1980 1249 2024 praetor
1281 1986 1395 2023 prove
1428 1979 1621 2023 praetore,
1654 1985 1725 2021 quo

108 2034 154 2070 de
186 2046 227 2071 ea
260 2046 300 2071 re
331 2034 363 2070 iu
396 2034 448 2070 ius
482 2034 613 2070 aditum
645 2035 734 2080 erit,
773 2036 901 2071 sedulo
934 2047 988 2071 m.
1021 2047 1063 2071 n.
1096 2029 1168 2086 (Ρ)
1204 2034 1250 2070 uti
1286 2034 1314 2070 is
1347 2034 1405 2082 qui
1437 2033 1611 2070 iudicatus
1645 2033 1725 2080 erit,

105 2093 191 2130 dare
225 2097 395 2142 oporteat
408 2121 673 2131 .............

775 2154 890 2201 Caput
922 2153 1048 2190 XVIII.

246 2212 357 2256 Quam
390 2211 422 2248 in
455 2212 573 2260 Iegem
606 2211 755 2260 plebive
787 2213 911 2249 scitum
944 2224 1035 2260 quae
1067 2223 1189 2259 agrum
1223 2211 1401 2260 publicum
1432 2210 1556 2260 populi
1588 2210 1725 2249 romani

247 2345 286 2388 1)
310 2346 619 2390 praevaricatiomes
637 2345 750 2379 tabuIa
772 2346 945 2379 mendose.
978 2363 1015 2367 —-
1045 2344 1082 2387 2)
1101 2350 1199 2378 notae
1219 2356 1260 2378 m.
1277 2356 1306 2378 n.
1327 2355 1392 2378 non
1408 2344 1546 2390 liquent.
1573 2344 1724 2379 Huschk.

105 2392 272 2437 explicat:
300 2404 395 2427 mora
422 2393 525 2427 nulia.
563 2394 655 2427 Idem
682 2395 904 2437 posteriorem
931 2399 1060 2438 partem
1090 2393 1185 2425 huius
1213 2392 1416 2436 paragraphi
1442 2393 1520 2426 inde
1547 2403 1565 2425 a
1591 2392 1724 2426 verbis:

104 2446 171 2474 tum
196 2451 260 2474 cos.
285 2452 338 2485 pr.
362 2452 462 2484 prove
485 2453 539 2485 pr.
566 2441 655 2474 hunc
682 2442 713 2474 in
740 2441 876 2474 modum
904 2439 1145 2474 restituendam
1172 2446 1307 2473 censet:
1335 2446 1402 2474 tum
1431 2451 1498 2474 cos.
1518 2450 1651 2483 procos.
1672 2451 1723 2484 pr.

102 2498 213 2530 prove
239 2499 287 2532 pr.
317 2498 382 2532 quo
411 2489 442 2521 in
468 2489 541 2521 ious
568 2488 721 2528 adierint,
751 2489 782 2521 in
809 2488 928 2521 diebus
954 2488 984 2521 X
1010 2489 1219 2531 proxsumeis
1246 2487 1366 2532 quibus
1393 2487 1434 2521 de
1461 2498 1500 2520 ea
1527 2498 1563 2520 re
1590 2489 1623 2520 in
1650 2488 1724 2521 ious

104 2535 230 2568 aditum
257 2535 332 2576 erit,
359 2546 401 2568 ex
427 2541 516 2569 sorte
543 2534 652 2568 ductis
678 2535 809 2568 civibus
836 2535 870 2568 L.
897 2536 987 2580 quiei
1013 2527 1129 2567 classis
1155 2535 1282 2577 primae
1308 2536 1418 2576 sient,
1444 2534 1490 2567 XI
1516 2533 1615 2575 dato,
1645 2534 1723 2569 inde

105 2581 252 2615 alternos
280 2581 367 2615 duos
395 2582 594 2626 publicanus
621 2588 654 2616 et
680 2583 707 2615 is
733 2583 822 2615 unde
849 2593 887 2615 ea
915 2583 1058 2625 pecunia
1083 2586 1227 2625 petetur,
1255 2583 1443 2621 muniunto,
1470 2583 1617 2626 queique
1635 2581 1722 2615 reli-

104 2631 182 2673 quei
207 2635 287 2662 sunt
312 2629 388 2670 VII,
424 2630 466 2663 iei
493 2640 559 2663 cos.
586 2639 720 2674 procos.
747 2640 796 2672 pr.
823 2640 931 2674 prove
962 2639 1012 2672 pr.
1039 2638 1106 2673 quo
1133 2628 1174 2660 de
1202 2640 1240 2661 ea
1270 2639 1306 2661 re
1333 2631 1364 2662 In
1393 2630 1466 2662 ious
1495 2630 1620 2662 aditum
1647 2631 1722 2671 erit,

104 2675 204 2709 facito
230 2677 302 2709 utei
336 2678 444 2720 primo
471 2687 606 2722 quoque
643 2677 696 2710 die
723 2676 764 2709 de
791 2687 830 2709 ea
866 2677 1010 2720 pequnIa
1037 2677 1081 2708 ita
1108 2675 1274 2717 iudicent,
1311 2677 1380 2709 utei
1415 2686 1502 2721 quae
1535 2686 1588 2708 res
1613 2677 1722 2711 soluta

104 2733 171 2756 non
203 2724 275 2764 siet,
300 2724 529 2756 iudicatumve
556 2725 680 2757 tactum
706 2734 772 2756 non
799 2725 873 2765 siet,
901 2724 948 2755 sei
968 2723 1075 2755 maior
1093 2732 1170 2766 pars
1189 2733 1304 2755 eorum
1325 2728 1616 2767 recuperatorum,
1637 2735 1721 2769 quos

106 2780 172 2803 cos.
203 2781 333 2814 procos.
359 2782 408 2816 pr.
434 2782 552 2814 prove.
579 2782 629 2814 pr.
657 2781 723 2815 quo
750 2771 791 2804 de
818 2781 858 2803 ea
885 2781 922 2803 re
949 2771 979 2802 in
1006 2771 1078 2802 ious
1113 2769 1236 2802 aditum
1273 2772 1355 2812 erit,
1391 2771 1434 2803 iia
1461 2771 1530 2803 utei
1555 2782 1581 2804 s.
1607 2782 1632 2804 s.
1659 2778 1722 2816 est,

105 2823 363 2861 recuperatores
392 2818 543 2859 dederit,
578 2828 676 2857 eum,
702 2817 790 2851 unde
816 2828 854 2850 ea
882 2818 1027 2862 pequnia
1055 2821 1208 2859 petetur.
1243 2828 1318 2851 eam
1352 2818 1532 2861 pequniam
1561 2819 1720 2862 vectigal,

107 2865 327 2907 scripturam,
356 2865 514 2898 decumas
541 2866 570 2897 ei
597 2864 776 2908 publicano
804 2864 930 2897 debere
957 2864 1081 2896 dareve
1108 2871 1266 2906 oportere
1295 2865 1516 2907 compererit,
1543 2870 1610 2898 tum
1637 2877 1720 2900 sen-

106 2912 211 2943 tentia
238 2923 298 2944 sua
323 2912 354 2944 id
382 2912 553 2956 proferat,
588 2911 677 2955 quod
705 2913 734 2944 ei
761 2911 960 2944 iudicandae
987 2920 1142 2943 maxume
1171 2922 1285 2944 verum
1313 2922 1387 2944 esse
1414 2915 1640 2956 compererit,
1666 2914 1720 2947 fa-

109 2958 243 3002 citoque
269 2959 296 2990 is
323 2969 390 2991 eos.
418 2969 551 3003 procos
578 2969 628 3002 pr.
656 2969 763 3001 prove
789 2969 840 3002 pr.
875 2967 941 3002 quo
968 2957 1010 2989 de
1036 2968 1076 2990 ea
1101 2969 1138 2991 re
1163 2960 1195 2991 in
1231 2961 1304 2991 icus
1330 2958 1456 2992 aditum
1481 2961 1564 3002 erit,
1599 2961 1720 2995 sedulo

107 3013 150 3038 m.
174 3014 211 3038 n.
236 3007 306 3039 utei
330 3007 376 3049 is,
401 3007 479 3052 quei
504 3005 670 3040 iudIcatus
696 3007 780 3048 erit,
807 3005 885 3038 dare
913 3009 1078 3048 oporteat.
