1877 3313
562 614 1024 666 INSCRIPTIONES
1073 615 1404 669 PRIVATAE.

845 885 1129 952 CaputL

904 1016 1054 1051 TITULI.

766 1201 803 1242 ὧ.
834 1196 864 1234 1.
925 1196 970 1234 In
1001 1197 1201 1244 aedificii&

316 1305 440 1344 1843.
499 1302 544 1344 Κ.
564 1299 602 1358 ¹)
636 1301 827 1356 Oppiana.
848 1323 905 1331 —-
932 1300 974 1342 Κ.
995 1299 1033 1358 ¹)
1061 1300 1276 1344 Postumia.
1297 1322 1354 1332 --
1374 1301 1420 1345 Κ.
1440 1300 1477 1359 ¹)
1509 1300 1702 1347 Velliana.
1733 1321 1792 1337 -·

173 1364 272 1405 Grut.
304 1378 340 1416 p.
373 1365 469 1403 209.
517 1365 613 1402 Oret.
645 1364 772 1401 4333.

316 1442 439 1481 1844.
499 1439 551 1481 Μ.
584 1438 699 1480 Tullii
729 1438 780 1480 M.
813 1437 855 1480 F.
887 1450 982 1481 area
1014 1438 1180 1494 privata.
1211 1460 1270 1469 --
1301 1443 1490 1492 Pompeiis.
1538 1442 1635 1482 Orel.
1665 1443 1792 1482 4325.

172 1501 251 1541 Gell
281 1502 438 1552 Pompei.
470 1502 496 1540 I.
530 1502 595 1539 75.

316 1578 439 1617 1845.
499 1575 572 1617 Hic
604 1575 751 1617 habitat
782 1574 961 1618 felicitas.
997 1598 1046 1603 —
1082 1579 1269 1628 Pompeiis.
1316 1580 1512 1619 Romanelti
1534 1580 1668 1631 Viogg.
1692 1582 1792 1621 Tom.

170 1638 197 1677 1.
228 1651 263 1689 p.
299 1637 392 1677 125.
440 1638 536 1677 Orel.
569 1637 696 1675 4340.
744 1638 908 1675 Bulletin.
942 1638 1013 1676 del'
1043 1638 1124 1676 inst.
1156 1640 1253 1677 arch.
1290 1638 1412 1678 1811.
1443 1653 1478 1690 p.
1515 1639 1609 1679 125.

315 1716 440 1754 1846.
501 1745 603 1755 .....
636 1713 699 1754 hic
729 1711 893 1761 habitat3
927 1711 1020 1754 nihil
1050 1713 1199 1755 interet
1232 1713 1337 1756 mali.
1368 1737 1425 1743 —-
1456 1717 1636 1756 luvaviae.
1667 1718 1792 1756 Bulle-

170 1774 233 1814 tin.
264 1774 336 1814 del*
367 1776 447 1814 inst.
479 1776 576 1813 arch.
613 1773 735 1812 1841.
767 1787 802 1823 p.
839 1773 931 1811 125.

316 1852 441 1891 1847.
501 1849 548 1891 D.
582 1849 635 1892 M.
669 1849 821 1891 Titulos
854 1848 1090 1892 scribendos
1121 1850 1186 1891 vel
1218 1850 1348 1905 siquid
1379 1850 1514 1906 operis
1548 1852 1793 1894 marmorarii

171 1908 454 2010 3ξῐιιε3ἓιιθτίι,
486 1908 548 1951 hie
579 1909 716 1951 habos.
761 1933 811 1940 —
845 1911 884 1949 ln
916 1923 1041 1949 museo
1073 1912 1234 1950 vatican.
1281 1913 1405 1951 Marini
1435 1914 1523 1951 Atti.
1555 1915 1598 1951 11.
1630 1926 1664 1964 p.
1697 1914 1793 1953 693.

316 2048 439 2086 1848.
500 2046 541 2088 In
582 2045 754 2100 praediis
798 2046 839 2087 C.
882 2045 1077 2101 Legi-anni
1117 2045 1211 2086 Veri
1252 2046 1453 2088 balineum
1494 2059 1608 2089 more
1649 2047 1792 2090 urbico

171 2104 295 2157 lavat3
327 2107 457 2148 omnia
489 2105 696 2147 commoda
718 2110 984 2160 praestantur.
1021 2130 1071 2134 —
1104 2107 1302 2146 Bononiae.
1334 2108 1457 2146 Marini
1479 2108 1554 2146 Atti
1576 2109 1619 2147 Π.
1638 2121 1673 2159 p.
1697 2109 1793 2148 532.

317 2184 442 2223 1849.
500 2183 722 2225 Mercurius
753 2182 816 2223 hic
847 2182 1001 2223 lucrum
1032 2182 1250 2235 promittit,
1283 2181 1428 2235 Apollo
1460 2181 1654 2236 salutem,
1686 2183 1793 2238 Sep-

172 2242 368 2285 tumanius
399 2243 612 2297 hospitium
640 2254 727 2283 cum
751 2241 932 2296 prandio.
968 2241 1043 2289 Qui
1074 2242 1228 2282 venerit
1259 2242 1397 2282 melius
1431 2246 1576 2292 utetur,
1600 2247 1693 2297 post
1713 2243 1792 2285 ho—

172 2306 266 2355 spes
300 2302 367 2344 ubi
399 2314 560 2344 maneas
591 2302 791 2356 prospice.
831 2324 887 2331 -
929 2303 1101 2350 Lugduni.
1154 2303 1265 2351 Spon.
1297 2303 1392 2341 Misc.
1425 2315 1458 2352 p.
1492 2303 1588 2342 302.
1637 2305 1725 2343 Mur.
1756 2317 1792 2356 p.

174 2363 300 2402 3013.
347 2364 446 2402 Orel.
477 2363 605 2401 4329.

316 2440 439 2479 1850.
500 2437 542 2479 In
582 2436 756 2492 praediis
798 2436 919 2478 Iuliae
960 2435 1025 2490 Sp.
1058 2433 1154 2491 F.2)
1195 2436 1339 2479 Felicis
1380 2436 1566 2478 locantur
1606 2437 1793 2481 balneum

173 2497 381 2540 venerium
413 2503 453 2540 et
483 2502 730 2553 nongentum
762 2496 952 2537 tabernae
983 2495 1177 2549 pergulae
1208 2496 1426 2538 coenacula
1457 2509 1510 2537 ex
1530 2495 1663 2539 Idibus
1684 2497 1791 2553 Aug.

172 2557 308 2611 primis
339 2557 378 2598 in
409 2556 502 2599 Idus
534 2557 637 2611 Aug.
669 2560 805 2598 sextas
838 2566 964 2596 annos
997 2554 1210 2596 continuos
1234 2567 1410 2610 qumque
1441 2555 1480 2598 S.
1514 2556 1560 2605 Q.
1592 2556 1638 2597 D.
1671 2555 1713 2598 L.
1745 2558 1791 2599 Ε.

172 2615 218 2656 Ν.
252 2613 353 2672 (3.3)
395 2640 452 2648 -—-
493 2619 683 2668 Pompeiis,
726 2617 1005 2655 Winckelmann
1046 2616 1338 2655 Sendschreiben
1378 2617 1468 2655 uber
1510 2617 1568 2655 die
1604 2618 1791 2658 herkulan.

316 2756 354 2801 1)
377 2758 477 2793 Kasa.
505 2775 546 2781 --
573 2756 612 2801 2)
639 2757 781 2802 Spuriae
806 2757 906 2791 filiae.
944 2773 984 2778 —
1021 2754 1059 2800 3)
1086 2757 1190 2804 siquis
1216 2757 1306 2792 domi
1331 2757 1538 2792 lenocinium
1563 2764 1724 2793 exercent
1746 2769 1793 2794 ne

176 2804 376 2849 conducit03
401 2806 478 2841 vel:
503 2807 532 2840 si
557 2807 631 2851 quis
657 2806 852 2839 damnatum
877 2805 1128 2839 lenonoeinium
1147 2811 1212 2839 etc.
1239 2805 1552 2847 Winckefflrannus,
1570 2817 1670 2852 quem
1690 2805 1791 2840 Orel-

175 2851 240 2886 lius
264 2863 341 2887 eum
365 2853 440 2888 aliis
467 2855 639 2899 sequitur,
672 2852 764 2887 aliud
785 2863 1004 2897 programma
1029 2853 1062 2886 in
1087 2852 1208 2886 eodem
1243 2854 1372 2898 pariete
1403 2852 1577 2897 depictum
1600 2853 1689 2888 male
1714 2864 1792 2888 curn

175 2900 403 2942 praecedente
427 2906 682 2946 programmate
716 2900 880 2944 copulans
905 2901 951 2934 ita
977 2900 1220 2941 interpretatus
1257 2905 1347 2934 erat:
1388 2901 1494 2946 siquis
1519 2899 1693 2936 dominam
1717 2903 1792 2936 eius

178 2946 244 2980 loci
268 2957 336 2983 non
361 2949 562 2994 cognoverit
588 2948 689 2983 adeat
718 2947 885 2984 Suettium
910 2948 1035 2983 Verum
1060 2946 1228 2982 Aedilem.
