1918 3313
252 153 282 195 §.
308 152 340 187 2.
389 151 581 194 Festorum,
607 151 848 186 sacrificiorum
874 154 907 184 et
931 159 1109 184 sacrorum
1135 149 1358 195 collegiorum
1384 153 1470 182 acta.
1605 146 1662 189 43

56 258 257 308 Quadrato
281 257 351 301 CS.
372 256 408 312 ¹)
431 258 521 299 Act.
540 256 582 314 ²)
614 257 701 299 Alb.
722 257 872 298 maiori.
906 278 961 285 -—
993 258 1190 296 Massmann
1231 258 1385 296 Libellus
1417 269 1532 294 aurar.
1570 256 1663 305 Lips.

60 321 181 359 1840.
228 321 395 357 Huschke
440 320 560 357 Ueber
592 320 650 356 die
692 319 725 357 in
758 318 1031 364 Siebenbtirgen
1064 319 1292 364 gelundenen
1322 315 1590 360 Wacbstafem3
1629 315 1663 352 in

55 380 218 428 Savigny
238 380 442 417 zeitschrift-
472 380 495 416 f.
518 381 642 427 gescb.
664 379 701 415 R.
724 379 787 414 Bd.
808 377 883 414 XII.
916 389 949 425 p.
976 376 1068 414 173.
1100 378 1292 414 Mommsen
1315 377 1364 413 De
1386 375 1518 422 colleg.
1541 387 1576 423 p.
1597 375 1664 412 94.

468 482 553 517 Lex
578 482 767 521 collegii
793 481 959 515 Dianae
985 486 1028 514 et
1052 480 1243 514 Antinoi.

197 581 292 617 382.
352 577 396 617 L.
430 576 591 618 Ceionio
625 575 865 627 Commodo,
907 575 1001 618 Sex.
1034 575 1228 616 Vetulcno
1262 575 1394 616 Civica
1424 573 1663 627 Pompeiano

59 636 150 679 Cos.
167 633 207 692 3)
240 636 287 677 A.
321 637 368 678 D.
401 637 445 676 V.
478 636 568 676 Idus
599 636 680 676 Iun.

50 742 52 745 y
198 695 360 736 Lanuvi
393 696 436 735 in
466 695 687 747 wettrvic‘ipio
712 695 755 734 in
785 693 932 748 templo
963 692 1150 745 Antinoi,
1181 694 1218 734 in
1254 705 1330 746 quo
1353 693 1396 732 L.
1422 690 1666 732 Caesennius

53 753 181 796 Rufus
211 754 316 795 Dict.
347 754 422 794 ΙΙΙ.
458 757 494 794 et
523 754 728 794 Patronus
760 753 946 805 municipi
971 757 1210 793 conventum
1235 752 1373 792 baberi
1395 751 1564 792 iusserat
1592 761 1664 803 per

53 814 95 854 L.
128 813 354 867 Pompeium
476 813 504 853 F
519 843 619 853 .....
633 825 711 863 um,
747 812 828 860 QQ.
863 812 1057 852 cultorum
1084 812 1231 852 Dianae
1265 817 1303 852 ct
1340 810 1510 860 Antinoi,
1541 808 1666 863 polli-

54 873 154 914 citus
189 877 250 913 est
281 884 325 913 se
356 873 400 911 in
431 885 582 912 menum
614 872 800 912 (laturum
833 871 890 911 eis
924 883 975 910 ex
1013 870 1247 910 liberalitate
1290 883 1360 911 sua
1392 869 1464 910 HS.
1497 867 1580 909 XV.
1613 866 1664 908 M.

59 932 104 972 N.
137 943 254 972 usum
290 930 421 971 ...die
453 930 604 970 macilis
636 931 784 970 Dianae
815 929 908 969 Idib.
943 929 1048 984 Aug.
1081 929 1139 970 HS
1173 929 1308 970 CCCC.
1341 928 1386 968 N.
1431 933 1470 968 et
1503 927 1566 968 die
1591 939 1667 967 na-

53 991 138 1043 talis
170 989 331 1031 Antinoi
364 990 408 1029 V.
441 990 485 1029 K.
519 989 705 1029 Dec-emb.
739 989 798 1030 HS
834 988 942 1029 CCC.
976 988 1021 1028 N.
1057 993 1096 1029 ct
1118 989 1309 1042 praecipit
1339 988 1467 1041 legent
1500 987 1547 1026 ab
1569 985 1663 1040 ipsis

54 1049 308 1090 constitutam
344 1049 419 1089 sub
452 1048 646 1089 tetrastilo
678 1047 840 1088 Antinoi
873 1053 984 1101 parte
1020 1048 1197 1088 interiori
1240 1047 1434 1101 perscribi
1465 1046 1504 1086 in
1545 1044 1669 1086 verba

55 1107 157 1149 infra
191 1109 349 1161 scripta.

195 1167 247 1207 M.
281 1165 460 1206 Antonio
491 1166 666 1216 Hibero,
699 1167 738 1206 P.
772 1166 957 1206 Mummio
1002 1166 1168 1207 Sisenna
1210 1165 1298 1205 Cos.
1342 1164 1386 1204 K.
1418 1163 1497 1204 Ian.
1532 1162 1669 1205 Colle-

53 1225 160 1279 gium
202 1225 375 1266 salutare
417 1225 564 1265 Dianae
608 1230 646 1264 et
692 1225 854 1265 Antinoi
893 1226 1150 1265 constitutum
1195 1224 1236 1264 L.
1283 1223 1506 1264 Caesennio
1548 1223 1589 1263 L.
1623 1222 1665 1263 F.

55 1285 166 1332 Quir.
202 1283 308 1325 Rufo
340 1284 439 1324 Dict.
473 1283 532 1324 ΙΙΙ.
567 1282 708 1335 idemq.
742 1283 843 1323 Patr.

607 1360 736 1412 Kaput
770 1373 821 1399 ex
853 1359 891 1401 S.
928 1359 969 1399 C.
1003 1359 1043 1399 P.
1077 1359 1122 1399 R.

196 1419 351 1469 Quibus
382 1420 494 1459 coire
537 1421 756 1459 convenire
789 1418 1039 1471 collegiumq.
1074 1418 1220 1459 babere
1253 1418 1380 1458 liceat.
1414 1417 1491 1466 Qui
1529 1417 1669 1471 stipem

53 1483 292 1520 menstruam
326 1478 514 1519 conferre
547 1478 682 1519 volent
711 1479 754 1518 in
782 1479 954 1531 lanera,
995 1478 1027 1517 iz·
1057 1477 1100 1517 in
1143 1477 1352 1531 collegium
1398 1481 1540 1518 coeant
1579 1488 1667 1529 neq.

53 1538 125 1579 sub
159 1539 293 1592 specie
327 1538 414 1578 eius
448 1537 592 1591 collegi
625 1538 700 1578 nisi
732 1537 855 1578 semel
880 1537 920 1577 in
945 1549 1080 1577 mense
1102 1542 1247 1577 coeant
1269 1535 1504 1577 conferendi
1535 1548 1670 1588 causa,

53 1595 157 1638 unde
190 1596 366 1637 defuncti
398 1596 657 1650 sepeliantur.

198 1654 318 1705 Quod
344 1657 522 1709 faustum
549 1656 654 1704 felix
695 1655 909 1708 salutar-eq.
943 1656 994 1696 sit
1037 1655 1128 1708 Imp.
1173 1655 1335 1696 Caesari
1376 1655 1545 1696 Traiano
1586 1653 1670 1695 Ha-

57 1714 193 1756 driano
226 1714 329 1769 Aug.
364 1716 563 1768 totiusque
604 1715 746 1754 domus
787 1714 954 1768 August.
988 1715 1133 1756 nostris
1167 1714 1378 1767 collegioq.
1422 1719 1583 1763 nostr03
1627 1717 1667 1753 et

56 1774 157 1814 bene
190 1773 320 1827 adque
353 1773 545 1815 industrie
574 1775 904 1823 contraxerimuS,
936 1779 978 1814 ut
1010 1775 1141 1813 exitus
1170 1785 1312 1814 eorum
1335 1773 1502 1814 honeste
1523 1785 1671 1826 prose-

56 1845 238 1886 quamur.
301 1833 437 1885 Itaque
470 1834 575 1873 bene
609 1832 858 1873 conferendo
892 1833 1068 1873 universi
1101 1833 1330 1872 consentire
1369 1832 1584 1884 debemus,
1626 1837 1668 1872 ut

54 1890 177 1943 longo
209 1896 388 1945 tempore
421 1892 719 1932 invetereseere
761 1892 972 1944 possimus.
1036 1892 1094 1932 Tu
1128 1893 1193 1944 qui
1227 1903 1353 1932 novos
1386 1892 1424 1932 in
1469 1891 1545 1932 boe
1578 1891 1666 1932 col-

54 1949 160 2004 legio
191 1951 340 1991 intrare
377 1951 501 2000 voles,
533 1951 643 2004 prius
675 1951 804 2004 legem
836 1950 1003 2005 perlege
1045 1956 1085 1991 et
1116 1952 1173 1991 sic
1205 1951 1306 1991 intra
1339 1963 1388 1991 ne
1420 1949 1668 2005 postmodum

56 2010 234 2062 queraris
267 2014 334 2051 aut
364 2008 501 2050 heredi
534 2015 600 2051 tuo
633 2010 947 2050 controversiam
980 2010 1193 2062 relinquas.

715 2086 800 2125 Lex
833 2085 1004 2140 collegii.

193 2144 344 2186 Placuit
385 2145 604 2194 universis,
652 2149 694 2185 ut
733 2146 909 2197 quisquis
958 2146 995 2185 in
1037 2144 1113 2185 boe
1151 2144 1364 2198 collegium
1403 2145 1550 2186 intrare
1591 2157 1669 2186 vo-

54 2203 188 2255 luerit,
216 2204 553 2257 dabitKapitulari
572 2204 730 2244 nomine
755 2204 832 2245 HS.
861 2203 900 2244 C.
930 2204 976 2244 N.
993 2202 1034 2258 4)
1057 2208 1094 2243 et
1114 2204 1193 2243 vini
1217 2204 1309 2244 boni
1332 2204 1555 2257 amphoram
1580 2205 1673 2245 item

54 2263 93 2303 in
124 2275 284 2304 menses
317 2263 417 2317 sing.
449 2262 498 2303 A.
533 2263 578 2302 V.
597 2260 637 2316 5)
670 2262 764 2303 Item
799 2263 969 2316 placuit,
1011 2264 1188 2315 quisquis
1222 2263 1386 2303 mensib.
1420 2264 1670 2305 continenter

55 2333 133 2362 non
166 2323 379 2375 pariaverit
412 2326 452 2361 et
483 2322 518 2361 ei
552 2321 773 2362 humanitus
806 2321 1009 2371 acciderit,
1044 2322 1131 2361 eius
1162 2322 1263 2362 ratio
1296 2321 1452 2363 funeris
1485 2335 1564 2364 non
1596 2322 1671 2364 ha-

54 2380 237 2433 bebitur,
278 2381 433 2421 etiamsi
464 2385 743 2421 testamentum
777 2380 918 2421 sactum
959 2381 1152 2421 babuerit.
1215 2380 1308 2421 Item
1339 2381 1509 2435 placuit,
1552 2383 1669 2435 quis-

56 2439 142 2492 quis
174 2440 212 2480 in
246 2439 320 2480 boc
364 2452 535 2492 corpore
575 2440 622 2480 N.
639 2437 680 2494 6)
715 2440 890 2493 pariatus
935 2439 1181 2490 decesserit,
1224 2452 1312 2480 eum
1355 2445 1578 2493 sequentur
1619 2454 1673 2482 ex

55 2510 144 2539 arca
178 2498 249 2539 HS.
292 2497 430 2539 CCCC.
463 2498 510 2539 N.
545 2511 597 2538 ex
628 2511 702 2551 qua
736 2511 886 2538 summa
919 2498 1117 2538 decedent
1159 2500 1365 2552 exequiari
1407 2500 1564 2540 nomine
1598 2500 1669 2542 HS.

54 2554 80 2596 l.
115 2557 160 2597 N.
193 2558 260 2610 qui
291 2557 339 2598 ad
363 2570 489 2611 rogus
506 2554 546 2612 7)
581 2556 827 2607 dividentia-3
873 2558 1068 2610 exequiae
1101 2561 1229 2598 autem
1254 2558 1420 2612 pedibus
1441 2558 1672 2613 fungentur.

54 2613 147 2656 Item
178 2617 343 2669 plac-uit,
386 2617 562 2669 quisquis
605 2629 627 2656 a
660 2617 872 2669 municipio
906 2616 1007 2657 ultra
1051 2615 1202 2657 milliar.
1242 2617 1330 2658 XX.
1375 2617 1596 2658 decesserit
1627 2623 1668 2659 et

55 2676 268 2716 nuntiatum
300 2675 436 2727 fuerit,
468 2688 517 2716 eo
550 2676 662 2715 exire
695 2675 895 2716 debebunt
927 2675 1042 2715 electi
1075 2687 1128 2716 ex
1146 2687 1316 2730 corpore
1346 2676 1392 2718 N.
1409 2673 1451 2731 ⁸)
1484 2676 1666 2719 homines

129 2837 136 2845 .
195 2855 232 2899 1)
258 2869 309 2891 an.
338 2863 412 2901 post
439 2857 515 2891 Cbr.
546 2857 621 2891 167.
655 2875 699 2881 —
733 2858 771 2900 2)
798 2865 918 2892 actum.
948 2876 988 2880 —
1016 2856 1054 2900 3)
1080 2859 1159 2892 Post.
1186 2859 1259 2893 Cbr.
1279 2865 1346 2892 nat.
1372 2869 1423 2892 an.
1451 2859 1528 2894 136.
1556 2877 1596 2882 —
1624 2858 1663 2903 4)

55 2905 224 2938 sestertios
251 2910 384 2938 centum
410 2915 577 2938 nummos.
606 2923 647 2928 -—
674 2905 711 2948 5)
739 2907 936 2950 amphoram
968 2906 1048 2940 vini.
1085 2920 1125 2929 —
1159 2907 1195 2946 6)
1222 2913 1348 2940 nostro.
1377 2925 1418 2930 —
1446 2904 1485 2950 7)
1510 2907 1578 2953 leg.
1603 2919 1663 2941 ro-

53 2961 127 2994 yum
151 2951 205 2985 vel
230 2963 330 2996 royos.
359 2969 400 2975 —
426 2950 465 2995 8)
492 2957 620 2986 nostro.
