<?xml version="1.0" encoding="UTF-8"?>
<!DOCTYPE html PUBLIC "-//W3C//DTD XHTML 1.0 Transitional//EN"
    "http://www.w3.org/TR/xhtml1/DTD/xhtml1-transitional.dtd">
<html xmlns="http://www.w3.org/1999/xhtml" xml:lang="en" lang="en">
 <head>
  <title>
</title>
<meta http-equiv="Content-Type" content="text/html;charset=utf-8" />
  <meta name='ocr-system' content='tesseract 3.04.00' />
  <meta name='ocr-capabilities' content='ocr_page ocr_carea ocr_par ocr_line ocrx_word'/>
</head>
<body>
  <div class='ocr_page' id='page_1' title='image "./handbuchderrmi0103zelluoft_0016.png"; bbox 0 0 1877 3313; ppageno 0'>
   <div class='ocr_carea' id='block_1_1' title="bbox 162 191 1116 239">
    <p class='ocr_par' dir='ltr' id='par_1_1' title="bbox 162 191 1116 239">
     <span class='ocr_line' id='line_1_1' title="bbox 162 191 1116 239; baseline -0.006 -6"><span class='ocrx_word' id='word_1_1' title='bbox 162 204 192 239; x_wconf 81' lang='grc' dir='ltr'>Χ</span> <span class='ocrx_word' id='word_1_2' title='bbox 788 191 1116 229; x_wconf 76' lang='lat' dir='ltr'>PRAEFATIO.</span> 
     </span>
    </p>
   </div>
   <div class='ocr_carea' id='block_1_2' title="bbox 155 299 1754 2590">
    <p class='ocr_par' dir='ltr' id='par_1_2' title="bbox 161 299 1751 904">
     <span class='ocr_line' id='line_1_2' title="bbox 163 299 1750 349; baseline -0.007 0"><span class='ocrx_word' id='word_1_3' title='bbox 163 311 269 348; x_wconf 86' lang='lat' dir='ltr'>lentia</span> <span class='ocrx_word' id='word_1_4' title='bbox 313 321 382 347; x_wconf 89' lang='lat' dir='ltr'>non</span> <span class='ocrx_word' id='word_1_5' title='bbox 414 313 468 346; x_wconf 87' lang='lat' dir='ltr'>est</span> <span class='ocrx_word' id='word_1_6' title='bbox 509 302 791 349; x_wconf 59' lang='lat' dir='ltr'>reformidanda·7</span> <span class='ocrx_word' id='word_1_7' title='bbox 832 303 895 340; x_wconf 84' lang='lat' dir='ltr'>sed</span> <span class='ocrx_word' id='word_1_8' title='bbox 926 314 969 339; x_wconf 88' lang='lat' dir='ltr'>ne</span> <span class='ocrx_word' id='word_1_9' title='bbox 1011 312 1138 338; x_wconf 76' lang='lat' dir='ltr'>novum</span> <span class='ocrx_word' id='word_1_10' title='bbox 1181 299 1322 347; x_wconf 83' lang='lat' dir='ltr'>quidem</span> <span class='ocrx_word' id='word_1_11' title='bbox 1353 304 1432 347; x_wconf 84' lang='lat' dir='ltr'>est,</span> <span class='ocrx_word' id='word_1_12' title='bbox 1473 301 1568 349; x_wconf 89' lang='lat' dir='ltr'>quod</span> <span class='ocrx_word' id='word_1_13' title='bbox 1608 301 1642 338; x_wconf 91' lang='lat' dir='ltr'>in</span> <span class='ocrx_word' id='word_1_14' title='bbox 1678 302 1750 338; x_wconf 84' lang='lat' dir='ltr'>hoc</span> 
     </span>
     <span class='ocr_line' id='line_1_3' title="bbox 162 369 1749 418; baseline -0.007 0"><span class='ocrx_word' id='word_1_15' title='bbox 162 381 302 417; x_wconf 88' lang='lat' dir='ltr'>delectu</span> <span class='ocrx_word' id='word_1_16' title='bbox 343 378 553 415; x_wconf 82' lang='lat' dir='ltr'>excudendo</span> <span class='ocrx_word' id='word_1_17' title='bbox 594 372 791 410; x_wconf 78' lang='lat' dir='ltr'>faciundum</span> <span class='ocrx_word' id='word_1_18' title='bbox 835 373 965 409; x_wconf 89' lang='lat' dir='ltr'>curavi.</span> <span class='ocrx_word' id='word_1_19' title='bbox 1029 372 1111 408; x_wconf 86' lang='lat' dir='ltr'>Nam</span> <span class='ocrx_word' id='word_1_20' title='bbox 1144 369 1380 407; x_wconf 89' lang='lat' dir='ltr'>Fleetwoodii</span> <span class='ocrx_word' id='word_1_21' title='bbox 1424 371 1602 418; x_wconf 77' lang='lat' dir='ltr'>Sylloge,</span> <span class='ocrx_word' id='word_1_22' title='bbox 1645 381 1749 418; x_wconf 88' lang='lat' dir='ltr'>quem</span> 
     </span>
     <span class='ocr_line' id='line_1_4' title="bbox 164 440 1749 496; baseline -0.005 -11"><span class='ocrx_word' id='word_1_23' title='bbox 164 450 256 487; x_wconf 88' lang='lat' dir='ltr'>Frid.</span> <span class='ocrx_word' id='word_1_24' title='bbox 301 451 392 496; x_wconf 80' lang='lat' dir='ltr'>Aug.</span> <span class='ocrx_word' id='word_1_25' title='bbox 433 448 583 484; x_wconf 78' lang='lat' dir='ltr'>Wotnus</span> <span class='ocrx_word' id='word_1_26' title='bbox 627 444 750 479; x_wconf 89' lang='lat' dir='ltr'>ducem</span> <span class='ocrx_word' id='word_1_27' title='bbox 792 443 825 479; x_wconf 89' lang='lat' dir='ltr'>in</span> <span class='ocrx_word' id='word_1_28' title='bbox 868 443 935 478; x_wconf 82' lang='lat' dir='ltr'>liac</span> <span class='ocrx_word' id='word_1_29' title='bbox 977 453 1015 478; x_wconf 91' lang='lat' dir='ltr'>re</span> <span class='ocrx_word' id='word_1_30' title='bbox 1057 440 1338 485; x_wconf 80' lang='lat' dir='ltr'>commendavit,</span> <span class='ocrx_word' id='word_1_31' title='bbox 1392 440 1539 476; x_wconf 85' lang='lat' dir='ltr'>eandem</span> <span class='ocrx_word' id='word_1_32' title='bbox 1582 445 1749 489; x_wconf 74' lang='lat' dir='ltr'>typorum</span> 
     </span>
     <span class='ocr_line' id='line_1_5' title="bbox 161 510 1751 567; baseline -0.006 -10"><span class='ocrx_word' id='word_1_33' title='bbox 161 520 308 556; x_wconf 75' lang='lat' dir='ltr'>formam</span> <span class='ocrx_word' id='word_1_34' title='bbox 349 531 435 567; x_wconf 88' lang='lat' dir='ltr'>prae</span> <span class='ocrx_word' id='word_1_35' title='bbox 471 529 509 553; x_wconf 80' lang='lat' dir='ltr'>se</span> <span class='ocrx_word' id='word_1_36' title='bbox 537 516 628 558; x_wconf 74' lang='lat' dir='ltr'>fert3</span> <span class='ocrx_word' id='word_1_37' title='bbox 672 525 786 561; x_wconf 87' lang='lat' dir='ltr'>neque</span> <span class='ocrx_word' id='word_1_38' title='bbox 830 512 939 548; x_wconf 90' lang='lat' dir='ltr'>minus</span> <span class='ocrx_word' id='word_1_39' title='bbox 973 512 1111 548; x_wconf 87' lang='lat' dir='ltr'>tabulae</span> <span class='ocrx_word' id='word_1_40' title='bbox 1152 510 1420 558; x_wconf 77' lang='lat' dir='ltr'>inscriptionum</span> <span class='ocrx_word' id='word_1_41' title='bbox 1462 510 1670 556; x_wconf 76' lang='lat' dir='ltr'>longiores,</span> <span class='ocrx_word' id='word_1_42' title='bbox 1711 515 1751 547; x_wconf 90' lang='lat' dir='ltr'>ut</span> 
     </span>
     <span class='ocr_line' id='line_1_6' title="bbox 165 579 1749 635; baseline -0.006 -9"><span class='ocrx_word' id='word_1_43' title='bbox 165 590 288 635; x_wconf 82' lang='lat' dir='ltr'>teges,</span> <span class='ocrx_word' id='word_1_44' title='bbox 333 584 653 629; x_wconf 81' lang='lat' dir='ltr'>senatusconsulta,</span> <span class='ocrx_word' id='word_1_45' title='bbox 700 584 732 619; x_wconf 92' lang='lat' dir='ltr'>id</span> <span class='ocrx_word' id='word_1_46' title='bbox 773 593 884 630; x_wconf 82' lang='lat' dir='ltr'>genus</span> <span class='ocrx_word' id='word_1_47' title='bbox 937 582 1001 618; x_wconf 85' lang='lat' dir='ltr'>alia</span> <span class='ocrx_word' id='word_1_48' title='bbox 1044 593 1062 617; x_wconf 92' lang='lat' dir='ltr'>a</span> <span class='ocrx_word' id='word_1_49' title='bbox 1095 580 1208 617; x_wconf 84' lang='lat' dir='ltr'>multis</span> <span class='ocrx_word' id='word_1_50' title='bbox 1251 579 1449 616; x_wconf 82' lang='lat' dir='ltr'>editoribus</span> <span class='ocrx_word' id='word_1_51' title='bbox 1489 579 1749 617; x_wconf 86' lang='lat' dir='ltr'>recentioribus</span> 
     </span>
     <span class='ocr_line' id='line_1_7' title="bbox 165 649 1751 700; baseline -0.005 -5"><span class='ocrx_word' id='word_1_52' title='bbox 165 658 432 695; x_wconf 77' lang='lat' dir='ltr'>minuscularum</span> <span class='ocrx_word' id='word_1_53' title='bbox 472 655 648 690; x_wconf 87' lang='lat' dir='ltr'>literarum</span> <span class='ocrx_word' id='word_1_54' title='bbox 681 652 774 700; x_wconf 70' lang='lat' dir='ltr'>typis</span> <span class='ocrx_word' id='word_1_55' title='bbox 807 651 962 688; x_wconf 86' lang='lat' dir='ltr'>redditas</span> <span class='ocrx_word' id='word_1_56' title='bbox 994 651 1162 687; x_wconf 85' lang='lat' dir='ltr'>videmus.</span> <span class='ocrx_word' id='word_1_57' title='bbox 1224 651 1450 698; x_wconf 75' lang='lat' dir='ltr'>Quapropter</span> <span class='ocrx_word' id='word_1_58' title='bbox 1491 661 1546 685; x_wconf 87' lang='lat' dir='ltr'>me</span> <span class='ocrx_word' id='word_1_59' title='bbox 1577 649 1751 687; x_wconf 85' lang='lat' dir='ltr'>rationem</span> 
     </span>
     <span class='ocr_line' id='line_1_8' title="bbox 169 720 1750 774; baseline -0.001 -15"><span class='ocrx_word' id='word_1_60' title='bbox 169 728 288 764; x_wconf 81' lang='lat' dir='ltr'>iniisse</span> <span class='ocrx_word' id='word_1_61' title='bbox 320 738 388 764; x_wconf 83' lang='lat' dir='ltr'>non</span> <span class='ocrx_word' id='word_1_62' title='bbox 420 723 602 774; x_wconf 72' lang='lat' dir='ltr'>poenituit,</span> <span class='ocrx_word' id='word_1_63' title='bbox 635 734 702 770; x_wconf 90' lang='lat' dir='ltr'>qua</span> <span class='ocrx_word' id='word_1_64' title='bbox 735 722 813 758; x_wconf 87' lang='lat' dir='ltr'>huic</span> <span class='ocrx_word' id='word_1_65' title='bbox 835 722 976 758; x_wconf 90' lang='lat' dir='ltr'>modico</span> <span class='ocrx_word' id='word_1_66' title='bbox 1001 720 1166 758; x_wconf 89' lang='lat' dir='ltr'>volumini</span> <span class='ocrx_word' id='word_1_67' title='bbox 1194 724 1263 756; x_wconf 86' lang='lat' dir='ltr'>tam</span> <span class='ocrx_word' id='word_1_68' title='bbox 1287 720 1421 765; x_wconf 78' lang='lat' dir='ltr'>largam</span> <span class='ocrx_word' id='word_1_69' title='bbox 1444 724 1750 757; x_wconf 83' lang='lat' dir='ltr'>monumentorum</span> 
     </span>
     <span class='ocr_line' id='line_1_9' title="bbox 163 789 1750 845; baseline -0.004 -11"><span class='ocrx_word' id='word_1_70' title='bbox 163 797 301 845; x_wconf 86' lang='lat' dir='ltr'>copiam</span> <span class='ocrx_word' id='word_1_71' title='bbox 333 794 454 833; x_wconf 87' lang='lat' dir='ltr'>includi</span> <span class='ocrx_word' id='word_1_72' title='bbox 486 793 633 838; x_wconf 62' lang='lat' dir='ltr'>licuerit³</span> <span class='ocrx_word' id='word_1_73' title='bbox 668 804 781 839; x_wconf 88' lang='lat' dir='ltr'>eaque</span> <span class='ocrx_word' id='word_1_74' title='bbox 815 795 1038 828; x_wconf 86' lang='lat' dir='ltr'>monumenta</span> <span class='ocrx_word' id='word_1_75' title='bbox 1072 791 1145 839; x_wconf 90' lang='lat' dir='ltr'>ipsa</span> <span class='ocrx_word' id='word_1_76' title='bbox 1179 794 1278 826; x_wconf 89' lang='lat' dir='ltr'>tanto</span> <span class='ocrx_word' id='word_1_77' title='bbox 1309 789 1445 825; x_wconf 79' lang='lat' dir='ltr'>facilius</span> <span class='ocrx_word' id='word_1_78' title='bbox 1476 789 1510 826; x_wconf 87' lang='lat' dir='ltr'>in</span> <span class='ocrx_word' id='word_1_79' title='bbox 1541 790 1750 838; x_wconf 83' lang='lat' dir='ltr'>popularem</span> 
     </span>
     <span class='ocr_line' id='line_1_10' title="bbox 165 863 817 904; baseline -0.011 0"><span class='ocrx_word' id='word_1_80' title='bbox 165 867 378 904; x_wconf 89' lang='lat' dir='ltr'>eruditorum</span> <span class='ocrx_word' id='word_1_81' title='bbox 409 875 504 899; x_wconf 88' lang='lat' dir='ltr'>usum</span> <span class='ocrx_word' id='word_1_82' title='bbox 538 863 817 898; x_wconf 73' lang='lat' dir='ltr'>traducerentur.</span> 
     </span>
    </p>

    <p class='ocr_par' dir='ltr' id='par_1_3' title="bbox 155 928 1754 2590">
     <span class='ocr_line' id='line_1_11' title="bbox 300 928 1752 981; baseline -0.001 -12"><span class='ocrx_word' id='word_1_83' title='bbox 300 937 490 980; x_wconf 82' lang='lat' dir='ltr'>Antequam</span> <span class='ocrx_word' id='word_1_84' title='bbox 524 933 625 969; x_wconf 81' lang='lat' dir='ltr'>finem</span> <span class='ocrx_word' id='word_1_85' title='bbox 657 931 840 981; x_wconf 75' lang='lat' dir='ltr'>praefandi</span> <span class='ocrx_word' id='word_1_86' title='bbox 873 930 1020 976; x_wconf 81' lang='lat' dir='ltr'>faciam,</span> <span class='ocrx_word' id='word_1_87' title='bbox 1063 931 1130 967; x_wconf 85' lang='lat' dir='ltr'>hoc</span> <span class='ocrx_word' id='word_1_88' title='bbox 1163 931 1314 966; x_wconf 86' lang='lat' dir='ltr'>lectores</span> <span class='ocrx_word' id='word_1_89' title='bbox 1357 928 1509 965; x_wconf 88' lang='lat' dir='ltr'>monitos</span> <span class='ocrx_word' id='word_1_90' title='bbox 1542 941 1622 966; x_wconf 87' lang='lat' dir='ltr'>esse</span> <span class='ocrx_word' id='word_1_91' title='bbox 1653 930 1752 977; x_wconf 81' lang='lat' dir='ltr'>volo,</span> 
     </span>
     <span class='ocr_line' id='line_1_12' title="bbox 165 999 1753 1051; baseline -0.004 -8"><span class='ocrx_word' id='word_1_92' title='bbox 165 1018 219 1043; x_wconf 91' lang='lat' dir='ltr'>me</span> <span class='ocrx_word' id='word_1_93' title='bbox 250 1007 283 1043; x_wconf 88' lang='lat' dir='ltr'>in</span> <span class='ocrx_word' id='word_1_94' title='bbox 315 1007 378 1040; x_wconf 82' lang='lat' dir='ltr'>hoc</span> <span class='ocrx_word' id='word_1_95' title='bbox 411 1014 521 1051; x_wconf 89' lang='lat' dir='ltr'>opere</span> <span class='ocrx_word' id='word_1_96' title='bbox 555 1002 636 1038; x_wconf 83' lang='lat' dir='ltr'>niliil</span> <span class='ocrx_word' id='word_1_97' title='bbox 668 1002 798 1048; x_wconf 76' lang='lat' dir='ltr'>magni,</span> <span class='ocrx_word' id='word_1_98' title='bbox 831 1001 913 1037; x_wconf 82' lang='lat' dir='ltr'>niliil</span> <span class='ocrx_word' id='word_1_99' title='bbox 946 1001 1126 1048; x_wconf 79' lang='lat' dir='ltr'>exquisiti,</span> <span class='ocrx_word' id='word_1_100' title='bbox 1158 1000 1240 1036; x_wconf 81' lang='lat' dir='ltr'>niliil</span> <span class='ocrx_word' id='word_1_101' title='bbox 1272 999 1474 1036; x_wconf 88' lang='lat' dir='ltr'>inveniendi</span> <span class='ocrx_word' id='word_1_102' title='bbox 1507 999 1667 1036; x_wconf 80' lang='lat' dir='ltr'>acumine</span> <span class='ocrx_word' id='word_1_103' title='bbox 1693 1004 1753 1037; x_wconf 90' lang='lat' dir='ltr'>aut</span> 
     </span>
     <span class='ocr_line' id='line_1_13' title="bbox 163 1069 1751 1120; baseline -0.003 -8"><span class='ocrx_word' id='word_1_104' title='bbox 163 1076 340 1113; x_wconf 89' lang='lat' dir='ltr'>recondita</span> <span class='ocrx_word' id='word_1_105' title='bbox 373 1073 571 1109; x_wconf 82' lang='lat' dir='ltr'>eruditione</span> <span class='ocrx_word' id='word_1_106' title='bbox 604 1071 784 1120; x_wconf 78' lang='lat' dir='ltr'>conspicui</span> <span class='ocrx_word' id='word_1_107' title='bbox 817 1070 1048 1119; x_wconf 75' lang='lat' dir='ltr'>promittere3</span> <span class='ocrx_word' id='word_1_108' title='bbox 1085 1071 1148 1107; x_wconf 88' lang='lat' dir='ltr'>sed</span> <span class='ocrx_word' id='word_1_109' title='bbox 1181 1070 1333 1106; x_wconf 89' lang='lat' dir='ltr'>tironum</span> <span class='ocrx_word' id='word_1_110' title='bbox 1366 1069 1484 1106; x_wconf 92' lang='lat' dir='ltr'>usibus</span> <span class='ocrx_word' id='word_1_111' title='bbox 1517 1074 1552 1106; x_wconf 88' lang='lat' dir='ltr'>et</span> <span class='ocrx_word' id='word_1_112' title='bbox 1585 1069 1751 1107; x_wconf 87' lang='lat' dir='ltr'>erudito-</span> 
     </span>
     <span class='ocr_line' id='line_1_14' title="bbox 166 1139 1753 1188; baseline -0.004 -7"><span class='ocrx_word' id='word_1_113' title='bbox 166 1158 240 1182; x_wconf 86' lang='lat' dir='ltr'>rum</span> <span class='ocrx_word' id='word_1_114' title='bbox 269 1142 507 1180; x_wconf 87' lang='lat' dir='ltr'>commoditati</span> <span class='ocrx_word' id='word_1_115' title='bbox 540 1141 790 1187; x_wconf 76' lang='lat' dir='ltr'>inserviendo,</span> <span class='ocrx_word' id='word_1_116' title='bbox 833 1140 1050 1188; x_wconf 86' lang='lat' dir='ltr'>antiquarum</span> <span class='ocrx_word' id='word_1_117' title='bbox 1093 1141 1272 1177; x_wconf 89' lang='lat' dir='ltr'>literarum</span> <span class='ocrx_word' id='word_1_118' title='bbox 1304 1140 1472 1176; x_wconf 84' lang='lat' dir='ltr'>studiosis</span> <span class='ocrx_word' id='word_1_119' title='bbox 1503 1139 1753 1176; x_wconf 89' lang='lat' dir='ltr'>commendare</span> 
     </span>
     <span class='ocr_line' id='line_1_15' title="bbox 164 1209 1753 1261; baseline -0.003 -10"><span class='ocrx_word' id='word_1_120' title='bbox 164 1213 424 1261; x_wconf 86' lang='lat' dir='ltr'>inscriptionum</span> <span class='ocrx_word' id='word_1_121' title='bbox 457 1223 680 1248; x_wconf 85' lang='lat' dir='ltr'>romanarum</span> <span class='ocrx_word' id='word_1_122' title='bbox 712 1211 862 1247; x_wconf 85' lang='lat' dir='ltr'>studium</span> <span class='ocrx_word' id='word_1_123' title='bbox 894 1216 931 1246; x_wconf 88' lang='lat' dir='ltr'>et</span> <span class='ocrx_word' id='word_1_124' title='bbox 963 1210 1142 1247; x_wconf 85' lang='lat' dir='ltr'>scientiam</span> <span class='ocrx_word' id='word_1_125' title='bbox 1174 1210 1256 1246; x_wconf 81' lang='lat' dir='ltr'>milii</span> <span class='ocrx_word' id='word_1_126' title='bbox 1281 1210 1466 1258; x_wconf 79' lang='lat' dir='ltr'>proposui,</span> <span class='ocrx_word' id='word_1_127' title='bbox 1498 1222 1588 1257; x_wconf 90' lang='lat' dir='ltr'>quae</span> <span class='ocrx_word' id='word_1_128' title='bbox 1611 1209 1753 1258; x_wconf 90' lang='lat' dir='ltr'>quidem</span> 
     </span>
     <span class='ocr_line' id='line_1_16' title="bbox 166 1279 1753 1329; baseline -0.002 -9"><span class='ocrx_word' id='word_1_129' title='bbox 166 1290 200 1321; x_wconf 91' lang='lat' dir='ltr'>et</span> <span class='ocrx_word' id='word_1_130' title='bbox 229 1282 411 1319; x_wconf 86' lang='lat' dir='ltr'>latinarum</span> <span class='ocrx_word' id='word_1_131' title='bbox 445 1282 623 1318; x_wconf 88' lang='lat' dir='ltr'>literarum</span> <span class='ocrx_word' id='word_1_132' title='bbox 656 1281 948 1329; x_wconf 86' lang='lat' dir='ltr'>complementum</span> <span class='ocrx_word' id='word_1_133' title='bbox 982 1281 1139 1316; x_wconf 86' lang='lat' dir='ltr'>continet</span> <span class='ocrx_word' id='word_1_134' title='bbox 1171 1281 1274 1327; x_wconf 89' lang='lat' dir='ltr'>plane</span> <span class='ocrx_word' id='word_1_135' title='bbox 1307 1279 1545 1316; x_wconf 87' lang='lat' dir='ltr'>necessarium</span> <span class='ocrx_word' id='word_1_136' title='bbox 1577 1284 1613 1316; x_wconf 88' lang='lat' dir='ltr'>et</span> <span class='ocrx_word' id='word_1_137' title='bbox 1633 1291 1753 1317; x_wconf 87' lang='lat' dir='ltr'>veram</span> 
     </span>
     <span class='ocr_line' id='line_1_17' title="bbox 162 1350 1754 1401; baseline -0.002 -12"><span class='ocrx_word' id='word_1_138' title='bbox 162 1353 419 1401; x_wconf 82' lang='lat' dir='ltr'>spirantemque</span> <span class='ocrx_word' id='word_1_139' title='bbox 462 1351 674 1398; x_wconf 81' lang='lat' dir='ltr'>antiquitatis</span> <span class='ocrx_word' id='word_1_140' title='bbox 717 1363 884 1387; x_wconf 88' lang='lat' dir='ltr'>romanae</span> <span class='ocrx_word' id='word_1_141' title='bbox 926 1351 1137 1396; x_wconf 81' lang='lat' dir='ltr'>imaginem,</span> <span class='ocrx_word' id='word_1_142' title='bbox 1181 1350 1371 1386; x_wconf 89' lang='lat' dir='ltr'>dummodo</span> <span class='ocrx_word' id='word_1_143' title='bbox 1404 1354 1501 1386; x_wconf 87' lang='lat' dir='ltr'>recte</span> <span class='ocrx_word' id='word_1_144' title='bbox 1540 1350 1754 1396; x_wconf 84' lang='lat' dir='ltr'>instituatur,</span> 
     </span>
     <span class='ocr_line' id='line_1_18' title="bbox 160 1420 1753 1470; baseline -0.001 -12"><span class='ocrx_word' id='word_1_145' title='bbox 160 1423 257 1470; x_wconf 86' lang='lat' dir='ltr'>siqua</span> <span class='ocrx_word' id='word_1_146' title='bbox 290 1422 356 1458; x_wconf 86' lang='lat' dir='ltr'>alia</span> <span class='ocrx_word' id='word_1_147' title='bbox 388 1423 511 1458; x_wconf 88' lang='lat' dir='ltr'>horum</span> <span class='ocrx_word' id='word_1_148' title='bbox 545 1421 739 1458; x_wconf 85' lang='lat' dir='ltr'>studiorum</span> <span class='ocrx_word' id='word_1_149' title='bbox 772 1433 866 1469; x_wconf 79' lang='lat' dir='ltr'>pars,</span> <span class='ocrx_word' id='word_1_150' title='bbox 899 1422 1001 1457; x_wconf 88' lang='lat' dir='ltr'>nobis</span> <span class='ocrx_word' id='word_1_151' title='bbox 1034 1424 1290 1468; x_wconf 85' lang='lat' dir='ltr'>repraesentat.</span> <span class='ocrx_word' id='word_1_152' title='bbox 1338 1420 1428 1456; x_wconf 87' lang='lat' dir='ltr'>Satis</span> <span class='ocrx_word' id='word_1_153' title='bbox 1460 1424 1647 1457; x_wconf 88' lang='lat' dir='ltr'>contentus</span> <span class='ocrx_word' id='word_1_154' title='bbox 1673 1431 1753 1467; x_wconf 86' lang='lat' dir='ltr'>ero,</span> 
     </span>
     <span class='ocr_line' id='line_1_19' title="bbox 159 1490 1753 1539; baseline -0.001 -11"><span class='ocrx_word' id='word_1_155' title='bbox 159 1493 186 1528; x_wconf 88' lang='lat' dir='ltr'>si</span> <span class='ocrx_word' id='word_1_156' title='bbox 220 1492 510 1539; x_wconf 81' lang='lat' dir='ltr'>quemadmodum</span> <span class='ocrx_word' id='word_1_157' title='bbox 543 1492 623 1527; x_wconf 91' lang='lat' dir='ltr'>olim</span> <span class='ocrx_word' id='word_1_158' title='bbox 656 1491 783 1527; x_wconf 79' lang='lat' dir='ltr'>abhinc</span> <span class='ocrx_word' id='word_1_159' title='bbox 817 1491 959 1538; x_wconf 85' lang='lat' dir='ltr'>triginta</span> <span class='ocrx_word' id='word_1_160' title='bbox 992 1491 1088 1527; x_wconf 87' lang='lat' dir='ltr'>aunis</span> <span class='ocrx_word' id='word_1_161' title='bbox 1118 1491 1324 1527; x_wconf 85' lang='lat' dir='ltr'>Aristotelis</span> <span class='ocrx_word' id='word_1_162' title='bbox 1364 1490 1487 1527; x_wconf 78' lang='lat' dir='ltr'>Ethica</span> <span class='ocrx_word' id='word_1_163' title='bbox 1519 1491 1753 1528; x_wconf 87' lang='lat' dir='ltr'>Nicomachea</span> 
     </span>
     <span class='ocr_line' id='line_1_20' title="bbox 161 1560 1753 1608; baseline -0.001 -10"><span class='ocrx_word' id='word_1_164' title='bbox 161 1562 301 1598; x_wconf 89' lang='lat' dir='ltr'>edendo</span> <span class='ocrx_word' id='word_1_165' title='bbox 334 1562 386 1598; x_wconf 91' lang='lat' dir='ltr'>vir</span> <span class='ocrx_word' id='word_1_166' title='bbox 416 1561 550 1598; x_wconf 88' lang='lat' dir='ltr'>iuvenis</span> <span class='ocrx_word' id='word_1_167' title='bbox 593 1562 745 1598; x_wconf 83' lang='lat' dir='ltr'>fortasse</span> <span class='ocrx_word' id='word_1_168' title='bbox 787 1561 916 1608; x_wconf 87' lang='lat' dir='ltr'>aliquid</span> <span class='ocrx_word' id='word_1_169' title='bbox 959 1561 1001 1596; x_wconf 92' lang='lat' dir='ltr'>ad</span> <span class='ocrx_word' id='word_1_170' title='bbox 1032 1561 1315 1608; x_wconf 87' lang='lat' dir='ltr'>promovendum</span> <span class='ocrx_word' id='word_1_171' title='bbox 1358 1561 1560 1597; x_wconf 84' lang='lat' dir='ltr'>Aristotelis</span> <span class='ocrx_word' id='word_1_172' title='bbox 1600 1560 1753 1597; x_wconf 82' lang='lat' dir='ltr'>studium</span> 
     </span>
     <span class='ocr_line' id='line_1_21' title="bbox 161 1630 1750 1678; baseline -0.001 -10"><span class='ocrx_word' id='word_1_173' title='bbox 161 1632 253 1668; x_wconf 87' lang='lat' dir='ltr'>iuter</span> <span class='ocrx_word' id='word_1_174' title='bbox 278 1635 453 1668; x_wconf 81' lang='lat' dir='ltr'>nostrates</span> <span class='ocrx_word' id='word_1_175' title='bbox 486 1631 665 1667; x_wconf 89' lang='lat' dir='ltr'>literarum</span> <span class='ocrx_word' id='word_1_176' title='bbox 689 1642 899 1678; x_wconf 84' lang='lat' dir='ltr'>graecarum</span> <span class='ocrx_word' id='word_1_177' title='bbox 931 1631 1109 1667; x_wconf 88' lang='lat' dir='ltr'>studiosos</span> <span class='ocrx_word' id='word_1_178' title='bbox 1142 1631 1286 1675; x_wconf 84' lang='lat' dir='ltr'>contuli,</span> <span class='ocrx_word' id='word_1_179' title='bbox 1317 1630 1363 1666; x_wconf 91' lang='lat' dir='ltr'>ita</span> <span class='ocrx_word' id='word_1_180' title='bbox 1397 1642 1486 1666; x_wconf 90' lang='lat' dir='ltr'>nunc</span> <span class='ocrx_word' id='word_1_181' title='bbox 1517 1630 1559 1666; x_wconf 90' lang='lat' dir='ltr'>ad</span> <span class='ocrx_word' id='word_1_182' title='bbox 1582 1641 1750 1667; x_wconf 88' lang='lat' dir='ltr'>romanae</span> 
     </span>
     <span class='ocr_line' id='line_1_22' title="bbox 159 1700 1750 1750; baseline 0 -13"><span class='ocrx_word' id='word_1_183' title='bbox 159 1701 409 1750; x_wconf 84' lang='lat' dir='ltr'>epigraphicae</span> <span class='ocrx_word' id='word_1_184' title='bbox 449 1701 597 1738; x_wconf 88' lang='lat' dir='ltr'>studium</span> <span class='ocrx_word' id='word_1_185' title='bbox 640 1701 910 1749; x_wconf 80' lang='lat' dir='ltr'>propagandum</span> <span class='ocrx_word' id='word_1_186' title='bbox 953 1705 1057 1748; x_wconf 85' lang='lat' dir='ltr'>alque</span> <span class='ocrx_word' id='word_1_187' title='bbox 1099 1700 1209 1747; x_wconf 86' lang='lat' dir='ltr'>magis</span> <span class='ocrx_word' id='word_1_188' title='bbox 1250 1701 1435 1748; x_wconf 79' lang='lat' dir='ltr'>magisque</span> <span class='ocrx_word' id='word_1_189' title='bbox 1466 1700 1499 1736; x_wconf 93' lang='lat' dir='ltr'>in</span> <span class='ocrx_word' id='word_1_190' title='bbox 1540 1701 1750 1749; x_wconf 87' lang='lat' dir='ltr'>popularem</span> 
     </span>
     <span class='ocr_line' id='line_1_23' title="bbox 162 1771 1747 1820; baseline 0 -12"><span class='ocrx_word' id='word_1_191' title='bbox 162 1771 378 1808; x_wconf 87' lang='lat' dir='ltr'>eruditorum</span> <span class='ocrx_word' id='word_1_192' title='bbox 411 1783 507 1808; x_wconf 92' lang='lat' dir='ltr'>usum</span> <span class='ocrx_word' id='word_1_193' title='bbox 540 1772 632 1820; x_wconf 87' lang='lat' dir='ltr'>apud</span> <span class='ocrx_word' id='word_1_194' title='bbox 665 1783 729 1808; x_wconf 91' lang='lat' dir='ltr'>nos</span> <span class='ocrx_word' id='word_1_195' title='bbox 762 1772 1017 1808; x_wconf 88' lang='lat' dir='ltr'>traducendum</span> <span class='ocrx_word' id='word_1_196' title='bbox 1051 1776 1224 1817; x_wconf 77' lang='lat' dir='ltr'>vergente</span> <span class='ocrx_word' id='word_1_197' title='bbox 1257 1782 1332 1807; x_wconf 88' lang='lat' dir='ltr'>mea</span> <span class='ocrx_word' id='word_1_198' title='bbox 1366 1775 1481 1807; x_wconf 87' lang='lat' dir='ltr'>aetate</span> <span class='ocrx_word' id='word_1_199' title='bbox 1503 1771 1632 1818; x_wconf 84' lang='lat' dir='ltr'>aliquid</span> <span class='ocrx_word' id='word_1_200' title='bbox 1655 1782 1747 1808; x_wconf 84' lang='lat' dir='ltr'>con-</span> 
     </span>
     <span class='ocr_line' id='line_1_24' title="bbox 160 1841 1751 1888; baseline 0.001 -11"><span class='ocrx_word' id='word_1_201' title='bbox 160 1841 287 1878; x_wconf 86' lang='lat' dir='ltr'>tulero.</span> <span class='ocrx_word' id='word_1_202' title='bbox 350 1842 427 1885; x_wconf 86' lang='lat' dir='ltr'>Quo</span> <span class='ocrx_word' id='word_1_203' title='bbox 459 1842 491 1877; x_wconf 90' lang='lat' dir='ltr'>in</span> <span class='ocrx_word' id='word_1_204' title='bbox 525 1846 652 1878; x_wconf 86' lang='lat' dir='ltr'>conatu</span> <span class='ocrx_word' id='word_1_205' title='bbox 686 1843 742 1878; x_wconf 88' lang='lat' dir='ltr'>vel</span> <span class='ocrx_word' id='word_1_206' title='bbox 775 1842 864 1878; x_wconf 82' lang='lat' dir='ltr'>lianc</span> <span class='ocrx_word' id='word_1_207' title='bbox 897 1842 942 1878; x_wconf 91' lang='lat' dir='ltr'>ob</span> <span class='ocrx_word' id='word_1_208' title='bbox 982 1853 1120 1877; x_wconf 85' lang='lat' dir='ltr'>causam</span> <span class='ocrx_word' id='word_1_209' title='bbox 1161 1842 1314 1877; x_wconf 84' lang='lat' dir='ltr'>lectores</span> <span class='ocrx_word' id='word_1_210' title='bbox 1358 1852 1492 1888; x_wconf 88' lang='lat' dir='ltr'>aequos</span> <span class='ocrx_word' id='word_1_211' title='bbox 1526 1845 1561 1877; x_wconf 90' lang='lat' dir='ltr'>et</span> <span class='ocrx_word' id='word_1_212' title='bbox 1592 1841 1751 1878; x_wconf 87' lang='lat' dir='ltr'>eruditos</span> 
     </span>
     <span class='ocr_line' id='line_1_25' title="bbox 161 1910 1752 1959; baseline 0 -11"><span class='ocrx_word' id='word_1_213' title='bbox 161 1914 198 1948; x_wconf 90' lang='lat' dir='ltr'>nt</span> <span class='ocrx_word' id='word_1_214' title='bbox 230 1913 321 1948; x_wconf 85' lang='lat' dir='ltr'>hunc</span> <span class='ocrx_word' id='word_1_215' title='bbox 363 1912 518 1947; x_wconf 87' lang='lat' dir='ltr'>laborem</span> <span class='ocrx_word' id='word_1_216' title='bbox 551 1912 653 1959; x_wconf 89' lang='lat' dir='ltr'>aequi</span> <span class='ocrx_word' id='word_1_217' title='bbox 696 1913 852 1959; x_wconf 87' lang='lat' dir='ltr'>bonique</span> <span class='ocrx_word' id='word_1_218' title='bbox 883 1912 1089 1957; x_wconf 83' lang='lat' dir='ltr'>cousulant,</span> <span class='ocrx_word' id='word_1_219' title='bbox 1131 1922 1263 1958; x_wconf 84' lang='lat' dir='ltr'>rogare</span> <span class='ocrx_word' id='word_1_220' title='bbox 1295 1910 1435 1956; x_wconf 73' lang='lat' dir='ltr'>licebit,</span> <span class='ocrx_word' id='word_1_221' title='bbox 1477 1910 1640 1958; x_wconf 88' lang='lat' dir='ltr'>quoniam</span> <span class='ocrx_word' id='word_1_222' title='bbox 1681 1912 1752 1948; x_wconf 84' lang='lat' dir='ltr'>hoc</span> 
     </span>
     <span class='ocr_line' id='line_1_26' title="bbox 164 1980 1750 2031; baseline 0 -13"><span class='ocrx_word' id='word_1_223' title='bbox 164 1982 241 2031; x_wconf 89' lang='lat' dir='ltr'>ipso</span> <span class='ocrx_word' id='word_1_224' title='bbox 274 1986 459 2029; x_wconf 74' lang='lat' dir='ltr'>tempore,</span> <span class='ocrx_word' id='word_1_225' title='bbox 492 1993 560 2028; x_wconf 88' lang='lat' dir='ltr'>quo</span> <span class='ocrx_word' id='word_1_226' title='bbox 593 1986 660 2018; x_wconf 87' lang='lat' dir='ltr'>tam</span> <span class='ocrx_word' id='word_1_227' title='bbox 704 1982 832 2018; x_wconf 88' lang='lat' dir='ltr'>multae</span> <span class='ocrx_word' id='word_1_228' title='bbox 864 1993 920 2018; x_wconf 84' lang='lat' dir='ltr'>res</span> <span class='ocrx_word' id='word_1_229' title='bbox 953 1986 989 2018; x_wconf 90' lang='lat' dir='ltr'>et</span> <span class='ocrx_word' id='word_1_230' title='bbox 1030 1986 1099 2017; x_wconf 90' lang='lat' dir='ltr'>tam</span> <span class='ocrx_word' id='word_1_231' title='bbox 1132 1981 1360 2018; x_wconf 84' lang='lat' dir='ltr'>calamitosae</span> <span class='ocrx_word' id='word_1_232' title='bbox 1391 1985 1543 2017; x_wconf 84' lang='lat' dir='ltr'>mentem</span> <span class='ocrx_word' id='word_1_233' title='bbox 1576 1993 1594 2017; x_wconf 92' lang='lat' dir='ltr'>a</span> <span class='ocrx_word' id='word_1_234' title='bbox 1627 1980 1750 2018; x_wconf 89' lang='lat' dir='ltr'>studiis</span> 
     </span>
     <span class='ocr_line' id='line_1_27' title="bbox 162 2051 1749 2099; baseline 0 -11"><span class='ocrx_word' id='word_1_235' title='bbox 162 2055 197 2088; x_wconf 87' lang='lat' dir='ltr'>et</span> <span class='ocrx_word' id='word_1_236' title='bbox 229 2063 246 2088; x_wconf 91' lang='lat' dir='ltr'>a</span> <span class='ocrx_word' id='word_1_237' title='bbox 279 2051 376 2087; x_wconf 86' lang='lat' dir='ltr'>libris</span> <span class='ocrx_word' id='word_1_238' title='bbox 409 2052 616 2088; x_wconf 80' lang='lat' dir='ltr'>evolvendis</span> <span class='ocrx_word' id='word_1_239' title='bbox 649 2056 814 2098; x_wconf 70' lang='lat' dir='ltr'>avocant,</span> <span class='ocrx_word' id='word_1_240' title='bbox 847 2056 881 2088; x_wconf 93' lang='lat' dir='ltr'>et</span> <span class='ocrx_word' id='word_1_241' title='bbox 914 2051 1178 2088; x_wconf 83' lang='lat' dir='ltr'>honestissimus</span> <span class='ocrx_word' id='word_1_242' title='bbox 1211 2051 1289 2088; x_wconf 89' lang='lat' dir='ltr'>libri</span> <span class='ocrx_word' id='word_1_243' title='bbox 1321 2051 1503 2088; x_wconf 86' lang='lat' dir='ltr'>redemtor</span> <span class='ocrx_word' id='word_1_244' title='bbox 1535 2055 1569 2087; x_wconf 89' lang='lat' dir='ltr'>et</span> <span class='ocrx_word' id='word_1_245' title='bbox 1602 2062 1673 2099; x_wconf 89' lang='lat' dir='ltr'>ego</span> <span class='ocrx_word' id='word_1_246' title='bbox 1706 2052 1749 2089; x_wconf 88' lang='lat' dir='ltr'>ab</span> 
     </span>
     <span class='ocr_line' id='line_1_28' title="bbox 156 2121 1749 2169; baseline 0.001 -12"><span class='ocrx_word' id='word_1_247' title='bbox 156 2121 299 2169; x_wconf 86' lang='lat' dir='ltr'>incepto</span> <span class='ocrx_word' id='word_1_248' title='bbox 332 2132 399 2157; x_wconf 87' lang='lat' dir='ltr'>nou</span> <span class='ocrx_word' id='word_1_249' title='bbox 433 2121 638 2158; x_wconf 88' lang='lat' dir='ltr'>destitimus.</span> <span class='ocrx_word' id='word_1_250' title='bbox 686 2122 752 2158; x_wconf 91' lang='lat' dir='ltr'>Ubi</span> <span class='ocrx_word' id='word_1_251' title='bbox 784 2134 858 2159; x_wconf 89' lang='lat' dir='ltr'>rem</span> <span class='ocrx_word' id='word_1_252' title='bbox 892 2134 960 2159; x_wconf 90' lang='lat' dir='ltr'>non</span> <span class='ocrx_word' id='word_1_253' title='bbox 994 2122 1083 2158; x_wconf 87' lang='lat' dir='ltr'>male</span> <span class='ocrx_word' id='word_1_254' title='bbox 1107 2121 1208 2158; x_wconf 90' lang='lat' dir='ltr'>nobis</span> <span class='ocrx_word' id='word_1_255' title='bbox 1241 2121 1388 2158; x_wconf 88' lang='lat' dir='ltr'>cessisse</span> <span class='ocrx_word' id='word_1_256' title='bbox 1412 2132 1636 2168; x_wconf 78' lang='lat' dir='ltr'>cognovero,</span> <span class='ocrx_word' id='word_1_257' title='bbox 1668 2121 1749 2159; x_wconf 85' lang='lat' dir='ltr'>for-</span> 
     </span>
     <span class='ocr_line' id='line_1_29' title="bbox 161 2191 1749 2240; baseline 0.003 -15"><span class='ocrx_word' id='word_1_258' title='bbox 161 2194 254 2226; x_wconf 86' lang='lat' dir='ltr'>tasse</span> <span class='ocrx_word' id='word_1_259' title='bbox 286 2191 425 2226; x_wconf 87' lang='lat' dir='ltr'>tertium</span> <span class='ocrx_word' id='word_1_260' title='bbox 458 2192 621 2227; x_wconf 88' lang='lat' dir='ltr'>volumen</span> <span class='ocrx_word' id='word_1_261' title='bbox 654 2203 730 2228; x_wconf 91' lang='lat' dir='ltr'>cum</span> <span class='ocrx_word' id='word_1_262' title='bbox 764 2192 974 2228; x_wconf 83' lang='lat' dir='ltr'>christianae</span> <span class='ocrx_word' id='word_1_263' title='bbox 1006 2192 1220 2239; x_wconf 87' lang='lat' dir='ltr'>antiquitatis</span> <span class='ocrx_word' id='word_1_264' title='bbox 1252 2191 1537 2240; x_wconf 88' lang='lat' dir='ltr'>inscriptionibus</span> <span class='ocrx_word' id='word_1_265' title='bbox 1560 2191 1749 2239; x_wconf 88' lang='lat' dir='ltr'>aliquando</span> 
     </span>
     <span class='ocr_line' id='line_1_30' title="bbox 163 2260 1748 2310; baseline 0.002 -15"><span class='ocrx_word' id='word_1_266' title='bbox 163 2260 323 2296; x_wconf 90' lang='lat' dir='ltr'>addetur.</span> <span class='ocrx_word' id='word_1_267' title='bbox 371 2260 442 2296; x_wconf 88' lang='lat' dir='ltr'>Sed</span> <span class='ocrx_word' id='word_1_268' title='bbox 477 2261 519 2297; x_wconf 89' lang='lat' dir='ltr'>ad</span> <span class='ocrx_word' id='word_1_269' title='bbox 552 2262 640 2298; x_wconf 78' lang='lat' dir='ltr'>lianc</span> <span class='ocrx_word' id='word_1_270' title='bbox 672 2274 745 2298; x_wconf 86' lang='lat' dir='ltr'>rein</span> <span class='ocrx_word' id='word_1_271' title='bbox 777 2262 1027 2310; x_wconf 82' lang='lat' dir='ltr'>perficiendam</span> <span class='ocrx_word' id='word_1_272' title='bbox 1059 2267 1093 2298; x_wconf 89' lang='lat' dir='ltr'>et</span> <span class='ocrx_word' id='word_1_273' title='bbox 1126 2262 1285 2299; x_wconf 85' lang='lat' dir='ltr'>feliciora</span> <span class='ocrx_word' id='word_1_274' title='bbox 1318 2266 1478 2310; x_wconf 88' lang='lat' dir='ltr'>tempora</span> <span class='ocrx_word' id='word_1_275' title='bbox 1511 2266 1546 2297; x_wconf 91' lang='lat' dir='ltr'>et</span> <span class='ocrx_word' id='word_1_276' title='bbox 1576 2261 1653 2310; x_wconf 91' lang='lat' dir='ltr'>plus</span> <span class='ocrx_word' id='word_1_277' title='bbox 1685 2261 1748 2298; x_wconf 90' lang='lat' dir='ltr'>otii</span> 
     </span>
     <span class='ocr_line' id='line_1_31' title="bbox 161 2331 1749 2380; baseline 0.002 -15"><span class='ocrx_word' id='word_1_278' title='bbox 161 2334 355 2378; x_wconf 85' lang='lat' dir='ltr'>exspecto:</span> <span class='ocrx_word' id='word_1_279' title='bbox 398 2341 475 2366; x_wconf 90' lang='lat' dir='ltr'>nam</span> <span class='ocrx_word' id='word_1_280' title='bbox 515 2342 605 2366; x_wconf 88' lang='lat' dir='ltr'>nunc</span> <span class='ocrx_word' id='word_1_281' title='bbox 646 2332 784 2378; x_wconf 86' lang='lat' dir='ltr'>quidem</span> <span class='ocrx_word' id='word_1_282' title='bbox 826 2344 880 2367; x_wconf 90' lang='lat' dir='ltr'>me</span> <span class='ocrx_word' id='word_1_283' title='bbox 919 2332 962 2367; x_wconf 89' lang='lat' dir='ltr'>de</span> <span class='ocrx_word' id='word_1_284' title='bbox 994 2332 1185 2368; x_wconf 89' lang='lat' dir='ltr'>communis</span> <span class='ocrx_word' id='word_1_285' title='bbox 1226 2331 1432 2368; x_wconf 88' lang='lat' dir='ltr'>Germaniae</span> <span class='ocrx_word' id='word_1_286' title='bbox 1463 2333 1598 2380; x_wconf 79' lang='lat' dir='ltr'>patriae</span> <span class='ocrx_word' id='word_1_287' title='bbox 1636 2335 1672 2368; x_wconf 88' lang='lat' dir='ltr'>et</span> <span class='ocrx_word' id='word_1_288' title='bbox 1702 2331 1749 2368; x_wconf 88' lang='lat' dir='ltr'>de</span> 
     </span>
     <span class='ocr_line' id='line_1_32' title="bbox 155 2398 1748 2449; baseline 0.001 -14"><span class='ocrx_word' id='word_1_289' title='bbox 155 2398 342 2447; x_wconf 88' lang='lat' dir='ltr'>peculiaris</span> <span class='ocrx_word' id='word_1_290' title='bbox 365 2399 530 2435; x_wconf 86' lang='lat' dir='ltr'>Badensis</span> <span class='ocrx_word' id='word_1_291' title='bbox 557 2404 654 2437; x_wconf 88' lang='lat' dir='ltr'>sorte</span> <span class='ocrx_word' id='word_1_292' title='bbox 675 2413 843 2449; x_wconf 87' lang='lat' dir='ltr'>perquam</span> <span class='ocrx_word' id='word_1_293' title='bbox 871 2401 1057 2438; x_wconf 90' lang='lat' dir='ltr'>sollicitum</span> <span class='ocrx_word' id='word_1_294' title='bbox 1079 2406 1113 2438; x_wconf 89' lang='lat' dir='ltr'>et</span> <span class='ocrx_word' id='word_1_295' title='bbox 1136 2401 1288 2448; x_wconf 81' lang='lat' dir='ltr'>negotiis</span> <span class='ocrx_word' id='word_1_296' title='bbox 1310 2401 1344 2438; x_wconf 91' lang='lat' dir='ltr'>in</span> <span class='ocrx_word' id='word_1_297' title='bbox 1376 2406 1553 2438; x_wconf 88' lang='lat' dir='ltr'>conventu</span> <span class='ocrx_word' id='word_1_298' title='bbox 1583 2405 1748 2448; x_wconf 85' lang='lat' dir='ltr'>statuum,</span> 
     </span>
     <span class='ocr_line' id='line_1_33' title="bbox 156 2467 1746 2519; baseline 0.003 -16"><span class='ocrx_word' id='word_1_299' title='bbox 156 2467 214 2515; x_wconf 91' lang='lat' dir='ltr'>qui</span> <span class='ocrx_word' id='word_1_300' title='bbox 245 2468 429 2514; x_wconf 83' lang='lat' dir='ltr'>dicuntur,</span> <span class='ocrx_word' id='word_1_301' title='bbox 461 2469 691 2516; x_wconf 71' lang='lat' dir='ltr'>Badensium,</span> <span class='ocrx_word' id='word_1_302' title='bbox 723 2483 793 2518; x_wconf 90' lang='lat' dir='ltr'>quo</span> <span class='ocrx_word' id='word_1_303' title='bbox 826 2473 980 2519; x_wconf 86' lang='lat' dir='ltr'>legatum</span> <span class='ocrx_word' id='word_1_304' title='bbox 1013 2484 1068 2508; x_wconf 89' lang='lat' dir='ltr'>me</span> <span class='ocrx_word' id='word_1_305' title='bbox 1101 2472 1196 2508; x_wconf 88' lang='lat' dir='ltr'>cives</span> <span class='ocrx_word' id='word_1_306' title='bbox 1228 2472 1296 2509; x_wconf 86' lang='lat' dir='ltr'>mei</span> <span class='ocrx_word' id='word_1_307' title='bbox 1327 2472 1516 2519; x_wconf 83' lang='lat' dir='ltr'>miserunt,</span> <span class='ocrx_word' id='word_1_308' title='bbox 1548 2471 1746 2508; x_wconf 86' lang='lat' dir='ltr'>districtum</span> 
     </span>
     <span class='ocr_line' id='line_1_34' title="bbox 156 2538 993 2590; baseline 0.006 -16"><span class='ocrx_word' id='word_1_309' title='bbox 156 2538 245 2575; x_wconf 82' lang='lat' dir='ltr'>lianc</span> <span class='ocrx_word' id='word_1_310' title='bbox 275 2539 532 2587; x_wconf 83' lang='lat' dir='ltr'>praefationem</span> <span class='ocrx_word' id='word_1_311' title='bbox 565 2540 791 2578; x_wconf 88' lang='lat' dir='ltr'>conscribere</span> <span class='ocrx_word' id='word_1_312' title='bbox 825 2542 993 2590; x_wconf 90' lang='lat' dir='ltr'>oportuit.</span> 
     </span>
    </p>
   </div>
   <div class='ocr_carea' id='block_1_3' title="bbox 290 2617 1166 2660">
    <p class='ocr_par' dir='ltr' id='par_1_4' title="bbox 290 2617 1166 2660">
     <span class='ocr_line' id='line_1_35' title="bbox 290 2617 1166 2660; baseline 0.002 -8"><span class='ocrx_word' id='word_1_313' title='bbox 290 2617 584 2660; x_wconf 75' lang='lat' dir='ltr'>Carlsruhae‚</span> <span class='ocrx_word' id='word_1_314' title='bbox 611 2618 664 2652; x_wconf 85' lang='lat' dir='ltr'>die</span> <span class='ocrx_word' id='word_1_315' title='bbox 688 2620 725 2653; x_wconf 92' lang='lat' dir='ltr'>V.</span> <span class='ocrx_word' id='word_1_316' title='bbox 752 2618 962 2654; x_wconf 77' lang='lat' dir='ltr'>Octobris</span> <span class='ocrx_word' id='word_1_317' title='bbox 989 2619 1166 2654; x_wconf 83' lang='lat' dir='ltr'>MDCCCL.</span> 
     </span>
    </p>
   </div>
  </div>
 </body>
</html>
