1877 3313
129 168 214 211 296
580 161 683 196 inser.
707 161 882 206 profanae.
932 160 1012 206 Cap.
1038 159 1079 195 Π.
1129 159 1287 194 Tabulae.

128 273 236 315 vitati
267 274 427 312 nostrae
458 281 550 311 esse
589 274 809 322 coeperunt
851 282 926 322 qua
968 268 1088 322 ipsius
1121 281 1198 321 qua
1229 267 1394 308 filiorum
1437 267 1545 308 eius:
1587 277 1731 320 nempe

127 337 355 386 pertaesum
386 333 448 369 est
478 332 631 369 mentes
662 329 777 382 regni
809 332 847 368 et
876 327 922 368 ad
951 326 1153 378 consules,
1186 338 1337 366 annuos
1359 327 1624 380 magistratus,
1656 325 1731 366 ad-

127 389 360 432 ministratio
390 387 486 440 reip.
526 386 712 427 translata
744 392 818 427 est.
882 386 981 433 Quid
1023 398 1126 425 nunc
1168 397 1475 426 commemorem
1515 384 1731 425 dictaturae

127 449 206 489 hoc
235 449 322 501 ipso
356 445 556 487 consulari
598 446 800 498 imperium
842 445 1033 484 valentius
1075 449 1279 497 repertum
1319 443 1420 495 apud
1453 443 1623 483 maiores
1654 454 1732 483 no-

128 512 234 548 stros
267 517 345 558 quo
375 506 413 545 in
446 504 714 557 asperioribus
747 503 860 544 bellis
893 508 958 543 aut
990 503 1027 542 in
1061 503 1160 542 civili
1194 506 1300 542 motu
1323 501 1539 542 difficiliore
1565 505 1732 541 uteren-

129 570 217 614 tur3
260 568 323 605 aut
354 564 392 603 in
425 563 613 603 auxilium
645 562 769 615 plebis
802 567 958 603 creatos
1000 561 1177 602 tribunos
1210 561 1371 613 plebei?
1434 559 1538 607 Quid
1578 571 1600 599 a
1631 571 1735 600 con-

130 623 282 665 sulibus
314 621 363 663 ad
395 621 643 662 decemviros
678 620 906 661 translatum
939 620 1141 672 imperium
1174 620 1386 670 solutoque
1406 623 1543 671 postea
1568 617 1734 657 decem-

131 681 246 723 virali
276 693 404 736 regno
437 679 486 721 ad
519 679 702 720 consules
741 691 882 720 rursus
915 678 1114 718 reditum?
1176 678 1277 725 Quid
1319 678 1421 717 inter
1460 676 1582 729 pluris
1602 673 1637 730 ¹)
1669 675 1734 715 di-

131 740 344 782 stributum
385 739 594 780 consulare
634 738 860 791 imperium,
913 737 1090 777 tribunos
1131 737 1290 776 militum
1333 735 1530 776 consulari
1570 735 1734 788 imperio

131 798 373 853 appellatOS,
405 797 470 849 qui
501 797 587 837 seni
618 801 658 836 et
688 808 808 848 saepe
841 797 971 836 octoni
1004 795 1268 835 crearentur?
1331 794 1432 841 Quid
1466 794 1736 834 communica-

129 862 194 899 tos
225 860 429 910 postremo
463 868 553 896 cum
584 855 699 907 plebe
732 855 906 894 honores
938 866 1016 894 non
1049 854 1186 906 imperi
1217 853 1342 894 solum
1380 851 1453 893 sed
1485 851 1736 893 sacerdotio-

130 928 219 957 rum
251 910 448 968 quoque?
509 913 586 953 Iam
616 914 649 954 si
681 925 836 953 narrem
870 912 968 953 bella
1001 925 1022 952 a
1054 913 1195 963 quibus
1228 912 1433 964 coeperint
1454 912 1625 951 maiores
1657 923 1737 951 no·-

130 975 203 1016 stri
234 979 273 1014 et
306 984 386 1023 quo
418 972 760 1026 processerimus,
801 983 946 1012 vereor
989 983 1039 1010 ne
1071 971 1183 1010 nimis
1216 970 1447 1010 insolentior
1479 981 1570 1009 esse
1601 968 1736 1009 videar

132 1038 173 1074 et
205 1032 413 1083 quaesisse
444 1031 694 1071 iactationem
726 1030 878 1083 gloriae
910 1029 1050 1082 prolati
1082 1030 1232 1081 imperii
1265 1028 1363 1069 ultra
1398 1040 1604 1068 oceanum.
1659 1026 1737 1068 Sed

131 1091 224 1133 illuc
241 1088 282 1145 2)
316 1090 447 1144 potius
480 1094 680 1130 revertar:
714 1089 1019 1128 civitatem....

824 1175 971 1216 Tabula
1003 1174 1045 1215 ll.

280 1278 891 1290 ......................
935 1257 1031 1285 sane
1064 1277 1100 1285 ..
1125 1276 1159 1284 ..
1195 1257 1299 1286 noso
1335 1276 1428 1284 ....
1475 1244 1587 1285 diuus
1633 1242 1736 1297 Aug.

193 1338 230 1348 ..
263 1320 315 1348 no
476 1306 536 1347 lus
567 1309 606 1345 et
637 1310 799 1358 patruus
831 1305 1014 1345 Tiberius
1056 1304 1202 1344 Caesar
1235 1316 1390 1344 omnem
1421 1303 1561 1343 florem
1593 1303 1739 1353 ubique

133 1367 378 1408 coloniarum
410 1377 455 1405 ac
486 1364 785 1416 municipiorum
819 1363 1010 1403 bonorum
1045 1363 1194 1403 seilicet
1226 1363 1399 1403 xirorum
1423 1366 1461 1400 et
1486 1361 1739 1414 locupletium

132 1427 174 1467 in
205 1425 278 1466 hac
308 1424 416 1465 curia
456 1435 548 1464 esse
589 1422 724 1463 voluit.
788 1421 887 1469 Quid
921 1422 1053 1474 ergo?
1115 1421 1199 1461 Non
1245 1421 1394 1461 italicus
1435 1425 1596 1461 senator
1638 1432 1739 1472 pro-

134 1483 291 1524 vinciali
327 1483 457 1536 potior
499 1480 592 1521 est?
650 1480 725 1520 Iam
767 1481 878 1521 vobis
923 1493 1008 1520 eum
1055 1479 1151 1519 liam·
1194 1485 1343 1533 partem
1387 1491 1583 1519 censurae
1625 1491 1738 1519 meae

133 1542 359 1596 approbare
390 1552 578 1592 coepero,
610 1538 702 1589 quid
735 1539 783 1579 ‹le
816 1552 861 1578 ea
893 1551 936 1578 re
969 1539 1132 1578 sentiam
1166 1539 1286 1579 robus
1319 1536 1535 1579 ostendam.
1585 1536 1664 1578 Sed
1689 1550 1739 1577 ne

134 1598 403 1655 provinciales
447 1597 605 1649 quidem
638 1598 671 1637 si
712 1597 829 1638 modo
862 1608 1005 1637 ornare
1047 1598 1191 1637 curiam
1232 1598 1404 1650 poterint
1445 1594 1684 1636 reiiciendos
1699 1592 1740 1650 ³)

134 1663 246 1713 puto.
308 1657 563 1698 Ornatissima
596 1668 691 1696 ecee
734 1656 886 1697 colonia
919 1655 1263 1706 valentissimaque
1308 1655 1586 1695 Viennensium
1628 1665 1742 1705 quam

135 1718 262 1772 longo
294 1717 368 1757 iam
402 1720 582 1768 tempore
614 1719 824 1755 senatores
859 1714 946 1754 liuic
978 1715 1109 1754 curiae
1141 1715 1306 1754 confert.
1377 1714 1437 1754 Ex
1479 1726 1554 1766 qua
1586 1713 1741 1754 colonia

136 1777 244 1818 inter
275 1786 424 1829 paucos
459 1773 658 1826 equestris
702 1773 851 1813 ordinis
894 1777 1166 1813 ornamentmn
1198 1773 1239 1813 L.
1273 1773 1474 1813 Vestinum
1516 1771 1742 1812 familiaris-

135 1835 239 1876 sime
274 1833 394 1887 diligo
428 1837 467 1872 et
498 1831 695 1884 hodieque
727 1833 764 1871 in
797 1832 919 1872 rebus
952 1832 1050 1871 meis
1083 1832 1253 1872 detineo.
1317 1832 1437 1872 Cuius
1469 1831 1578 1871 liberi
1603 1830 1742 1871 fruan-

138 1898 207 1934 tur
239 1903 391 1945 quaeso
424 1891 548 1943 primo
581 1889 895 1930 sacerdotiorum
935 1890 1059 1943 gradu
1093 1894 1182 1942 post
1224 1889 1340 1931 modo
1373 1902 1461 1930 cum
1493 1889 1603 1930 annis
1645 1901 1743 1941 pro-

137 1951 287 1992 moturi
318 1950 516 2003 dignitatis
547 1960 643 1988 suae
676 1949 926 1988 incrementa.
988 1948 1036 1988 Ut
1069 1948 1192 1988 dirum
1218 1961 1362 1988 nomen
1385 1948 1546 1989 latronis
1569 1953 1743 1996 taceam;

137 2015 178 2050 et
213 2007 279 2050 odi
309 2007 403 2048 illud
433 2007 685 2061 palestrieum
717 2006 936 2060 prodigium
970 2005 1073 2059 quod
1107 2012 1197 2046 ante
1230 2008 1266 2046 in
1300 2006 1457 2048 domum
1493 2006 1740 2047 consulatum

137 2067 281 2119 intulit,
313 2079 428 2119 quam
463 2066 623 2107 colonia
655 2078 726 2106 sua
759 2065 927 2106 solidum
959 2065 1124 2105 civitatis
1156 2078 1344 2105 romanae
1377 2065 1609 2105 beneficium
1641 2077 1744 2105 con-

139 2131 279 2169 secuta
313 2130 386 2166 est.
448 2124 553 2165 Idem
587 2124 636 2164 de
669 2123 790 2164 sratre
833 2125 916 2164 eius
955 2136 1118 2177 possum
1161 2123 1293 2163 dicere
1336 2123 1544 2164 miserabili
1585 2122 1743 2176 quidem

137 2184 496 2239 indignissimoque
529 2183 604 2223 hoc
636 2195 730 2223 casu
762 2188 803 2223 ut
836 2182 947 2222 vobis
980 2183 1082 2222 utilis
1114 2187 1274 2222 senator
1306 2195 1396 2222 esse
1429 2194 1505 2222 non
1538 2182 1744 2235 possit.—

140 2242 338 2298 (Tempus
372 2246 433 2282 est
465 2242 537 2282 iam
570 2241 700 2282 Tiberi
725 2240 869 2282 Caesar
891 2241 1137 2289 Germanice,
1171 2240 1362 2294 detegere
1383 2246 1421 2280 te
1443 2241 1618 2293 patribus
1642 2252 1744 2281 con-

139 2303 297 2355 scriptis
331 2312 410 2354 quo
443 2300 577 2340 tendat
609 2300 733 2340 oratio
768 2305 855 2340 tua:
899 2300 973 2340 iam
1015 2299 1116 2340 enim
1154 2299 1201 2339 ad
1234 2303 1434 2339 extremos
1467 2299 1565 2339 fines
1599 2299 1744 2340 Galliae

139 2360 404 2401 narbonensis
445 2355 626 2411 venisti.)
671 2382 726 2387 —-
769 2359 843 2399 Tot
885 2370 980 2398 ecee
1029 2358 1204 2411 insignes
1246 2359 1411 2397 iuvenes
1453 2362 1547 2409 quot
1588 2358 1744 2398 intueor

140 2431 221 2459 non
254 2419 378 2471 magis
410 2421 499 2458 sunt
530 2416 753 2470 paenitendi
785 2421 992 2457 senatores
1025 2429 1140 2469 quam
1178 2417 1350 2468 paenitet
1388 2416 1586 2456 Persicum
1626 2416 1744 2456 nobi-

139 2477 334 2518 lissimum
365 2476 504 2527 virum,
537 2476 702 2516 amicum
734 2488 877 2525 meum,
907 2477 1010 2515 inter
1041 2475 1232 2529 imagines
1265 2474 1457 2514 maiorum
1488 2486 1648 2514 suorum
1669 2472 1745 2514 Al-

138 2535 338 2590 lobrogici
368 2546 511 2575 nomen
543 2534 692 2588 legere.
762 2533 879 2581 Quod
920 2535 952 2573 si
992 2533 1090 2574 llaec
1130 2535 1182 2573 ita
1223 2545 1314 2573 esse
1357 2533 1609 2582 consentitis,
1651 2531 1744 2585 quid

141 2595 243 2635 ultra
275 2593 509 2634 desideratis
544 2605 658 2645 quam
691 2597 731 2633 ut
761 2593 875 2633 vobis
909 2592 1029 2645 digito
1063 2591 1330 2632 demonstrem
1362 2591 1489 2632 solum
1521 2592 1647 2644 ipsum
1680 2590 1745 2631 ul-

144 2656 204 2694 tra
235 2652 334 2694 fines
364 2652 592 2706 provinciae
624 2651 885 2692 narbonensis
917 2652 990 2691 iam
1023 2651 1134 2692 vobis
1156 2654 1364 2691 senatores
1386 2650 1554 2700 mittere,
1587 2648 1744 2702 quando

287 2821 324 2865 1)
350 2823 493 2867 Lipsius:
520 2823 597 2866 quid
622 2823 687 2866 imp
698 2847 783 2855 .....
795 2822 883 2861 ur2's3
910 2820 1029 2865 reliqui
1054 2822 1109 2853 im.
1135 2820 1262 2864 absque
1287 2819 1383 2853 litera
1407 2830 1439 2862 p.
1465 2819 1619 2852 Restituit
1635 2818 1744 2852 locum

145 2867 289 2901 Niebuhr
313 2870 409 2904 Rom.
436 2869 555 2903 Geseli.
581 2869 672 2902 Τοιιι.
700 2869 738 2902 11.
766 2881 795 2913 p.
823 2869 899 2901 ⁴171.
926 2873 994 2900 not.
1013 2868 1067 2901 84.
1094 2883 1138 2888 —-
1163 2868 1201 2905 2)
1230 2866 1358 2900 tabula:
1385 2867 1476 2899 illoc.
1503 2882 1544 2887 —
1571 2862 1612 2906 3)
1641 2865 1744 2908 Spon.

146 2915 359 2957 recipiendos,
385 2928 485 2961 quam
511 2917 690 2949 lectionem
718 2916 844 2958 Lipsius
870 2914 1035 2948 Haubold.
1064 2914 1224 2947 ultimate
1241 2919 1442 2959 sequuntur;
1467 2912 1526 2946 sed
1547 2912 1745 2946 Menestrier

147 2966 182 2995 ct
206 2962 353 2995 Artand:
379 2964 594 3006 reficiendos,
621 2962 709 3007 quod
737 2964 850 3007 utique
876 2973 990 2995 seusus
1016 2961 1079 2994 loci
1107 2962 1255 3005 requirit.
