1877 3313
110 202 195 244 276
555 198 658 233 Inscr.
682 197 860 242 profanae.
907 197 989 241 Cap.
1012 195 1053 230 Π.
1102 195 1260 231 Tabulae.

110 308 257 348 Romae
296 303 428 357 populi
467 315 628 344 censum
661 308 774 358 aget,
814 305 849 344 is
881 303 1020 343 diebus
1051 301 1119 342 LX
1134 301 1386 355 proxumeiS,
1427 302 1570 355 quibus
1601 303 1702 343 sciet

109 364 247 405 Romai
275 363 424 403 cinsum
462 362 598 415 populi
638 363 724 415 agi,
763 363 932 403 omnium
971 362 1219 413 municipium
1260 361 1493 401 colonorum
1524 372 1700 412 suorum,

111 423 281 474 queique
313 421 399 461 eius
431 419 710 472 praefecturae
732 425 860 471 erunt,
895 432 929 472 q.
961 432 994 459 c.
1025 432 1055 458 r.
1088 424 1216 469 erunt,
1248 431 1409 459 censum
1431 423 1591 472 agunto,
1622 431 1701 460 eo·-

107 491 276 531 rumque
306 479 477 528 nomina,
509 479 773 531 praenomina,
804 483 937 531 patres
962 482 1029 518 aut
1056 482 1256 529 patronos,
1287 478 1426 527 tribus,
1457 477 1702 528 coenomina,

111 542 151 577 et
183 543 279 589 quot
310 549 433 578 annos
466 538 634 589 quisque
665 549 802 577 eorum
834 535 962 587 habet,
991 539 1031 574 et
1061 536 1253 575 rationem
1284 536 1498 588 pecuniae,
1530 548 1582 575 ex
1611 534 1702 575 for-

108 595 212 636 mula
243 608 400 646 census,
432 607 533 648 quae
563 595 710 635 Romae
733 595 780 634 ab
803 607 853 634 co
878 594 1045 647 quitum
1077 606 1241 634 censum
1271 593 1406 646 populi
1435 598 1594 634 acturus
1615 593 1702 644 erit,

107 654 313 706 proposita
344 654 441 704 erit,
482 653 529 693 ab
559 653 631 693 icis
650 651 685 707 ¹)
728 653 886 693 iurateis
927 652 1119 703 accipito,
1161 664 1286 706 eaque
1327 652 1455 692 omnia
1484 652 1524 692 in
1554 651 1703 692 tabulas

108 712 284 765 publicas
316 712 378 752 sui
410 712 593 764 municipi
631 710 843 751 referunda
876 715 1035 759 curato,
1078 721 1232 763 eosque
1272 710 1393 751 libros
1434 722 1506 763 per
1535 709 1702 763 legatos,

110 782 212 822 quos
254 770 378 810 maior
419 782 508 821 pars
550 768 806 810 decurionum
858 768 1170 820 conscriptorum
1213 766 1261 808 ad
1299 781 1385 808 eam
1426 781 1510 808 rem
1550 767 1704 821 legarei

109 827 232 868 mittei
263 828 491 878 cinsuerint,
522 832 605 868 tuni
637 840 722 868 cum
756 840 799 867 ea
832 839 898 867 res
913 823 953 879 2)
988 825 1279 877 consuleretur,
1310 826 1360 867 ad
1391 838 1461 867 eos
1494 826 1586 879 quei
1613 826 1701 867 Ro-

108 898 198 926 mae
229 898 394 926 censum
424 891 564 939 agent,
606 886 768 935 mittito,
801 889 1021 937 curatoque
1052 884 1146 935 utei,
1180 897 1293 937 quam
1325 884 1488 938 amplius
1519 883 1604 925 dies
1632 883 1706 923 LX

108 945 273 996 reliquei
321 949 460 995 erunt,
505 948 714 996 antequam
762 942 862 983 diem
905 942 962 992 ci,
1009 944 1300 996 queiquomque
1346 943 1494 983 Romae
1540 954 1703 983 censum

109 1007 229 1056 agent
245 998 308 1055 3),
348 1001 464 1042 finem
504 1002 638 1055 populi
680 1000 839 1042 cesendi
869 1000 1034 1051 faciant,
1075 1012 1145 1040 eos
1178 1001 1341 1051 adeant,
1384 1000 1586 1052 librosque
1618 1000 1703 1040 eius

109 1061 292 1113 municipi
325 1059 505 1100 coloniae
534 1059 808 1113 praefecturae
841 1058 955 1098 edant
966 1072 978 1108 3
1020 1059 1135 1110 isque
1168 1070 1313 1099 censor
1343 1059 1454 1099 seive
1485 1058 1574 1110 quis
1603 1057 1703 1098 alius

110 1131 211 1172 mag.
245 1130 408 1159 censum
440 1118 573 1172 populi
604 1122 715 1171 aget,
757 1116 893 1156 dicbus
925 1116 956 1154 V
987 1117 1237 1168 proxumeis,
1269 1117 1411 1169 quibus
1442 1116 1586 1170 legatei
1617 1116 1703 1157 eius

109 1177 293 1230 municipi
325 1177 503 1217 coloniae
541 1176 811 1228 praefecturae
843 1174 1030 1224 adierint,
1069 1187 1139 1215 cos
1170 1174 1293 1215 libros
1325 1186 1492 1225 census,
1533 1174 1623 1227 quei
1655 1174 1702 1215 ab

110 1236 182 1276 icis
214 1235 378 1288 legateis
411 1234 617 1282 dabuntur,
653 1233 815 1285 accipito
840 1245 870 1272 s.
894 1232 928 1272 d.
962 1246 1025 1282 m.,
1057 1245 1190 1284 exque
1221 1234 1293 1273 ieis
1324 1233 1472 1283 librcis,
1505 1244 1606 1285 quae
1627 1232 1704 1272 ibei

110 1294 257 1346 scripta
288 1297 423 1343 erunt,
461 1293 500 1332 in
531 1291 678 1332 tabulas
708 1291 884 1344 publicas
916 1290 1129 1331 referunda
1161 1296 1323 1342 curato,
1364 1303 1513 1344 easque
1552 1289 1703 1331 tabulas

113 1351 255 1392 eodem
287 1350 399 1399 loco,
430 1351 522 1391 ubei
553 1354 710 1390 ceterae
743 1349 898 1389 tabulae
930 1349 1112 1402 publicae
1145 1353 1283 1400 erunt,
1313 1350 1352 1389 in
1385 1349 1526 1402 quibus
1559 1359 1704 1390 census

111 1409 246 1464 populi
275 1409 519 1461 perscriptus
551 1409 635 1457 erit,
669 1407 873 1447 condenda
887 1404 928 1460 4)
961 1412 1107 1448 curato.
1148 1408 1225 1455 Qui
1256 1407 1431 1460 pluribus
1462 1408 1500 1447 in
1531 1407 1704 1447 munici-

114 1468 216 1521 pieis
249 1467 427 1508 coloneis
458 1466 744 1519 praesectnreis
777 1465 1011 1506 domicilium
1044 1466 1212 1516 habebit,
1245 1470 1284 1505 et
1314 1466 1348 1506 is
1380 1466 1527 1507 Romae
1559 1476 1703 1506 census

115 1631 191 1680 quis
222 1631 448 1679 magistratus
480 1631 611 1668 Romae
642 1631 763 1679 populi
795 1643 934 1668 censum
966 1635 1062 1678 aget,
1094 1631 1121 1667 is
1154 1630 1278 1667 diebus
1300 1630 1488 1677 sexaginta
1510 1630 1704 1679 proxumis,

115 1690 240 1738 quibus
271 1691 361 1727 sciet
401 1690 532 1726 Romae
572 1702 713 1726 censum
753 1689 874 1738 populi
905 1689 985 1736 agi,
1027 1690 1177 1726 omnium
1219 1690 1453 1737 municipum,
1495 1689 1705 1725 colonorum

115 1759 283 1794 suorum,
316 1748 444 1795 quique
477 1749 549 1784 eius
582 1749 828 1796 praefecturae
860 1752 983 1793 erunt,
1015 1748 1072 1794 qui
1105 1747 1199 1783 cives
1230 1748 1375 1784 Romani
1408 1751 1533 1792 erunt,
1564 1758 1706 1783 censum

117 1806 229 1853 agito,
261 1817 453 1853 eorumque
484 1807 649 1852 nomina,
680 1806 919 1854 praenomina,
949 1810 1069 1854 patres
1103 1811 1160 1842 aut
1190 1811 1375 1854 patronos,
1407 1806 1529 1851 tribus,
1560 1816 1706 1852 cogno-

115 1865 229 1911 mina,
270 1869 305 1901 et
336 1869 422 1912 quot
465 1875 574 1901 annos
617 1865 763 1912 quisque
793 1865 919 1910 habet,
963 1869 998 1900 et
1030 1864 1201 1900 rationem
1244 1864 1440 1912 pecuniae,
1481 1875 1526 1900 ex
1557 1863 1705 1899 formula

117 1933 265 1969 census,
297 1934 388 1970 quae
419 1923 549 1959 Romae
581 1924 623 1959 ab
656 1934 722 1968 eo,
755 1923 809 1970 qui
841 1927 912 1958 tum
946 1934 1088 1959 censum
1119 1923 1239 1970 populi
1272 1927 1411 1959 acturus
1442 1922 1530 1968 erit,
1562 1931 1705 1969 propo·-

116 1980 181 2019 sita
215 1981 304 2026 erit,
337 1981 379 2017 ab
411 1981 451 2017 iis
483 1981 601 2016 iuratis
636 1981 800 2029 accipito,
833 1993 945 2028 eaque
978 1981 1093 2017 onmia
1124 1981 1158 2016 in
1192 1981 1328 2018 tabulas
1360 1981 1518 2030 publicas
1550 1979 1602 2016 sui
1624 1990 1705 2015 mu-

117 2038 236 2086 nicipii
266 2040 455 2076 referunda
487 2043 634 2084 curato,
667 2050 801 2086 eosque
831 2039 938 2075 libros
969 2050 1034 2087 per
1064 2039 1227 2086 legatos,
1260 2051 1350 2087 quos
1382 2039 1494 2075 maior
1521 2049 1604 2086 pars
1636 2038 1706 2074 de-

118 2088 330 2142 curionubf,
362 2094 661 2143 comen-iptorum,
693 2098 736 2133 ad
767 2109 840 2133 eam
873 2109 947 2133 rem
978 2097 1116 2144 legari,
1154 2097 1242 2133 mitti
1273 2097 1494 2144 censuerint,
1524 2100 1596 2132 tum
1628 2106 1706 2132 cum

122 2164 165 2188 ea
200 2163 257 2188 res
291 2151 556 2198 consuleretur,
587 2156 629 2191 ad
661 2167 738 2200 eos,
768 2156 823 2202 qui
854 2156 984 2192 Romae
1016 2166 1156 2191 censum
1189 2161 1309 2202 agent,
1340 2155 1466 2192 mittito
1497 2157 1706 2201 curatoque,

121 2210 172 2247 uti
205 2221 310 2257 quum
343 2208 484 2255 amplius
519 2211 593 2247 dies
625 2213 810 2260 sexaginta
840 2213 964 2260 reliqui
995 2218 1115 2259 erunt,
1147 2217 1333 2260 antequam
1364 2213 1456 2250 diem
1485 2212 1521 2258 ii,
1553 2211 1705 2259 quicun-

123 2279 193 2317 que
227 2268 360 2304 Romae
391 2276 527 2304 censum
561 2276 692 2317 agent,
723 2272 824 2308 finem
854 2272 974 2320 populi
1005 2271 1170 2308 censendi
1203 2272 1354 2317 facient,
1387 2282 1452 2307 eos
1484 2270 1626 2317 adeant,
1656 2269 1704 2306 li·

124 2328 284 2373 brosque
316 2325 390 2361 eius
423 2325 614 2373 municipii,
646 2330 829 2375 coloniae,
859 2330 1104 2377 praefecturae
1137 2329 1265 2375 edant,
1304 2330 1404 2376 isque
1436 2340 1591 2375 censor,
1629 2327 1705 2365 sive

125 2384 201 2432 quis
234 2384 320 2420 alius
351 2381 569 2428 magistratus
602 2398 742 2423 censum
774 2387 894 2435 populi
924 2393 1020 2435 aget,
1054 2388 1176 2424 diebus
1210 2388 1363 2435 quinque
1392 2388 1590 2436 proxumis,
1621 2386 1703 2434 qui-

125 2444 192 2480 hus
225 2441 338 2489 legati
371 2440 444 2477 eius
476 2442 659 2498 municipii,
690 2445 874 2491 coloniae,
906 2446 1152 2493 praefecturae
1184 2446 1347 2492 adierint,
1379 2457 1441 2482 eos
1473 2446 1582 2482 libros
1614 2456 1702 2480 cen-

127 2513 210 2547 sus,
243 2500 301 2548 qui
332 2499 374 2535 ab
406 2499 446 2535 iis
479 2497 490 2532 l
532 2500 594 2536 atis
629 2503 813 2548 dabuntur,
846 2504 996 2551 accipito
1028 2504 1103 2541 siue
1135 2504 1217 2540 dolo
1249 2505 1356 2550 malo,
1387 2515 1505 2551 exque
1534 2503 1574 2541 iis
1594 2502 1704 2548 libris,

130 2570 222 2607 quae
254 2557 302 2594 ibi
334 2556 463 2604 scripta
496 2567 514 2591 e
549 2563 605 2603 nt,
649 2560 682 2596 in
715 2562 848 2597 tabulas
879 2562 1035 2609 publicas
1075 2562 1263 2598 referunda
1295 2567 1441 2608 curato,
1482 2572 1614 2608 easque
1644 2564 1703 2596 ta-

129 2617 229 2654 bulas
262 2615 391 2652 eodem
422 2615 527 2659 1000,
555 2617 612 2653 ubi
644 2623 788 2655 ceterae
819 2620 958 2656 tabulae
998 2620 1160 2668 publicae
1191 2625 1317 2667 erunt,
1357 2620 1393 2657 in
1424 2620 1547 2668 quibus
1578 2629 1703 2655 census

129 2674 251 2723 populi
282 2672 501 2722 perscriptus
560 2674 599 2720 ft,
631 2677 834 2713 condendas
867 2681 1000 2714 curato.
1050 2678 1114 2721 Qui
1146 2678 1300 2726 pluribus
1332 2679 1365 2715 in
1397 2677 1703 2725 municipiis,'co-

131 2733 248 2779 Ioniis,
280 2729 513 2780 praefecturis
580 2732 743 2770 micilium
773 2735 931 2781 habehit,
963 2739 1000 2771 ct
1028 2734 1055 2771 is
1086 2736 1217 2773 Romae
1244 2748 1368 2774 census
1390 2736 1470 2783 erit,
1501 2746 1571 2783 quo
1592 2733 1703 2782 magis

274 2885 376 2939 stab
401 2886 460 2932 icis
484 2848 619 2920 Gmfflt·
643 2899 684 2920 ar
708 2889 778 2922 icis.
803 2888 953 2922 Mazoch.
980 2907 1017 2912 —
1048 2886 1086 2931 2)
1113 2889 1257 2923 Tabula:
1290 2889 1375 2923 EAS
1400 2888 1475 2923 PIS.
1501 2905 1543 2911 --
1569 2885 1608 2930 3)
1633 2887 1702 2921 Ta-

135 2933 233 2967 bula:
256 2944 336 2976 ayez.
365 2950 406 2955 —
431 2932 470 2974 4)
495 2931 617 2981 Legen¹
636 2944 668 2966 m
692 2935 846 2968 videtur:
871 2935 1077 2975 condendas;
1103 2946 1289 2980 quanquam
1314 2936 1476 2971 eiusmodi
1499 2936 1532 2969 in
1561 2934 1702 2980 antiquis

134 2979 269 3025 legibus
293 2979 479 3016 scribendis
503 2976 593 3021 negli
643 2981 686 3016 tia
710 2982 876 3017 interdum
899 2982 1076 3026 reperitur.
1107 2981 1276 3017 Marezotl.

1846 2159 1855 2240 -rv
1849 2037 1854 2120 -ψ-
