1877 3313
238 158 323 199 424
717 148 820 184 Inscr.
846 149 1009 192 privatae.
1059 143 1139 189 Cap.
1166 145 1190 177 Ι,
1238 142 1348 177 Tituli.

239 263 535 308 Entdeckungen.
578 259 614 296 S.
647 258 712 294 42.
758 256 876 294 Rosini
916 255 1098 292 Dissertat.
1139 252 1280 299 isagog.
1323 250 1366 287 ad
1407 249 1658 287 Herculaneus.
1698 262 1731 299 p.
1764 250 1828 286 63.

239 320 433 360 Romanelli
465 319 595 365 Viagg.
626 318 662 353 T.
693 317 719 352 I.
751 328 785 364 p.
819 315 884 351 81.
930 313 1024 350 Orel.
1056 311 1180 347 4323.

383 394 504 432 1851.
563 389 692 432 Insula
722 389 889 430 Arriana
918 386 1088 427 Polliana
1122 384 1193 425 Gn.
1226 382 1329 423 Alitii
1357 381 1499 435 Nigidii
1521 380 1607 421 mai.
1626 378 1661 434 ¹)
1691 380 1832 422 locan-

240 457 303 494 tur
334 463 385 492 ex
415 448 498 504 I.²)
529 449 630 490 Iuliis
662 448 817 501 primis:
861 446 1065 486 Tabernae
1098 456 1185 483 cum
1226 441 1403 495 pergulis
1433 441 1515 481 suis
1547 444 1587 480 et
1617 439 1832 479 coenacula

240 510 440 564 equestria
472 513 510 548 et
542 507 696 548 domus.
748 503 976 546 Conductor
1005 503 1214 542 convenito
1254 500 1421 553 primum
1458 498 1529 538 Gn.
1562 497 1664 537 Alifii
1692 497 1834 550 Nigidii

239 570 329 609 mai.
361 580 438 609 ser.
455 563 495 621 3]
531 590 580 594 -
616 567 801 616 Pompeiis.
847 563 1040 601 Romanelli
1072 562 1203 609 Viagg.
1234 562 1332 597 Tom.
1362 560 1387 596 Ι.
1418 572 1452 607 p.
1484 559 1549 596 88.
1583 558 1678 595 Orel.
1709 557 1834 594 4324.

242 630 377 666 Preller
408 628 593 674 Regionen
626 626 663 663 R.
691 638 725 674 p.
758 615 828 660 92.
856 628 929 661 not.

385 703 506 739 1852.
568 699 610 739 C.
642 697 838 739 Pumidius
882 695 1032 749 Dipilus
1074 695 1161 735 heic
1191 693 1264 734 fuit
1295 692 1343 733 ad
1378 692 1512 732 Nonas
1544 689 1752 732 Octobreis
1782 689 1834 730 M.

243 759 376 813 Lepid.
412 760 458 807 Q.
492 757 612 798 Catul.
647 757 736 797 Cos.
768 778 823 784 —-
854 754 995 795 Lucrio
1038 758 1077 794 et
1117 753 1228 793 Salus
1270 752 1332 792 hic
1372 750 1540 791 fuerunt.
1573 772 1628 778 —
1659 747 1835 799 Pompeiis

240 822 274 858 in
307 819 474 857 basilicae
507 829 618 855 muro.
651 818 727 854 Gcll
757 816 961 864 Pompeian.
995 816 1019 850 I.
1052 827 1084 861 p.
1120 813 1183 850 31.

384 894 505 931 1853.
566 890 610 931 A.
646 891 852 931 Iustuleius
885 889 1021 929 Tenax
1057 886 1307 939 Primipilaris
1348 885 1425 937 leg.
1457 883 1534 924 XII.
1567 884 1767 924 Fulminat.
1799 886 1838 922 et

241 952 281 993 C.
313 951 492 992 Valerius
523 950 682 990 Priscus
712 945 747 1002 7
777 949 856 1000 leg.
890 946 1005 986 XXII.
1041 950 1080 986 et
1106 945 1147 985 L.
1177 945 1357 992 Quintius
1384 944 1519 984 Viator
1544 943 1728 993 Decimo,
1760 954 1836 981 au-

242 1011 369 1051 dimus
391 1010 637 1050 Memnonem
670 1019 771 1047 anno
804 1006 866 1046 XI.
890 1005 1059 1045 Neronis
1089 1003 1181 1056 Imp.
1213 1001 1331 1043 XVIII
1350 1001 1431 1041 Kal.
1456 1001 1579 1055 April.
1604 1001 1759 1041 liora...
1782 1024 1838 1029 -—

244 1073 422 1108 Letronne
454 1069 678 1106 Recherches
711 1079 802 1115 pour
832 1065 945 1102 servir
977 1078 993 1101 a
1036 1065 1207 1101 I'histoire
1250 1064 1293 1100 de
1324 1063 1490 1110 I'Egypte
1532 1075 1567 1111 p.
1610 1062 1702 1098 355.
1743 1061 1838 1097 472.

242 1129 386 1167 Recueil
419 1129 480 1164 des
515 1127 670 1174 inscript.
702 1126 743 1162 II.
776 1138 810 1173 p.
843 1124 936 1161 328.
968 1124 1063 1160 Orel.
1098 1122 1192 1159 517.

386 1203 507 1240 1854.
567 1200 617 1240 M.
661 1199 793 1251 Ulpius
831 1198 1046 1238 Primianus
1088 1196 1212 1237 Praef.
1257 1195 1359 1249 Aeg.
1403 1195 1452 1235 VI
1490 1194 1574 1235 Kal.
1606 1193 1761 1235 Martias
1793 1193 1838 1233 D.

242 1262 288 1302 N.
319 1260 413 1314 Imp.
445 1259 595 1300 Severo
629 1257 717 1298 Cos.
750 1258 890 1297 iterum
922 1257 1018 1297 hora
1051 1254 1127 1295 diei
1158 1253 1330 1295 secunda
1360 1252 1449 1294 audi
1479 1253 1750 1302 Memnonem,
1782 1252 1840 1291 bis

241 1315 480 1371 felicium-2⁴)
519 1340 568 1349 --
602 1319 780 1356 Letronne
811 1318 1004 1354 Rechercli.
1035 1329 1068 1365 p.
1103 1316 1197 1352 264.
1245 1315 1388 1352 Recueil
1420 1315 1482 1351 des
1509 1314 1594 1351 inse.
1620 1314 1662 1350 II.
1687 1325 1722 1361 p.
1747 1313 1840 1349 384.

244 1380 340 1417 Orel.
375 1379 471 1416 518.

389 1454 509 1491 1855.
570 1449 852 1492 Mithridaticus
884 1448 1080 1489 Tribunus
1111 1447 1206 1501 Leg.
1239 1445 1357 1487 XXII.
1408 1446 1683 1487 Deiotarianae
1714 1445 1842 1486 Mem-

245 1523 392 1553 nonem
425 1510 553 1552 andivi
585 1510 693 1550 liora.
725 1509 751 1549 I.
784 1532 839 1537 -—
870 1510 909 1546 In
949 1514 1062 1546 statua
1104 1509 1308 1545 Memnonis.
1349 1508 1457 1544 More.
1489 1508 1554 1556 Op.
1586 1519 1642 1555 ep.
1672 1507 1714 1544 Π.
1751 1506 1843 1542 125.

389 1589 511 1626 1856.
572 1585 688 1626 Anno
711 1585 757 1624 V.
777 1583 963 1624 Hadriani
986 1583 1079 1634 Imp.
1112 1581 1159 1621 N.
1178 1579 1215 1634 ⁵)
1261 1581 1304 1621 T.
1342 1580 1523 1620 Haterius
1553 1580 1688 1632 Nepos
1717 1580 1843 1620 Prae-

244 1645 376 1686 fectus
409 1644 515 1685 audit
544 1644 792 1685 Memnonem
833 1640 916 1682 XIII
956 1641 1066 1682 Mart.
1108 1640 1204 1680 hora
1235 1639 1259 1679 1.
1291 1638 1327 1681 S.
1343 1636 1383 1693 ὃ)
1416 1663 1470 1667 —
1502 1641 1540 1677 In
1585 1645 1700 1678 statua
1730 1641 1844 1677 Mem-

245 1707 359 1745 nonis.
391 1706 501 1742 More.
533 1705 598 1753 Op.
631 1717 687 1752 ep.
717 1703 760 1740 11.
796 1702 887 1738 125.

393 1781 512 1817 1857.
553 1777 789 1818 Funisulana
807 1775 957 1815 Vetulla
975 1774 1016 1815 C.
1039 1773 1137 1813 Lelii
1157 1772 1331 1814 Africani
1349 1771 1477 1813 Praef.
1505 1771 1579 1812 Ae.
1607 1784 1721 1813 uxor.
1752 1772 1844 1813 audi

245 1839 497 1880 Memnonem
528 1837 589 1877 Pr.
622 1835 674 1875 Id.
706 1835 819 1875 Febr.
852 1834 950 1874 liora
980 1833 1005 1872 I.
1041 1833 1076 1876 ἔ.
1109 1844 1211 1872 anno
1233 1832 1259 1871 I.
1283 1831 1372 1884 Imp.
1396 1831 1603 1872 Domitiani
1624 1831 1727 1885 Aug.
1755 1843 1844 1872 cum

246 1897 323 1937 iarn
354 1897 472 1936 tertio
506 1894 718 1935 venissem.
751 1916 806 1921 —-
837 1895 1016 1931 Letronne
1047 1893 1189 1930 Recueil
1222 1893 1254 1928 d.
1286 1892 1439 1939 inscript.
1471 1892 1512 1928 II.
1543 1904 1576 1940 p.
1610 1891 1704 1928 388.
1734 1892 1844 1928 Minus

245 1957 433 1993 emendate
467 1955 575 1992 Orell.
610 1954 703 1991 520.
737 1954 794 2001 qui
827 1953 925 1990 dedit
967 1964 1013 1988 ex
1055 1951 1227 1999 Descript.
1266 1951 1309 1986 <le
1351 1949 1530 1998 I'Egypte.
1593 1950 1686 1987 Paris
1723 1949 1844 1988 1821.

245 2016 290 2052 11.
320 2027 355 2063 p.
389 2014 487 2050 215.

389 2090 510 2126 1858.
571 2087 620 2127 M.
651 2085 816 2126 Anicius
858 2085 902 2125 Τ.
944 2085 984 2124 F.
1017 2081 1159 2137 Vol.⁷)
1193 2083 1319 2123 Verus
1363 2083 1513 2123 Vienna
1544 2113 1581 2122 ..
1601 2078 1770 2135 ..nis8]
1799 2081 1846 2123 III

246 2145 337 2200 Cyr.
370 2145 473 2186 audi.
506 2145 702 2185 Memnon.
745 2144 795 2183 vl
833 2143 921 2183 Idus
963 2142 1172 2182 Novembr.
1217 2154 1317 2181 anno
1359 2141 1405 2181 III
1434 2141 1525 2193 Imp.
1557 2140 1602 2181 N.
1635 2145 1676 2180 et
1706 2140 1770 2180 VII
1799 2140 1842 2180 K.

243 2206 396 2245 Ianuar.
429 2208 468 2243 et
498 2201 618 2243 XVIII
648 2203 693 2242 Κ.
725 2201 842 2241 Febr.
876 2206 915 2241 et
944 2199 993 2240 IV
1024 2199 1070 2240 N.
1105 2232 1136 2239 ..
1156 2230 1164 2239 .
1185 2231 1191 2239 .
1212 2195 1352 2253 clem]
1387 2203 1425 2239 et
1455 2197 1503 2237 Vl
1534 2198 1586 2239 ld.
1619 2202 1659 2238 et
1689 2197 1772 2239 XIII
1797 2198 1843 2238 Κ.

244 2263 359 2304 Mart.
391 2266 431 2301 et
462 2260 524 2301 VII
554 2261 599 2300 Κ.
642 2260 755 2301 Mart.
798 2264 836 2299 et
877 2258 961 2299 XIII
999 2257 1053 2298 Id.
1086 2258 1180 2299 Mar.
1223 2263 1261 2297 et
1292 2258 1356 2297 VII
1385 2257 1425 2297 Id
1456 2257 1534 2297 Ian.
1567 2257 1627 2297 bis
1658 2268 1761 2297 anno
1793 2256 1844 2297 IV

244 2320 338 2372 Imp.
370 2318 472 2371 Aug.
506 2323 544 2358 et
575 2319 607 2358 V
637 2318 681 2358 Κ.
724 2317 835 2358 Mart.
878 2323 918 2357 et
959 2317 1023 2357 vll
1053 2315 1144 2357 Idus
1185 2316 1325 2356 audini.
1369 2319 1408 2355 et
1447 2314 1530 2355 VIII
1569 2314 1657 2355 Idus
1688 2313 1843 2367 Apriles

245 2379 337 2419 anni
369 2376 560 2426 eiusdem,
588 2377 681 2417 item
706 2376 755 2416 IV
783 2376 882 2416 Non.
910 2375 1040 2416 Iunias
1067 2375 1157 2416 anni
1187 2373 1376 2414 eiusdem.
1410 2395 1463 2401 -—
1493 2376 1670 2413 Letronne
1701 2375 1843 2412 Recueil

248 2439 310 2476 des
341 2438 499 2485 inscript.
530 2437 571 2474 II.
603 2450 636 2485 p.
671 2436 766 2472 336.

389 2512 512 2550 1859.
571 2509 624 2550 Ita
665 2508 891 2550 candidatus
924 2508 1028 2561 quod
1060 2509 1154 2561 petit
1195 2507 1259 2548 fiat
1290 2513 1379 2548 tuus
1419 2511 1458 2547 et
1487 2507 1538 2548 ita
1569 2518 1767 2560 perennes
1786 2503 1841 2562 ¹⁰)

248 2570 441 2623 scriptor,
474 2579 574 2621 opus
607 2568 681 2608 lioc
712 2567 897 2620 praeteri.
944 2567 1028 2608 Hoc
1058 2568 1091 2607 si
1122 2568 1312 2620 impetro,
1353 2570 1391 2606 at
1431 2564 1528 2606 felix
1558 2566 1681 2606 vivas.
1734 2565 1843 2607 Bene

247 2628 347 2668 vale.
381 2650 435 2656 --
466 2629 583 2676 Prope
614 2628 731 2665 Narni.
779 2628 948 2674 Henzen,
980 2628 1220 2674 Archaeolog.
1252 2627 1366 2674 Zeitg.
1400 2625 1519 2663 1846.
1551 2639 1586 2675 p.
1617 2625 1712 2663 242.

390 2794 427 2837 1)
453 2795 600 2828 maioris.
627 2811 667 2817 —-
698 2792 737 2836 2)
763 2795 881 2828 idibus.
917 2793 1007 2828 Orci.
1041 2796 1173 2828 coniicit
1209 2795 1246 2827 it.
1281 2791 1462 2836 (calendis)
1495 2804 1557 2838 pro
1583 2794 1606 2826 I.
1634 2794 1841 2827 adsentiente

250 2840 408 2892 Prellero.
435 2859 476 2864 ——
503 2843 540 2881 3)
565 2852 721 2882 servum,
749 2842 820 2875 vel:
846 2852 974 2875 servos.
1002 2859 1043 2863 —
1069 2840 1107 2883 4)
1133 2841 1197 2874 l'ro
1222 2841 1269 2874 bis
1291 2841 1434 2883 feliciter
1459 2841 1547 2884 apud
1573 2839 1675 2873 Orell.
1701 2846 1769 2874 est:
1794 2841 1842 2883 σφ’

248 2892 380 2929 φἀιιαε.
414 2906 457 2911 ——-
492 2888 529 2930 5)
555 2890 669 2921 nostri.
705 2906 745 2910 —
781 2887 818 2929 6)
845 2889 924 2921 horn
952 2889 1058 2931 prima
1084 2889 1192 2921 semis.
1225 2904 1269 2909 —
1299 2887 1337 2929 7)
1362 2886 1505 2921 Voltinia
1530 2886 1629 2921 tribu.
1656 2904 1696 2911 —
1723 2885 1763 2929 8)
1788 2886 1842 2920 Ie-

251 2933 370 2976 gionis.
394 2950 436 2957 ·—
462 2934 500 2978 9)
526 2935 686 2970 eiusdem.
714 2952 754 2959 —
784 2932 842 2977 10)
867 2935 1004 2969 Henzen
1031 2935 1187 2968 coniicit:
1210 2939 1374 2979 perennet.
