1877 3313
168 179 253 224 380
616 176 721 213 lusor.
745 178 918 223 profanae.
968 176 1050 222 Cap.
1077 177 1116 213 ΙΙ.
1164 177 1321 212 Tabulae.

168 287 336 335 gustales.
368 298 402 335 p.
436 286 530 324 388.
573 298 673 335 seqq.
718 288 839 336 Neque
881 287 990 325 minus
1034 287 1141 325 docte
1173 287 1217 324 (le
1255 287 1383 324 eodem
1416 286 1564 324 decreto
1594 286 1763 337 exposuit

166 347 208 385 A.
241 346 300 383 W.
331 346 510 394 Zumptius
540 345 574 382 in
607 346 800 385 Commeat.
834 348 884 383 De
915 347 1167 394 Augustalibus
1198 358 1232 394 p.
1264 346 1330 382 20.

314 438 436 480 1756.
498 467 1761 479 ..............................

170 495 356 548 Quaeque
389 507 489 548 aqua
511 495 549 535 iu
572 496 754 550 oppidum
777 496 1088 538 Venafranorum
1120 496 1161 547 ii,
1193 496 1288 547 ssuit,
1321 495 1486 547 ducitur,
1518 508 1602 537 eam
1623 508 1764 549 aquam

171 554 407 594 distribuere
439 554 657 595 discribere
689 554 887 596 vendundi
929 568 1048 595 eausa
1088 560 1154 595 aut
1185 556 1223 594 ei
1263 555 1320 594 rei
1362 553 1532 608 vectigal
1561 555 1764 608 imponere

169 613 414 653 constituere
444 611 578 654 llviro
609 612 639 652 ll
656 614 748 654 viris
780 612 952 667 praefec.
1010 612 1223 653 Praefectis
1256 613 1340 652 eius
1372 612 1552 653 coloniae
1593 625 1645 653 ex
1674 625 1764 653 ma-

169 671 264 712 ioris
295 671 416 723 partis
450 670 702 712 decurionum
737 671 900 713 decreto
933 671 1040 724 quod
1073 671 1274 712 decretum
1317 672 1368 711 ila
1399 671 1543 711 factum
1575 672 1649 711 erit
1679 683 1766 711 eum

170 729 208 769 in
241 729 517 770 decurionibus
549 742 626 771 non
658 731 785 771 minus
819 743 932 783 quam
965 729 1064 770 duae
1095 734 1228 783 partes
1261 728 1517 770 decurionum
1549 728 1766 778 adfuerint3

171 787 383 841 legemque
416 788 451 827 ei
484 788 617 828 dicere
649 802 701 828 ex
733 788 894 829 decreto
927 787 1184 828 decurionum
1217 787 1321 841 quod
1353 789 1403 828 ita
1437 792 1614 841 utsupra
1635 788 1767 841 serip-

170 851 247 886 tum
278 851 341 886 est
372 845 578 887 decretum
608 848 695 898 erit,
726 848 787 887 ius
819 851 1108 900 pinestaiemve
1132 859 1223 887 esse
1243 847 1382 899 placet,
1414 845 1504 886 dum
1524 858 1575 886 ne
1597 859 1643 886 ea
1666 859 1767 899 aqua

172 917 274 957 quae
306 904 356 944 ita
388 904 592 945 distributa
625 905 725 945 deve
768 918 842 958 qua
875 906 924 946 ila
967 905 1170 945 decretum
1213 906 1287 945 erit
1319 905 1432 945 aliter
1473 917 1586 956 quam
1629 904 1767 945 fistulis

171 963 360 1016 plumbeis
392 963 437 1003 D.
466 963 508 1003 T.
532 961 566 1017 ¹)
597 964 645 1004 ab
676 965 761 1005 rivo
781 964 819 1004 P.
844 963 886 1003 L.
920 963 1106 1014 dueatur,
1149 976 1250 1003 neve
1283 976 1354 1003 eae
1391 962 1544 1004 fistulae
1571 968 1638 1003 aut
1659 964 1768 1004 rivos

171 1022 245 1062 nisi
275 1023 348 1062 sub
382 1026 488 1062 terra
520 1035 622 1075 quae
653 1027 759 1063 terra
790 1023 938 1062 itineris
970 1023 1056 1063 siae
1077 1022 1257 1075 publicae
1287 1022 1471 1062 limitisve
1503 1022 1576 1062 erit
1607 1033 1768 1075 ponan-

171 1084 235 1120 tur
266 1080 546 1132 conlocentur,
587 1093 689 1121 neve
721 1094 768 1120 ea
799 1093 898 1133 aqua
930 1093 1001 1133 per
1032 1080 1161 1122 locum
1192 1081 1384 1133 privatum
1415 1080 1537 1120 invito
1571 1092 1620 1121 eo
1653 1080 1767 1121 cuius

169 1139 201 1178 is
233 1137 347 1179 locus
379 1141 453 1179 erit
483 1139 661 1189 dueatur,
694 1151 888 1192 quamque
919 1139 1049 1192 legem
1080 1140 1116 1179 ei
1147 1151 1273 1192 aquae
1306 1138 1475 1180 luendae
1516 1139 1770 1190 oneribusve‚

172 1209 272 1250 quae
304 1198 390 1238 eius
422 1209 548 1250 aquae
580 1198 718 1238 ductus
750 1210 899 1238 ususve
933 1210 1048 1238 causa
1090 1197 1190 1238 facta
1221 1202 1325 1247 sunt,
1358 1202 1487 1246 erunt,
1521 1196 1768 1237 luendis....

251 1255 441 1307 Dum-eto,
474 1256 583 1308 quod
613 1258 664 1297 ita
697 1261 738 1297 ut
769 1257 807 1297 S.
840 1256 876 1297 S.
909 1256 953 1296 Ε.
987 1256 1132 1296 sactum
1266 1279 1320 1284 -—-
1352 1259 1602 1305 Fragmentum
1635 1258 1771 1294 decreti

172 1316 375 1353 Venasrani.
435 1317 592 1354 Bulletin.
626 1317 708 1354 delr
739 1318 820 1353 lust.
864 1318 959 1354 areli.
1005 1317 1124 1354 1546.
1157 1330 1190 1365 p.
1227 1316 1318 1354 164.
1381 1317 1540 1353 Gerhard
1579 1316 1771 1353 Archaeol.

171 1375 333 1421 Zeituug.
369 1375 489 1412 1846.
521 1376 559 1412 Ν.
591 1377 658 1412 47.
689 1388 722 1424 p.
757 1376 851 1412 374.
885 1376 936 1412 Cf.
964 1376 1123 1422 Savigny
1152 1375 1353 1412 Zeitschrist
1379 1376 1402 1412 f.
1428 1376 1550 1422 gesen.
1572 1374 1771 1413 RW.X1V.

173 1446 206 1482 p.
241 1434 334 1470 373.
366 1439 439 1471 not.
476 1434 570 1471 106.
602 1435 677 1471 XV.
710 1448 743 1483 p.
776 1434 871 1471 265.
903 1439 976 1471 not.
1013 1434 1105 1471 131.

318 1526 438 1565 1757.
497 1526 656 1567 Die...
690 1525 921 1566 consulibus
950 1530 1131 1565 senatum
1164 1525 1400 1565 habentibus
1428 1525 1476 1565 II
1487 1524 1614 1565 viris.
1634 1556 1642 1565 .
1661 1555 1697 1565 ..
1729 1525 1774 1565 in

172 1583 272 1623 urbe
429 1584 472 1624 in
503 1586 634 1634 curia,
668 1584 950 1624 Convenerunt
979 1584 1229 1624 decuriones.
1293 1584 1413 1632 Quod
1440 1584 1619 1624 universi
1649 1583 1774 1624 verba

175 1644 358 1695 fecerunt
385 1643 434 1683 de
464 1642 510 1683 L.
542 1643 639 1683 Anii
669 1643 903 1691 honoribus,
935 1643 1034 1695 quid
1062 1643 1110 1681 de
1141 1655 1187 1682 ea
1219 1654 1262 1682 re
1294 1642 1379 1682 ficri
1406 1642 1611 1694 placeret,
1643 1641 1692 1681 a'e
1722 1654 1770 1681 ea

175 1713 222 1741 re
247 1701 443 1752 privatim
475 1706 513 1741 et
539 1703 695 1755 publice
728 1714 863 1742 omnes
893 1702 949 1741 ila
981 1706 1240 1741 censuerunt:
1273 1701 1368 1741 Cum
1400 1701 1441 1741 L.
1469 1700 1627 1741 Annius
1657 1713 1770 1740 mor-

177 1764 265 1798 licus
295 1760 366 1810 sit,
398 1760 446 1799 de
477 1773 555 1812 quo
587 1765 749 1800 senalus
788 1760 1005 1799 cmclorilas
1048 1759 1149 1800 saeta
1181 1765 1281 1799 esset
1309 1759 1476 1799 honoris
1516 1771 1640 1799 causa
1679 1763 1771 1799 anie

175 1818 257 1857 iam
288 1818 367 1858 nisi.
397 1819 641 1871 yi'ai*issi111a
673 1818 774 1858 bella
806 1817 946 1858 iudicia
980 1818 1027 1857 de
1060 1831 1104 1858 re
1131 1818 1297 1869 publica
1328 1818 1604 1870 impedissent,
1637 1818 1705 1870 qui
1736 1822 1773 1857 et

176 1876 333 1916 militiae
365 1878 565 1929 stipendia
597 1879 731 1916 omnia
763 1877 955 1916 merueris
984 1882 1020 1915 et
1048 1877 1153 1916 domi
1181 1877 1367 1928 privatim
1401 1877 1637 1929 publiceque
1679 1888 1770 1916 mu-

175 1934 372 1974 nificentia
402 1948 478 1975 sua
507 1937 727 1988 municipes
767 1936 1001 1983 emm-narii,
1044 1935 1316 1987 deductusque
1349 1935 1401 1975 ab
1433 1935 1587 1987 Imp...
1619 1935 1662 1974 in
1692 1947 1770 1975 ur-

177 1993 345 2034 bem...
375 1995 514 2045 patria
543 1994 680 2034 relicta
712 1995 830 2034 variis
863 1999 901 2034 et
934 1993 1106 2046 plurimis
1139 1994 1325 2045 impensis
1356 1994 1414 2033 ila
1456 2007 1541 2033 rem
1567 1993 1773 2045 publicam

176 2052 377 2092 adiiwerit
409 2058 449 2092 ut
481 2057 520 2092 el
551 2054 829 2105 patrimonium
860 2064 940 2092 uou
975 2057 1052 2091 ram
1083 2065 1195 2091 suum
1225 2057 1388 2104 putaret
1417 2064 1530 2104 quam
1563 2051 1667 2105 quod
1698 2052 1772 2092 sibi

178 2123 224 2151 ae
254 2111 334 2151 suis
366 2111 633 2163 municipibus
660 2111 870 2163 prodesset
900 2116 936 2150 e!
964 2110 1103 2150 laelior
1135 2123 1292 2163 semper
1313 2111 1474 2151 maiora
1498 2122 1624 2150 onera
1641 2122 1773 2162 prae-

178 2173 313 2218 staret,
344 2182 451 2209 uuuc
483 2182 645 2222 quoque
678 2171 714 2209 in
749 2170 920 2209 maxima
950 2174 1167 2220 semporum
1199 2182 1299 2209 eura
1330 2170 1378 2209 de
1408 2169 1671 2209 retributione
1703 2167 1771 2210 of-

178 2228 355 2268 ficiorum
388 2229 512 2281 (liqna
541 2241 699 2280 semper
729 2228 934 2278 sollicitis,
966 2228 1124 2281 placere
1157 2229 1390 2280 conseriplis
1422 2228 1637 2277 universis,
1670 2239 1773 2280 quo-

179 2287 287 2326 uiam
319 2292 471 2339 tempus
500 2288 609 2326 citae
640 2288 713 2327 iam
746 2286 933 2326 deficiens
963 2286 1169 2338 impedivit
1206 2287 1342 2326 vivum
1381 2286 1603 2327 honoribus
1645 2285 1772 2326 deco-

179 2345 258 2385 rari
289 2350 331 2385 ut
355 2358 377 2384 e
398 2345 487 2386 foro
508 2357 645 2385 onmes
672 2347 795 2398 fcinus
826 2346 912 2385 eius
938 2350 1240 2397 prosequantur
1272 2349 1389 2396 alque
1421 2345 1625 2385 ulilissime
1643 2344 1775 2384 videri·

181 2416 227 2443 eo
259 2403 324 2443 die
353 2405 508 2443 iudicia
537 2405 625 2444 sisti
656 2403 960 2456 vadimoniaque
993 2404 1075 2443 eius
1107 2402 1181 2442 diei
1214 2403 1370 2456 differri
1393 2409 1429 2443 et
1449 2415 1598 2443 curare
1628 2403 1775 2443 duum-

180 2464 292 2503 viros
324 2463 487 2502 alterum
520 2463 721 2511 ambosce,
743 2475 793 2501 ue
814 2464 905 2515 quis
924 2464 963 2502 iu
987 2461 1338 2502 munificentissimi
1369 2463 1514 2515 prineis
1527 2459 1568 2514 ²)
1600 2462 1639 2502 in
1671 2473 1773 2501 exe-

181 2521 269 2573 quis
310 2521 562 2561 celebrandis
597 2534 674 2573 per
707 2521 780 2560 lias
810 2521 964 2560 aliasve
994 2532 1062 2559 res
1093 2524 1230 2573 posset
1256 2532 1347 2560 esse
1369 2519 1588 2572 inpedilus;
1620 2519 1774 2560 Iocum-

181 2591 256 2631 que
287 2579 382 2619 dari
412 2592 489 2631 quo
519 2584 655 2620 statua
681 2580 723 2619 in
745 2578 904 2631 publico
944 2583 1112 2632 ponatur
1145 2591 1230 2618 cum
1261 2579 1485 2630 insiynibus
1523 2578 1775 2628 militaribus,

178 2637 247 2677 ubi
273 2637 450 2690 populus
478 2640 653 2678 maxime
685 2637 920 2690 frequentet,
954 2642 993 2677 ut
1022 2638 1152 2677 sciant
1180 2649 1336 2684 omnes,
1379 2637 1522 2690 quibus
1552 2636 1776 2678 honoribus

184 2697 285 2736 ciuis
315 2701 501 2749 optumus
534 2701 573 2737 et
604 2697 778 2737 minister
807 2696 1060 2748 fidelissimus
1089 2694 1254 2748 affectus
1283 2696 1346 2743 sit,
1378 2708 1466 2736 eum
1499 2695 1662 2736 decreto
1692 2696 1777 2736 aeri

183 2755 312 2795 inciso
342 2756 386 2795 in
417 2755 534 2795 curia
561 2755 721 2807 siqendo
752 2759 830 2794 tum
862 2754 1012 2807 clupeis
1044 2753 1236 2806 donisque
1267 2766 1368 2806 quae
1399 2766 1422 2793 a
1453 2753 1628 2794 Caesare
1653 2766 1776 2794 acce-

180 2814 242 2865 pit
271 2814 487 2855 occasione
516 2813 679 2853 militiae
710 2813 1092 2866 successoribusque
1123 2813 1229 2862 eius;
1259 2812 1428 2865 denique
1459 2811 1589 2853 Iocum
1618 2812 1775 2867 publice

328 2976 364 3020 1)
391 2978 571 3014 dumtaxat.
597 2994 641 3005 -ν
666 2977 705 3022 2)
733 2977 910 3021 Quomodo
935 2977 1181 3014 emendandum
1205 2977 1266 3019 sit,
1292 2986 1359 3011 non
1383 2975 1516 3021 liquet.'
