1918 3313
200 175 258 218 42
667 172 769 206 Inscr.
794 181 923 206 sacrae.
970 171 1117 217 Cap.11.
1165 170 1327 206 Tabulae.

203 281 410 324 Mallonius
440 279 612 322 Fundan.
646 281 686 317 et
717 276 763 324 Q.
787 276 966 319 Claudius
990 277 1190 318 Acilianus
1213 277 1341 318 Praet.
1362 275 1399 331 ¹)
1431 281 1662 329 coegerant.
1683 274 1794 318 Scri-

204 340 337 381 bundo
378 344 485 380 sorte
525 336 627 377 ducti
666 334 878 376 adfuerunt
920 336 1079 377 Coelius
1125 336 1369 388 Panychius,
1421 335 1578 375 Curtius
1620 335 1796 385 Volivos,

202 398 408 440 Considius
438 396 676 442 Felicianus;
715 393 979 435 referentibus
1011 395 1071 435 Pr.
1088 392 1129 448 ²)
1163 394 1212 433 de
1244 393 1455 434 sacerdote
1486 392 1669 435 faciendo
1706 393 1797 434 Ma-

202 458 272 497 tris
303 457 410 497 Deae
450 455 614 494 Baianae
656 453 694 491 in
734 451 865 492 locum
906 453 1113 502 Restituti,
1155 451 1375 493 sacerdotis
1417 451 1611 502 defuncti,
1652 451 1799 505 placuit

204 516 397 556 universis
430 513 614 553 Licinium
647 510 871 551 Secundum
902 512 1150 552 sacerdotem
1182 511 1278 551 fieri.

339 584 422 624 XV.
453 582 490 624 S.
521 581 561 621 F.
594 581 654 621 Pr.
688 585 726 620 et
758 582 1050 635 magistratibus
1083 582 1244 622 Cuman.
1277 580 1353 623 Sal.
1369 577 1421 635 3).

342 653 434 693 Cum
467 665 517 692 ex
549 650 714 703 epistula
747 655 880 691 vestra
911 652 1232 706 cognoverimus,
1266 664 1427 692 creasse
1457 663 1528 692 vos
1547 649 1800 692 sacerdotem

206 712 340 753 Matris
371 712 490 751 Deum
521 709 711 750 Licinium
743 709 963 751 Secundum
995 711 1032 750 in
1067 710 1195 750 locum
1239 709 1370 750 Claudi
1404 710 1587 750 Restituti
1613 708 1801 761 defuncti,

202 770 415 812 secundum
447 767 685 809 voluntatem
714 773 884 809 vestram
927 769 1175 821 permisimus
1204 770 1239 808 ei
1263 780 1413 809 occavo
1438 773 1475 808 et
1501 780 1650 808 corona
1681 767 1800 809 dum-

203 833 309 870 taxat
349 829 445 868 intra
487 826 584 866 fines
627 826 806 866 coloniae
849 832 1005 867 vestrae
1048 828 1113 867 uti.
1164 827 1351 879 Optamus
1395 838 1466 866 vos
1510 826 1612 866 bene
1653 826 1799 867 valere.

204 887 361 928 Pontius
394 885 537 925 Gavius
579 884 771 926 Maximus
813 885 1080 938 Promagistro
1123 886 1338 939 subscripsi
1369 885 1459 926 XVI
1488 884 1571 925 Kal.
1614 884 1802 938 Septem-

199 945 303 986 bres.
334 945 382 985 M.
418 943 574 984 Umbrio
606 943 754 995 Primo,
786 943 857 983 Tit.
891 943 1075 984 Coeliano
1110 944 1199 984 Cos.
1216 942 1270 998 4).
1304 967 1358 972 —
1390 947 1506 994 Prope
1540 945 1639 982 Baias
1667 951 1801 994 repert.

203 1019 256 1043 an.
292 1005 411 1041 1785.
468 1004 583 1040 Fried.
616 1005 755 1040 Miiuter
785 1005 1021 1041 Nacliricliten
1054 1016 1114 1041 aus
1148 1005 1292 1052 Neapel.
1323 1017 1357 1052 p.
1392 1005 1456 1041 72.
1513 1004 1670 1041 Morcell.
1709 1005 1801 1053 opp.

202 1065 314 1112 epigr.
346 1064 442 1100 Tom.
474 1063 516 1099 V.
553 1063 704 1100 Praefat.
737 1075 769 1111 p.
801 1063 861 1099 IX.
892 1063 1086 1099 Romanelli
1120 1063 1251 1109 Viagg.
1284 1063 1326 1099 II.
1359 1075 1392 1111 p.
1429 1062 1522 1100 184.
1555 1063 1650 1099 Orel.
1676 1063 1802 1100 2263.

203 1123 254 1158 cf.
285 1123 409 1170 Zumpt
440 1122 493 1157 De
524 1122 716 1168 Augustat.
749 1134 782 1170 p.
814 1122 891 1158 vll.
924 1126 959 1158 et
991 1122 1135 1157 Henzen
1169 1122 1200 1157 in
1244 1133 1393 1158 censura
1435 1121 1535 1158 huius
1578 1127 1803 1158 commenta-

199 1181 317 1227 tionis,
349 1181 420 1217 len.
451 1180 516 1218 Lit.
547 1181 636 1216 Zeit.
674 1180 794 1217 1847.
826 1180 854 1216 Ι.
885 1193 918 1228 p.
951 1180 1046 1217 247.
1089 1181 1160 1227 Nos
1195 1180 1264 1215 hoc
1296 1180 1379 1216 loco
1411 1180 1503 1216 inter
1535 1184 1613 1216 acta
1645 1181 1803 1227 collegi-

199 1251 298 1276 orum
338 1251 518 1276 sacrorum
561 1239 739 1287 posuimus
781 1244 933 1287 propter
985 1238 1194 1286 rescriptum
1239 1238 1447 1282 Quindecim
1494 1238 1651 1276 virorum
1693 1239 1803 1276 sacris

205 1298 389 1344 faciundis,
422 1298 520 1345 quod
554 1298 702 1334 decreto
736 1298 973 1334 Decurionum
1007 1298 1242 1334 Cumanorum
1285 1297 1449 1339 additur:
1489 1297 1554 1333 sed
1587 1297 1713 1334 eadem
1745 1297 1804 1334 in-

202 1357 346 1405 scriptio
378 1357 480 1394 etiam
514 1357 600 1394 actis
631 1357 780 1405 publicis
823 1356 1088 1404 municipalibus
1122 1356 1343 1392 adnumerari
1378 1356 1487 1392 debet
1529 1355 1619 1392 infra
1661 1367 1803 1405 propo-

201 1414 338 1454 nendis.

339 1508 432 1546 381.
494 1506 743 1559 Descriptum
779 1511 818 1546 et
848 1506 1097 1559 recognitum
1130 1504 1273 1545 factum
1306 1517 1359 1545 ex
1389 1505 1519 1546 libello
1552 1505 1618 1558 qui
1650 1517 1804 1558 propo-

198 1566 293 1607 situs
325 1571 408 1606 erat
440 1564 526 1605 Alb.
545 1562 585 1619 ⁵)
619 1565 756 1606 maiori
790 1565 838 1605 ad
870 1569 1078 1605 stationem
1109 1563 1280 1614 Resculi,
1313 1564 1351 1604 in
1385 1575 1465 1616 quo
1499 1564 1686 1617 scriptum
1719 1567 1805 1605 erat

201 1624 240 1665 id
272 1624 374 1678 quod
408 1623 433 1664 I.
467 1624 504 1665 S.
523 1621 562 1678 ⁶)
597 1629 669 1664 est.

337 1694 611 1735 Artemidorus
643 1692 863 1747 Apollonii,
904 1694 1090 1747 magister
1122 1693 1279 1748 collegii
1311 1692 1414 1733 lovis
1448 1692 1618 1733 Cerneni
1649 1697 1690 1733 et
1719 1692 1804 1733 Va-

198 1752 316 1793 leiius
346 1752 504 1794 Niconis
538 1758 577 1793 et
609 1751 716 1793 offas
751 1752 945 1802 Menofili,
978 1756 1213 1804 quaestoies
1248 1751 1405 1805 collegii
1451 1751 1626 1792 eiusdem
1670 1751 1801 1804 posito

198 1811 273 1851 hoc
303 1812 430 1852 libello
463 1811 619 1865 publice
651 1815 865 1860 testantur,
897 1824 949 1850 ex
982 1811 1151 1865 colligio
1185 1810 1222 1851 S.
1259 1810 1297 1852 S.
1311 1806 1354 1863 ⁸)
1388 1810 1453 1850 ubi
1493 1815 1605 1850 erant
1643 1809 1746 1850 hom
1761 1806 1804 1864 ⁷)

201 1868 292 1910 LlV.
326 1883 377 1910 ex
409 1871 465 1911 eis
506 1883 584 1911 non
617 1870 702 1923 plus
735 1870 947 1910 remasisse
961 1865 1002 1924 9)
1036 1868 1082 1909 ad
1116 1869 1204 1909 Alb.
1239 1881 1353 1921 quam
1394 1868 1498 1921 quod
1538 1868 1583 1908 H.
1605 1864 1662 1923 ¹⁰)
1694 1867 1805 1918 XV1;

204 1927 337 1969 Iulium
369 1929 448 1969 Iulii
483 1941 641 1981 quoque
674 1929 992 1981 commagistrum
1026 1940 1138 1968 suum
1173 1939 1224 1967 ex
1256 1927 1319 1966 die
1363 1927 1580 1980 magisteiii
1622 1927 1684 1967 sui
1725 1939 1806 1968 non

205 1988 424 2028 accessisse
456 1988 503 2027 ad
537 1987 777 2035 Alburnum,
809 1998 938 2039 neque
970 1987 1007 2026 in
1042 1986 1232 2040 collegio;
1265 1997 1390 2037 seque
1422 1986 1479 2026 eis
1512 1985 1576 2037 qui
1607 1997 1805 2039 praesen-

208 2050 268 2086 tes
300 2045 474 2096 fuerunt,
506 2047 697 2086 rationem
729 2044 972 2093 reddidisse3
1005 2049 1045 2084 et
1075 2043 1222 2097 siquid
1242 2056 1382 2084 eorum
1414 2041 1678 2097 abuerat¹¹),
1709 2043 1806 2084 red-

205 2102 366 2144 didisset
395 2105 480 2144 sive
514 2104 742 2153 funeribus3
775 2109 814 2144 et
845 2104 1064 2144 cautionem
1096 2116 1224 2153 suam,
1255 2103 1292 2142 in
1325 2115 1402 2155 qua
1434 2103 1491 2143 eis
1523 2107 1703 2154 caverat,
1733 2114 1806 2142 re·-

211 2163 406 2214 cepisset3
437 2163 632 2215 modoque
666 2168 795 2203 autem
828 2175 956 2215 neque
989 2161 1234 2202 funeraticiis
1266 2160 1498 2201 sufficerent
1528 2173 1660 2213 neque
1689 2161 1806 2201 locu-

207 2220 285 2260 lum
319 2221 454 2260 aberet
471 2218 551 2275 ¹²),
582 2234 712 2274 neque
746 2222 950 2274 quisquam
983 2225 1058 2260 tam
1091 2231 1233 2272 magno
1265 2224 1444 2272 tempore
1476 2219 1629 2270 diebus,
1660 2219 1805 2272 quibus

207 2277 285 2331 legi
328 2280 574 2330 continetur,
626 2281 841 2320 convenire
881 2279 1077 2319 voluerint
1117 2283 1182 2318 aut
1224 2276 1409 2318 conferre
1450 2276 1682 2318 funeraticia
1722 2278 1808 2318 sive

208 2348 393 2385 munera3
435 2349 559 2389 seque
601 2338 747 2379 idcirco
779 2350 853 2390 per
883 2338 985 2378 hunc
1027 2337 1199 2377 libellum
1242 2336 1399 2389 publice
1440 2340 1657 2387 testantur,
1699 2340 1742 2377 ut
1773 2336 1807 2376 si

208 2395 295 2447 quis
328 2393 535 2434 defunctus
573 2395 712 2446 fueiit,
755 2409 806 2436 ne
846 2400 956 2450 putet
996 2408 1040 2436 se
1084 2395 1293 2449 collegium
1325 2391 1521 2448 abereffi)
1554 2399 1619 2435 aut
1658 2395 1706 2435 ab
1749 2395 1806 2435 eis

209 2452 379 2505 aliquem
409 2453 636 2505 petitionem
670 2454 820 2496 funeris
852 2455 1059 2495 abiturum.

349 2511 580 2564 Propositus
612 2512 697 2552 Alb.
731 2514 868 2555 maiori
899 2513 942 2553 V.
975 2512 1062 2552 Idus
1094 2512 1207 2552 Febr.
1241 2511 1332 2564 Imp
1365 2510 1407 2551 L.
1432 2509 1527 2552 Aur.
1560 2511 1651 2552 Ver.
1678 2509 1737 2552 ΙΙΙ.
1768 2514 1808 2551 et

350 2721 387 2764 1)
410 2728 517 2766 piffaet
544 2721 716 2755 Romanel.
743 2724 916 2757 Henzenio
941 2722 1168 2758 adsentiente:
1202 2721 1342 2767 reliqui:
1366 2722 1474 2766 praef.
1514 2738 1554 2744 —-
1594 2718 1633 2762 2)
1667 2725 1808 2765 praeto-

208 2768 309 2803 ribus.
335 2786 377 2790 —-
403 2768 440 2811 3)
468 2769 655 2814 quindecim
682 2771 743 2802 viri
777 2773 879 2803 sati-is
914 2770 1078 2803 faciundis
1104 2768 1315 2811 praetoribus
1417 2768 1570 2802 salutem.
1595 2781 1639 2791 .-
1665 2765 1705 2808 4)
1723 2775 1809 2800 con-'-

211 2815 301 2850 sules
327 2781 488 2849 eiusdemq
504 2818 580 2849 anni
607 2827 640 2859 p.
668 2815 727 2848 Ch
753 2817 818 2849 289
843 2818 973 2850 suffecti
998 2816 1154 2848 xidentur
1180 2814 1315 2848 Orellio.
1353 2834 1393 2838 —
1428 2812 1464 2857 5)
1492 2814 1655 2847 Alburno.
1690 2829 1734 2835 —-
1768 2812 1807 2857 6)

209 2862 294 2896 infra
319 2863 490 2906 seiiptum.
519 2881 559 2886 —-
587 2863 624 2904 ¹7)
651 2873 749 2905 supin
777 2865 909 2906 scripto
946 2880 985 2886 —-
1022 2861 1061 2904 8)
1088 2862 1247 2894 homines.
1284 2879 1324 2883 —-
1360 2860 1398 2904 9)
1422 2862 1632 2894 remansisse.
1669 2877 1707 2882 —
1748 2859 1807 2902 10)

209 2910 373 2993 lliloilpiues.
402 2927 441 2932 -—
470 2908 530 2952 11)
555 2909 728 2942 habuerat.
762 2927 801 2932 -—-
836 2909 896 2952 12)
923 2909 1073 2944 haberet.
1108 2926 1149 2931 —
1187 2907 1246 2950 13)
1272 2908 1410 2951 habete,
1436 2913 1471 2941 ut
1495 2918 1574 2941 mox
1598 2906 1717 2940 abitur.
1743 2917 1806 2951 pro

239 2966 255 2990 a
283 2961 414 2990 iturum.
