1877 3313
408 132 438 173 ξ.
457 133 489 167 3.
539 132 724 177 Appendix
749 132 863 177 legum
888 138 921 166 et
938 133 1317 168 senatusconsultorum
1576 134 1659 176 301

53 239 332 281 sessoribusve
364 252 465 293 aqua
499 239 586 281 data
618 240 681 280 vel
713 239 906 280 adtributa
938 245 1001 281 est
1032 241 1094 280 vel
1125 242 1222 293 erit,
1260 241 1373 282 saliat
1404 240 1662 283 distribuatur

16 328 22 334 .
54 298 275 349 dividatur,
308 299 346 338 in
380 299 542 340 castella
575 298 682 339 lacus
715 300 959 349 immittatur,
992 300 1023 339 is
1054 301 1201 352 populo
1233 313 1397 342 romano
1430 300 1459 341 C
1491 301 1604 341 millia
1624 298 1661 355 ¹]

57 356 154 397 dare
197 357 358 398 damnas
398 363 508 407 est03
551 364 591 398 et
622 358 687 410 qui
729 357 847 398 clam·
870 357 962 410 quid
1004 370 1143 398 eorum
1181 360 1232 399 ita
1264 360 1426 411 fecerit,
1465 359 1504 400 id
1546 372 1663 400 omne

52 416 204 457 sarcire
235 415 404 457 reficere
435 417 648 457 restituere
681 416 890 456 aedificare
923 428 1074 469 ponere
1106 422 1145 457 et
1177 417 1310 458 celere
1333 417 1523 459 demolire
1545 418 1660 459 dam-

52 486 123 515 nas
156 479 243 516 esto
275 476 362 516 sine
393 475 484 517 dolo
517 475 620 515 malo
653 480 770 528 atque
793 475 936 525 omnia,
968 476 1020 515 ita
1041 480 1081 516 ut
1105 477 1329 529 quicunque
1352 482 1511 518 curator
1533 489 1664 530 aqua-

51 546 139 574 rum
170 538 232 574 est
263 534 358 585 erit,
392 531 534 588 31112),
577 534 611 574 si
644 539 803 574 curator
834 547 1021 586 aquarum
1055 547 1169 575 nemo
1203 537 1297 586 erit,
1329 540 1406 576 tum
1439 536 1471 576 is
1503 541 1665 589 praetor

53 593 120 645 qui
150 593 254 633 inter
286 593 392 633 cives
426 597 467 633 et
498 593 736 646 peregrinos
760 593 822 633 ius
846 592 952 643 dicit,
985 593 1103 634 multa
1125 595 1358 647 pignoribus
1381 595 1516 648 cogito
1539 607 1662 635 coer-

52 655 164 700 cet03
198 651 314 703 eique
348 652 544 702 curatori,
586 656 674 701 aut,
716 651 748 692 si
782 657 942 693 curator
974 664 1053 692 nou
1085 654 1182 703 erit,
1226 658 1303 694 tuin
1337 654 1374 693 ei
1404 654 1580 706 praetori
1612 666 1663 695 eo

31 710 212 763 ‚nomine
244 709 414 763 cogendi
457 709 671 750 coercendi
713 710 856 750 multae
900 710 1090 751 dicendae
1134 712 1218 752 sive
1259 712 1436 766 pignoris
1481 712 1661 765 capiendi

51 769 113 810 ius
146 773 402 822 potestasque
434 773 534 810 esto.
596 770 635 810 Si
678 768 770 822 quid
815 782 952 810 eorum
985 782 1126 810 servus
1169 770 1332 821 fecerit,
1365 770 1544 812 dominus
1577 771 1664 812 eius

52 827 114 869 HS
147 831 305 868 centum
339 827 456 868 millia
488 828 634 881 populo
668 827 744 868 det.
761 825 801 882 3)
841 828 880 869 Si
913 829 1000 881 quis
1033 829 1137 869 circa
1170 830 1277 870 rivos
1310 842 1456 882 specus
1488 829 1664 870 fornices

52 886 201 927 fistulas
242 886 401 928 tubulos
442 886 604 927 castella
635 886 742 927 lacus
774 900 965 940 aquarum
1008 887 1271 940 publicarum,
1313 901 1415 941 quae
1447 887 1493 929 ad
1526 889 1667 929 urbem

52 946 215 986 Romam
249 944 446 986 ducuntur
467 949 506 985 et
528 945 735 996 ducentur,
768 947 997 986 terminatus
1030 947 1195 998 steterit,
1229 960 1278 987 ne
1312 948 1399 999 quis
1421 948 1459 988 in
1492 960 1541 988 eo
1574 948 1664 989 loco

45 1009 144 1059 ‘post
175 1004 275 1045 lianc
306 1004 436 1058 legem
469 1009 650 1057 rogatum
685 1004 778 1057 quid
821 1007 1008 1058 opponite
1052 1005 1186 1046 molito
1220 1006 1400 1058 obsepito
1433 1006 1542 1060 figito
1575 1011 1662 1047 sta-

54 1064 150 1105 tuito
183 1064 319 1116 ponito
353 1063 547 1104 collocato
581 1068 690 1104 arato
716 1063 852 1114 serito,
886 1076 986 1104 nere
1013 1065 1051 1103 in
1076 1077 1164 1104 eum
1189 1064 1279 1117 quid
1302 1065 1509 1116 iinniittito,
1540 1077 1665 1118 prae-

54 1127 234 1176 terquam
270 1134 410 1162 eorum
440 1122 713 1162 faciendorum
746 1122 1067 1174 reponendorum
1101 1136 1237 1174 causa,
1268 1136 1368 1176 quae
1392 1123 1464 1164 liae
1496 1124 1586 1177 lege
1617 1125 1670 1165 li-

55 1181 158 1222 cebit
190 1181 398 1235 oportebit.
448 1181 524 1228 Qui
556 1181 748 1223 adversus
782 1194 828 1221 ea
862 1182 951 1234 quid
986 1181 1138 1232 feccrit,
1171 1181 1363 1222 adversus
1387 1194 1476 1222 eum
1497 1183 1667 1236 siremps

53 1240 120 1281 lex
152 1240 214 1281 ius
248 1252 449 1292 causaque
482 1240 654 1281 omniurn
689 1252 823 1280 rerum
857 1240 1116 1292 omnibusque
1149 1246 1262 1291 esto,
1305 1245 1423 1293 atque
1465 1241 1520 1282 uti
1562 1246 1671 1283 esset

55 1311 228 1352 esseque
260 1303 478 1352 oporteret,
510 1299 543 1339 si
574 1300 607 1339 is
641 1298 832 1339 adversus
865 1299 964 1339 hane
996 1299 1126 1352 legem
1168 1299 1294 1339 rivum
1336 1311 1499 1352 specum
1532 1301 1668 1353 rupis-

55 1363 116 1400 set
140 1357 380 1399 forassetrc.
444 1357 662 1405 Quomiuns
696 1358 733 1397 in
767 1370 816 1396 eo
849 1357 938 1398 loco
963 1370 1130 1410 pascere
1153 1357 1330 1409 herbam,
1362 1357 1495 1398 fenum
1517 1371 1671 1409 secare,

54 1413 339 1471 sentes....4)
373 1420 600 1457 curatorum
632 1428 834 1469 aquarum,
868 1416 932 1466 qui
963 1429 1066 1456 nunc
1098 1421 1189 1456 sunt
1220 1417 1366 1467 qquue
1395 1421 1520 1457 erunt.
1555 1417 1668 1459 Circa

55 1475 187 1517 fontes
219 1481 259 1516 et
290 1475 464 1516 fornices
498 1479 537 1514 et
569 1487 703 1515 muros
737 1479 775 1514 ct
807 1475 914 1515 rixos
948 1480 986 1515 et
1017 1488 1186 1528 specus,
1229 1476 1458 1516 terminatus
1501 1476 1669 1518 arbores

59 1536 159 1576 vites
192 1547 336 1587 vepres
369 1538 504 1575 sentes
536 1535 645 1587 ripae
679 1534 848 1574 maceria
890 1533 1025 1575 salicta
1067 1534 1296 1576 arundineta
1340 1534 1526 1576 tollantur
1558 1536 1674 1576 exci—

58 1593 201 1635 dantur
233 1593 473 1634 effodiantur
507 1593 819 1640 excodicentur‚
862 1593 1000 1643 utique
1038 1598 1148 1634 recte
1190 1593 1337 1634 factum
1379 1606 1472 1634 esse
1513 1594 1676 1645 volent3

55 1666 188 1706 eoque
221 1653 377 1694 nomine
409 1653 455 1693 iis
487 1653 665 1705 pignoris
697 1653 809 1704 capio
842 1652 988 1692 multae
1021 1651 1140 1693 dictio
1173 1653 1447 1706 coercitioque
1470 1657 1570 1704 esto,
1604 1653 1670 1694 id-

56 1725 134 1765 que
164 1712 210 1752 iis
242 1712 328 1752 sine
372 1710 511 1752 fraude
557 1723 627 1751 sua
671 1710 808 1752 facere
850 1710 966 1751 liceat
997 1712 1058 1751 ius
1090 1716 1350 1765 potestasque
1392 1716 1491 1753 esto.
1556 1712 1674 1760 Quo-

56 1772 185 1811 minus
218 1771 318 1811 vites
351 1770 532 1821 arbores,
566 1783 669 1822 quae
701 1769 802 1810 villis
844 1770 1032 1810 aedificiis
1074 1771 1308 1811 maceriisve
1350 1770 1524 1811 inclusae
1565 1776 1672 1823 sunt,

57 1831 278 1882 maceriae,
320 1842 419 1882 quas
451 1833 659 1869 curatores
693 1841 904 1881 aquarum,
949 1841 1068 1870 eausa
1100 1830 1271 1883 cognita,
1303 1842 1354 1870 ne
1386 1829 1695 1888 demolirentur·

59 1888 228 1929 dominis
259 1890 551 1942 permiserunt,
586 1888 728 1940 quibus
761 1888 948 1940 inscripta
980 1888 1170 1941 insculpta
1205 1893 1339 1929 essent
1370 1889 1571 1942 ipsorum,
1605 1890 1674 1942 qui

58 1949 347 2001 permisissent,
380 1951 606 1988 curatorum
641 1947 796 1988 nomina
819 1952 1013 1997 maneant,
1046 1946 1119 1987 hac
1141 1947 1232 2000 lege
1255 1947 1415 1987 nihilum
1438 1952 1604 2001 rogator
1620 1945 1672 2000 ⁵).

60 2007 276 2055 Quominus
309 2018 361 2046 ex
402 2007 448 2046 iis
493 2005 666 2046 sontibus
707 2006 802 2046 rivis
845 2006 1029 2059 specibus
1071 2006 1286 2046 fornicibus
1328 2018 1466 2058 aquam
1511 2018 1673 2046 sumere

59 2065 216 2106 haurire
245 2066 292 2106 iis
324 2065 627 2118 quibuscunque
651 2069 858 2106 curatores
880 2077 1070 2118 aquarum
1094 2065 1360 2118 permiserint,
1393 2068 1674 2117 praeterquam

58 2129 146 2166 rota
177 2124 302 2165 calice
333 2124 524 2176 machina,
555 2123 684 2174 liceat,
717 2123 806 2164 dum
839 2136 970 2177 neque
1002 2128 1143 2177 puteus
1165 2135 1296 2177 neque
1319 2122 1503 2164 foramen
1525 2135 1673 2165 novum

59 2183 138 2236 fiat,
170 2184 258 2225 eius
289 2182 362 2225 hac
391 2183 483 2237 lege
516 2182 674 2224 nihilum
708 2188 884 2237 rogator.

204 2335 239 2380 1]
265 2337 439 2371 Schulzius
466 2337 560 2370 addit
582 2338 679 2370 aeris,
724 2337 894 2380 intellige:
923 2337 1168 2378 sestertiorum,
1195 2343 1231 2370 ut
1255 2337 1341 2371 infra
1369 2343 1436 2370 est:
1463 2336 1515 2370 HS
1536 2342 1673 2371 centum

60 2383 174 2418 11111113.
202 2401 242 2406 -
271 2384 307 2426 2)
333 2390 391 2418 aut
414 2386 446 2417 in
473 2384 630 2417 omnibus
655 2384 756 2418 codd.
783 2385 1011 2425 desideratur}
1040 2384 1170 2417 addidit
1196 2386 1321 2428 primus
1339 2384 1543 2424 BrissoniuS,
1570 2395 1672 2428 quem

63 2443 178 2465 omnes
212 2431 333 2476 reliqui
368 2431 513 2465 editores
545 2433 652 2465 secuti
678 2437 763 2465 sunt.
806 2431 872 2465 Sed
900 2431 1032 2464 laborat
1068 2431 1161 2464 locus
1196 2432 1318 2476 duplici
1354 2431 1569 2465 difficultate:
1593 2442 1672 2464 nam

62 2480 173 2512 omnia
199 2489 264 2512 non
291 2479 370 2512 satis
395 2479 571 2512 commode
598 2479 639 2512 ad
665 2479 905 2521 praecedent-ia
925 2479 1082 2519 refertur,
1110 2485 1212 2523 atque
1230 2480 1329 2512 etiam
1349 2480 1458 2511 minus
1477 2478 1672 2511 coniunctio

63 2532 97 2558 ul
121 2527 162 2559 ad
188 2527 293 2559 verba
319 2527 438 2569 coyz'lo,
464 2531 618 2559 ωσι-σεῖο.
663 2525 736 2566 Qua
762 2532 901 2570 propter
935 2525 1114 2558 admodum
1149 2525 1261 2568 placet
1286 2525 1449 2559 Iordansii
1475 2525 1673 2558 coniectura

64 2574 109 2605 ita
134 2573 298 2618 legentis:
322 2579 416 2616 alque
442 2574 553 2605 onmia
578 2574 624 2606 ila
648 2579 699 2613 ue,
734 2574 916 2616 quicunque
943 2572 1083 2605 carator
1107 2583 1268 2616 aquarum
1294 2579 1355 2614 esl,
1382 2573 1532 2611 iusserit,-
1556 2572 1583 2604 si
1610 2583 1672 2604 cu-

63 2625 155 2652 rator
178 2631 341 2664 aquarum
365 2631 457 2653 nemo
483 2626 528 2653 est
553 2626 618 2653 etc,
646 2637 686 2642 -—
715 2619 753 2661 3)
781 2619 919 2653 Ursinus
945 2618 995 2661 (in
1022 2624 1104 2652 nott.
1131 2619 1172 2652 ad
1199 2619 1378 2663 Augustini
1404 2619 1525 2652 librum
1545 2618 1587 2651 de
1605 2618 1673 2652 Le-

66 2664 181 2709 gibus)
207 2668 377 2710 sagaciter
402 2668 603 2710 suspicatur,
630 2668 661 2699 in
690 2677 776 2699 voce
801 2666 852 2698 det
876 2666 983 2699 latere
1009 2665 1047 2699 D.
1073 2666 1111 2699 E.
1139 2667 1157 2699 i.
1185 2678 1213 2699 e.
1232 2667 1371 2699 damnas
1389 2671 1472 2705 esto;
1496 2666 1543 2698 uti
1561 2676 1675 2708 supra.

68 2730 110 2735 --
143 2712 182 2754 4]
209 2713 370 2747 Codicum
396 2713 461 2746 hoc
487 2714 564 2747 loco
598 2714 753 2746 lacunam
787 2713 842 2745 alii
875 2713 940 2747 alio
967 2713 1068 2746 modo
1101 2713 1269 2757 supplent.
1311 2712 1483 2746 Dederich
1516 2713 1674 2746 coniicit:

68 2758 134 2799 Quo
157 2760 265 2794 minus
289 2762 326 2793 in
351 2772 385 2794 eo
410 2760 481 2793 loco
505 2772 642 2805 pascere
666 2759 807 2800 herbam,
830 2760 945 2802 fenum
969 2771 1080 2793 secure
1104 2766 1209 2793 sentes
1231 2759 1437 2804 prohibeant,
1463 2764 1579 2791 curent
1604 2758 1675 2792 Cu-

67 2811 192 2840 ratores
214 2819 376 2851 aquarum
401 2808 456 2851 qui
479 2819 570 2840 nunc
594 2813 684 2847 sunt,
712 2808 826 2851 quique
850 2813 954 2840 ermzl.
1000 2807 1101 2840 Circa
1124 2808 1229 2849 sontes
1253 2813 1309 2839 etc.
1343 2825 1387 2829 —
1420 2801 1457 2847 5)
1485 2804 1591 2839 Codd.
1617 2804 1674 2839 hic

70 2853 157 2886 etin
185 2853 332 2888 clausula
358 2854 464 2897 legis:
495 2855 641 2897 royalio;
675 2865 775 2898 quam
806 2854 985 2887 lectionem
1018 2853 1242 2887 Dederichius
1276 2854 1417 2894 retinet,
1451 2851 1677 2886 subaudiens:

69 2903 142 2931 esto.
181 2899 344 2946 Scaligeri
370 2901 562 2935 emendatio
588 2906 657 2934 est:
690 2906 839 2944 rogator,
873 2911 915 2934 ex
940 2901 1084 2934 formula
1109 2902 1141 2933 in
1172 2899 1342 2933 veteribus
1367 2898 1500 2944 legibus
1523 2899 1676 2935 solemni.

70 2944 179 2980 Possit
202 2948 302 2982 etiam
327 2948 430 2984 scribi
455 2954 597 2993 rogatur.
626 2948 663 2982 V.
689 2947 804 2983 Klenz.
831 2948 873 2983 ad
900 2948 1013 2992 legem
1038 2947 1215 2983 Serviliam
1240 2957 1274 2990 p.
1299 2946 1355 2981 94.
