1877 3313
183 185 238 228 78
544 181 644 215 Inscr.
668 190 793 214 sacrae.
841 178 921 224 Cap.
949 181 1004 215 111.
1053 180 1151 214 Tituli
1176 180 1392 225 sepulcrales.

322 293 414 328 598.
472 287 522 327 Μ.
550 285 595 326 Μ.
615 282 650 338 ¹)
684 285 863 325 Miniciae
892 285 1052 326 Rufinae
1082 286 1424 326 innocentissimae
1453 284 1635 338 feminae,
1666 297 1766 338 quae

180 350 277 391 vixit
306 348 415 389 annis
456 343 570 385 XXII.
614 355 751 382 mense
781 356 882 395 uno,
923 344 1024 384 dieb.
1057 343 1192 384 XXIV.
1235 344 1390 384 Minicia
1429 343 1594 384 Domitia
1636 344 1768 384 sorori

181 408 312 461 posuit
342 415 512 446 mensam
545 406 678 441 contra
709 405 856 442 votum.
889 425 944 430 —-
976 404 1163 441 Mediolani
1196 404 1291 440 Grut.
1315 404 1410 450 850,
1433 404 1468 440 6.
1516 403 1609 441 Oret.
1640 404 1765 441 4460.

321 482 412 518 599.
471 477 514 516 D.
549 475 596 516 Μ.
628 475 769 516 Mindia
801 476 936 530 'l'yche
969 476 1059 516 fecit
1091 477 1163 517 sibi
1206 482 1245 517 et
1276 478 1356 518 suis
1389 481 1428 517 et
1458 477 1608 517 libertis
1638 477 1767 518 liber-

181 541 372 591 tabusque
403 535 605 589 posterisq.
640 546 776 574 eorum
818 547 904 575 cum
946 534 1122 576 aedificio
1156 540 1194 576 et
1226 536 1387 575 taberna
1426 535 1628 576 custodiae
1659 539 1766 575 tute-

181 599 319 650 laeque
352 606 477 636 causa.
511 614 563 620 --
593 595 632 630 E.
665 594 805 631 schedis
839 595 1017 632 Barberin.
1062 596 1202 632 Fabret.
1236 596 1433 642 393,267.

321 674 411 709 600.
469 668 546 708 Diis
577 667 759 708 Manibus
790 668 941 709 Neviae
974 669 1014 709 C.
1047 669 1090 708 L.
1125 674 1257 710 sancta
1289 674 1395 710 casta
1426 669 1631 722 Epictesis.
1662 669 1767 710 Vixit

182 732 291 773 annis
331 728 448 768 XXX.
492 726 541 767 de
579 738 654 778 qua
694 726 739 766 N.
784 726 830 766 D.
871 727 919 767 A.
961 727 1007 767 N.
1049 725 1204 782 mor.²)
1244 751 1299 756 —-
1340 731 1479 767 Fabret.
1520 729 1627 777 275,
1673 729 1765 766 159.

184 793 277 830 Orel.
309 790 432 825 4640.

321 864 412 900 601.
470 860 514 900 H.
554 860 603 900 M.
646 859 683 901 S.
727 860 764 901 S.
807 860 849 900 E.
892 860 935 900 H.
977 860 1023 900 N.
1056 861 1093 902 S.
1110 858 1150 914 3)
1182 861 1355 902 Numisia
1387 861 1427 902 C.
1460 861 1502 901 L.
1534 860 1688 915 Glapira
1719 873 1766 903 se

181 936 267 1020 Ξιέἒ
298 917 769 1017 ἷὲἳῗὶεᾘςῃῐῐηεςίηθῐη
802 918 942 959 Vibulli
972 919 1022 960 M.
1055 919 1096 959 L.
1130 919 1299 972 Septimi.
1341 943 1396 949 —
1438 922 1580 959 Romae.
1610 923 1699 960 Don.
1731 935 1765 972 p.

320 1057 411 1093 602.
470 1053 514 1093 D.
555 1052 604 1092 M.
649 1052 835 1092 Octaviae
878 1052 1180 1102 Cresceniinae‚
1221 1065 1320 1104 quae
1360 1053 1518 1105 antiqua
1548 1054 1626 1094 vita
1658 1053 1765 1105 vixit,

180 1114 269 1156 fidei
310 1126 356 1153 ae
396 1111 614 1165 diligentiae
657 1110 806 1150 clariss.
849 1110 890 1151 C.
933 1110 1112 1150 Valerius
1152 1110 1355 1151 Ianuarius
1394 1112 1541 1152 coniux
1577 1112 1619 1152 C.
1650 1111 1690 1152 F.
1722 1112 1765 1152 B.

181 1173 231 1214 M.
263 1173 303 1213 F.
318 1169 359 1225 4)
390 1193 440 1198 ——
473 1171 677 1208 Beneventi.
710 1171 760 1207 De
793 1171 870 1208 Vita
901 1171 1067 1219 Inscript.
1100 1171 1174 1217 41,
1210 1170 1272 1208 12.
1319 1172 1413 1208 Orel.
1445 1171 1569 1210 4629.

321 1249 414 1285 603.
472 1245 517 1285 D.
544 1245 594 1285 M.
627 1243 809 1284 Aurelius
840 1244 1098 1285 Maximianus
1131 1244 1228 1284 Aur.
1261 1244 1481 1298 Olympiadi
1502 1245 1552 1285 fil.
1580 1244 1766 1286 dulcissi-

182 1319 281 1358 mae,
313 1318 414 1357 quae
443 1304 509 1343 vix
540 1315 624 1342 ann.
657 1302 772 1342 XXII.
805 1303 855 1343 M.
887 1302 934 1342 X.
966 1303 1012 1342 D.
1044 1303 1180 1343 XXVI.
1213 1307 1252 1342 et
1282 1303 1481 1343 Publiciae
1513 1302 1766 1356 Carpodorae

181 1367 265 1406 eius
297 1369 336 1404 et
367 1363 426 1403 lib.
459 1361 696 1412 libertatusq.
730 1360 812 1400 suis
844 1361 1054 1413 posterisq.
1087 1373 1223 1400 eorum
1256 1361 1294 1401 F.
1310 1359 1349 1415 5)
1392 1362 1432 1403 Si
1471 1362 1556 1413 quis
1587 1361 1663 1402 hoc
1693 1374 1766 1402 se-

182 1423 383 1477 pulchrum
416 1419 474 1459 vel
506 1423 793 1460 monumentum
825 1431 910 1459 cum
943 1418 1119 1459 aedificio
1151 1420 1336 1460 universo
1358 1424 1447 1471 post
1468 1420 1616 1460 obitum
1637 1432 1765 1460 meum

183 1481 356 1521 vendere
388 1479 448 1519 vei
479 1477 621 1518 donare
653 1477 821 1517 voluerit
852 1477 913 1516 vel
946 1489 1089 1530 corpus
1121 1477 1291 1517 alienum
1322 1477 1510 1517 invehere
1537 1478 1656 1528 vellii,
1689 1477 1766 1518 da·-

184 1541 238 1580 bit
270 1550 417 1592 poenae
450 1536 602 1577 nomine
634 1534 713 1575 ark.
745 1534 880 1587 pontis.
913 1534 986 1575 HS.
1021 1535 1061 1575 C.
1093 1535 1138 1574 N.
1168 1540 1207 1575 et
1228 1535 1263 1574 ei
1286 1535 1349 1575 cui
1371 1534 1554 1575 donatum
1577 1535 1640 1576 vel
1663 1548 1766 1576 ven-

184 1597 304 1638 ditum
336 1596 450 1637 suerit
482 1593 614 1634 eadem
645 1605 772 1646 poena
803 1593 1011 1633 tenebitur.
1043 1616 1098 1621 —-
1130 1596 1273 1632 Romae.
1305 1596 1443 1632 Gruter.
1477 1595 1572 1642 672,
1608 1595 1642 1632 1.

322 1674 410 1710 604.
470 1670 515 1710 D.
544 1670 593 1710 M.
627 1667 779 1709 Omidia
811 1668 993 1709 Basilissa
1025 1669 1121 1708 vixit
1152 1670 1263 1710 annis
1285 1669 1403 1710 XXV.
1436 1682 1539 1722 quae
1561 1673 1652 1723 post
1672 1669 1765 1709 lon-

181 1743 253 1786 gas
286 1735 324 1770 et
356 1730 479 1769 varias
510 1728 748 1768 infirmitates
779 1727 1000 1767 hominibus
1032 1732 1213 1780 exempta
1244 1733 1316 1768 est.
1371 1728 1515 1769 Misera
1546 1728 1644 1769 vale.
1676 1727 1765 1769 Ma-

183 1789 283 1831 cedo
315 1789 484 1829 mariius.
518 1810 568 1815 —-
599 1789 742 1825 Romae.
773 1788 867 1824 Grut.
899 1800 932 1836 p.
966 1787 1061 1824 813.
1109 1788 1202 1824 OreI.
1235 1789 1359 1825 4750.

321 1866 412 1902 605.
471 1862 514 1902 L.
551 1862 741 1902 Pacuvius
780 1861 1052 1901 Narcissianus
1095 1862 1331 1915 Opicerniae
1372 1862 1633 1915 Primigeniae
1675 1874 1764 1902 curn

182 1935 259 1975 qua
288 1922 382 1962 vixit
412 1934 473 1962 an.
505 1919 612 1960 XViI.
647 1920 805 1973 coniugi
835 1920 936 1959 bene
968 1920 1145 1960 merenti.
1193 1915 1265 1960 Καὶ
1296 1916 1375 1960 ὦδε
1406 1920 1463 1960 δεῖ
1491 1933 1540 1973 με
1567 1916 1663 1961 ποτὲ
1693 1916 1763 1960 ἐλ-

178 1982 275 2022 θεῖν.
308 2004 357 2011 -
390 1983 474 2019 Mur.
504 1993 532 2030 1.
571 1980 691 2017 1385.
734 1981 874 2017 Morcei.
906 1979 1117 2017 CLXXVIII.

319 2059 411 2095 606.
473 2054 615 2107 Oppiae
657 2054 698 2094 C.
740 2054 780 2093 L.
822 2053 1043 2094 Theanonis
1086 2065 1177 2094 ossa
1214 2053 1276 2094 hio
1306 2059 1399 2095 sunt
1429 2055 1503 2095 sita
1541 2053 1589 2096 ad
1623 2051 1687 2094 Vll
1715 2053 1761 2094 Κ.

178 2114 247 2155 Iul.
280 2113 347 2154 Cn.
379 2114 487 2154 Lent.
518 2112 563 2153 M.
603 2112 730 2153 Crass.
773 2110 861 2152 Cos.
876 2108 916 2165 Β)
956 2134 1012 2140 —
1055 2114 1197 2162 Vignol.
1238 2115 1397 2163 Inscript.
1439 2116 1569 2152 select.
1611 2114 1662 2152 CI.
1702 2115 1762 2152 111.

180 2188 212 2224 p.
246 2175 339 2211 334.
387 2175 493 2211 More.
519 2174 583 2221 Op.
618 2186 673 2221 ep.
705 2173 747 2209 ΙΙ.
784 2172 874 2209 101.

321 2250 414 2285 607.
476 2246 700 2299 Pamphiles.
732 2245 870 2286 Anima
899 2249 1036 2286 sancta
1067 2245 1188 2286 salve.
1221 2268 1277 2275 ——
1307 2249 1398 2286 Maff.
1429 2249 1514 2286 Mus.
1547 2249 1588 2286 V.
1614 2261 1647 2298 p.
1667 2248 1761 2286 281.

182 2309 290 2344 More.
322 2308 386 2355 Op.
419 2319 473 2355 ep.
505 2307 540 2343 II.
577 2306 667 2343 104.

319 2383 411 2418 608.
472 2380 512 2419 D.
544 2380 594 2421 M.
628 2379 665 2421 S.
704 2379 918 2420 Plaetoriae
952 2377 1173 2419 Antiochidi
1204 2378 1430 2420 karissimae
1461 2378 1642 2421 feminae.
1673 2380 1759 2420 Vix.

181 2451 268 2479 ann.
300 2438 434 2478 XXVI.
466 2438 511 2478 M.
543 2438 601 2478 III.
634 2438 679 2478 D.
712 2438 812 2478 XXI.
845 2437 889 2478 H.
921 2436 970 2477 X.
1001 2437 1039 2477 P.
1072 2437 1225 2477 Flavius
1268 2437 1401 2490 Capito
1443 2438 1573 2492 coiugi
1614 2439 1761 2479 castis-

181 2497 302 2537 simae
332 2495 501 2549 piisimae
533 2499 571 2535 et
602 2495 650 2536 de
681 2508 726 2536 se
757 2496 900 2549 optime
931 2495 1107 2546 meritae,
1138 2495 1186 2534 de
1219 2507 1292 2547 qua
1321 2496 1467 2537 nullum
1490 2496 1665 2537 dolorem
1686 2496 1760 2536 nisi

180 2555 455 2594 acerbissimae
487 2554 620 2594 mortis
652 2554 734 2595 eius
768 2557 988 2607 acceperat,
1019 2551 1270 2606 dignissimae
1301 2553 1406 2595 fecit.
1440 2579 1494 2585 —
1524 2559 1662 2595 Romae.
1688 2557 1759 2593 Fa-

180 2615 268 2652 bret.
304 2628 338 2663 p.
372 2614 466 2650 275.

315 2696 407 2732 609.
466 2693 510 2733 D.
551 2692 602 2733 M.
635 2693 742 2735 Have
782 2694 975 2735 Primitiva
1005 2692 1204 2746 Benigna‚
1249 2694 1567 2748 incomparabilis
1598 2693 1757 2736 femina.

319 2852 355 2896 1)
380 2855 571 2889 Memoriae.
587 2872 631 2878 —
656 2854 693 2898 2)
719 2857 844 2890 nullum
871 2856 1022 2891 dolorem
1047 2856 1165 2900 accepi
1192 2857 1254 2889 nisi
1269 2858 1396 2890 mortis.
1423 2875 1463 2880 —
1491 2856 1528 2900 3)
1554 2857 1618 2891 hoc
1636 2867 1757 2891 monu-

182 2905 327 2933 mentum
357 2903 430 2935 sive
462 2902 650 2946 sepulcrum
683 2908 733 2936 est
765 2903 909 2937 heredes
941 2914 1008 2937 non
1040 2909 1208 2947 sequetur.
1241 2921 1282 2927 ·-
1313 2901 1352 2947 4)
1385 2902 1588 2939 clarissimae
1612 2903 1758 2939 feminae

181 2946 269 2980 hene
293 2949 434 2982 merenti
461 2949 548 2984 fecit.
574 2967 614 2974 —
640 2948 679 2993 5)
703 2949 793 2985 fecit.
818 2967 859 2974 ·—
885 2948 924 2993 6)
947 2949 986 2986 U.
1011 2948 1048 2985 C.
1072 2947 1150 2985 740.
1818 2952 1820 2955 ’
