1877 3313
90 150 174 193 392
537 141 639 177 Inscr.
664 139 839 184 profanae.
888 138 968 183 Cap.
994 135 1035 171 11.
1085 134 1244 170 Tabulae.

94 262 191 298 facta
223 254 380 294 adbibita
412 256 488 300 est,
528 251 721 290 secundum
753 250 856 288 ritum
887 247 1155 296 mancipationis
1187 257 1253 295 per
1283 244 1457 283 fiduciam.
1503 238 1572 296 (V.
1613 243 1698 283 Plin.

92 318 203 367 Epist.
235 315 314 360 VII,
350 308 453 365 18.)

233 374 430 420 Utrumque
461 370 604 408 tabulae
635 369 806 406 Traianae
849 367 963 403 album
995 366 1088 402 hunc
1119 365 1153 401 in
1186 364 1328 401 modum
1361 366 1603 412 comparatum
1635 367 1700 399 est.

99 434 234 472 Titulus
267 432 350 468 albo
382 430 611 480 praepositus
642 428 775 465 indicat
807 437 998 470 summam,
1030 425 1062 461 in
1096 435 1199 472 quam
1231 423 1396 459 universa
1426 421 1572 470 praedia
1604 421 1701 458 obli-

94 497 252 542 gantur,
294 501 488 538 puerorum
531 487 829 524 alimentariorum
872 489 908 521 et
938 484 1134 532 puellarum
1172 493 1377 527 numerum,
1419 480 1539 517 addita
1569 491 1703 517 summa

97 553 344 590 alimentorum
376 549 409 586 in
441 547 602 595 singulos
634 557 773 582 menses
816 556 860 580 ex
893 542 1112 589 indulgentia
1159 541 1389 589 Imperatoris
1428 539 1703 587 assignatorum,

99 622 227 647 usurae
259 619 396 646 annuae
429 605 615 655 quincunci
651 605 759 642 totius
792 602 896 639 sortis
929 601 1188 649 respondente.
1241 600 1279 636 In
1311 598 1482 647 capitibus
1514 598 1582 635 albi
1612 609 1705 647 per-

97 670 301 707 scribuntur
332 667 485 715 primum
517 664 650 702 domini
682 663 932 712 praediorum,
976 666 1046 696 tum
1078 659 1223 708 praedia
1258 658 1426 706 cuiusque
1459 656 1592 694 domini
1622 657 1705 694 uni-

100 740 207 766 versa
240 738 317 764 cum
349 723 566 762 indicatione
597 723 715 772 pretii,
747 721 865 770 quanti
898 731 939 755 ea
972 718 1104 755 domini
1136 717 1294 767 professi
1326 721 1428 762 sunt3
1460 715 1591 752 deinde
1611 726 1705 761 sors,

97 799 201 836 quam
224 784 353 832 singuli
376 783 507 820 domini
530 794 576 819 ex
599 782 763 818 universa
799 790 930 816 summa
963 778 1127 826 accipere
1155 778 1311 822 debentg
1342 781 1526 824 postremo
1557 774 1706 823 praedia

98 846 239 893 singula
256 843 461 880 nominatim
480 845 712 878 recensentur
730 852 748 876 a
767 837 916 875 dominis
936 837 1107 884 obligata,
1129 836 1255 872 additis
1278 834 1417 871 summis
1439 834 1472 870 in
1491 845 1576 881 quas
1595 846 1613 870 a
1633 834 1705 870 do-

98 904 199 942 minis
217 903 433 950 obligantur.
450 901 575 948 Neque
591 911 679 936 vero
697 897 847 947 pretium
866 896 1111 932 universorum
1129 894 1356 944 praediorum
1376 894 1419 930 ab
1437 892 1534 929 initio
1552 892 1706 941 capitum

99 963 252 1014 positum
270 972 411 1009 semper
428 972 505 998 cum
528 959 748 1007 singulorum
771 956 998 1005 praediorum
1022 954 1142 1002 pretiis
1170 955 1203 991 in
1226 965 1329 990 unam
1352 963 1521 989 summam
1543 951 1707 988 collectis

100 1021 294 1066 consentit,
327 1020 404 1056 sive
430 1017 656 1056 calculatoris
685 1017 760 1053 sive
787 1014 976 1063 scalpturis
1005 1024 1140 1049 errore.
1184 1013 1284 1049 Unde
1311 1013 1400 1048 haec
1422 1011 1575 1059 capitum
1602 1021 1706 1048 com-

100 1081 216 1118 munis
248 1079 399 1116 formula
431 1077 604 1115 eflicitur:
649 1074 812 1124 „Aliquis
846 1074 1030 1122 protessus
1065 1077 1120 1108 est
1152 1071 1297 1119 praedia
1337 1070 1466 1106 rustica
1498 1069 1614 1117 aliqua
1645 1080 1709 1106 se·-

102 1140 311 1177 stertiorum
347 1137 463 1186 aliqua
495 1147 641 1173 summa.
704 1133 880 1181 Accipere
922 1132 1031 1168 debet
1065 1132 1215 1178 aliquam
1258 1130 1503 1166 sestertiorum
1542 1139 1710 1165 summani

106 1204 142 1236 et
176 1198 341 1245 obligare
373 1197 510 1244 aliquos
555 1195 683 1231 fundos
726 1193 759 1229 in
802 1192 952 1239 aliquam
984 1188 1192 1226 summam&
1256 1189 1389 1233 Quodsi
1432 1188 1506 1235 quis
1548 1187 1710 1224 dominus

103 1259 272 1295 universa
305 1267 367 1292 sua
398 1255 568 1303 praedia,
610 1264 680 1290 non
720 1255 857 1300 partem
901 1261 1024 1286 eorum
1067 1249 1229 1296 obligat,
1273 1253 1344 1284 turn
1376 1247 1493 1283 statim
1535 1247 1579 1283 ab
1611 1246 1709 1282 initio

103 1316 232 1365 capitis
264 1315 363 1352 tundi
396 1314 525 1362 singuli
558 1311 763 1349 nominatim
798 1313 1062 1354 enumerantur,
1095 1312 1131 1344 ut
1163 1319 1239 1356 cap.
1267 1307 1300 1343 1.
1333 1306 1504 1353 Singulae
1534 1305 1710 1353 praedio-

102 1388 179 1413 rum
212 1379 334 1423 partes
377 1373 474 1410 tundi
505 1372 635 1419 ubique
677 1373 843 1407 accurate
886 1367 1099 1404 definiuntur
1142 1366 1304 1412 nomine,
1346 1377 1384 1402 re
1418 1359 1475 1417 [e.
1508 1376 1537 1401 c.
1570 1364 1711 1409 sunduS,

103 1436 227 1481 saltus,
259 1444 378 1478 casae,
412 1431 555 1469 colonia
578 1423 683 1481 tic),
716 1429 781 1465 situ
805 1422 1023 1479 [secundum
1047 1437 1184 1473 agrum,
1207 1437 1353 1473 pagum,
1375 1424 1505 1469 vicum,
1538 1417 1711 1474 adfines.)

245 1493 284 1530 ln
318 1491 463 1528 alterius
495 1490 565 1527 albi
597 1489 697 1525 titulo
730 1486 903 1533 obligatio
937 1497 1001 1533 per
1034 1485 1236 1521 Cornelium
1269 1484 1481 1520 Gallicanam
1502 1483 1595 1519 faeta
1618 1482 1712 1518 scri-

103 1553 223 1599 bitur,
271 1551 328 1599 qui
361 1550 414 1587 vir
445 1560 512 1597 pro
544 1548 732 1585 Praefecto
765 1546 1009 1582 alimentorum
1043 1543 1244 1591 Borglicsio
1289 1543 1442 1580 docente
1485 1541 1712 1590 accipiendus

106 1616 174 1659 est,
206 1621 323 1657 neque
353 1614 392 1645 ut
422 1607 480 1644 alii
512 1607 645 1656 opinati
676 1609 777 1650 sunt,
809 1615 876 1652 pro
909 1603 1095 1640 donatore.

251 1669 419 1705 Editores
452 1666 594 1703 tabulae
628 1670 664 1702 et
696 1665 910 1712 interpretes
942 1662 1081 1710 priores
1125 1665 1332 1697 enumerant
1373 1662 1496 1697 Petrus
1535 1658 1580 1695 de
1611 1659 1715 1695 Lama

108 1730 144 1767 in
179 1728 269 1766 libro
302 1727 360 1775 qui
393 1725 613 1763 inscribitur:
657 1723 790 1760 Tavola
823 1721 1041 1758 alimentaria
1074 1721 1252 1767 Vellejate
1295 1720 1391 1756 detta
1424 1718 1572 1756 Traiana
1605 1718 1716 1754 resti-

109 1788 199 1825 tuita
232 1787 297 1823 alla
330 1797 391 1823 sua
423 1796 510 1821 vera
543 1784 694 1820 lezione.
736 1782 869 1819 Parma.
906 1779 1025 1816 1519.
1058 1779 1094 1816 4.
1126 1792 1160 1828 p.
1187 1778 1352 1814 14-19
1387 1783 1423 1814 et
1455 1778 1717 1826 Spangenber-

110 1848 194 1895 gius
227 1846 261 1882 in
294 1844 382 1881 Iuris
413 1843 548 1880 romani
572 1842 711 1878 Tabulis
735 1841 961 1887 negotiorum
983 1839 1204 1875 sollemnium
1237 1850 1319 1886 pag.
1343 1838 1445 1883 3073
1476 1836 1717 1883 Muratorium,

107 1905 311 1951 Matreium,
354 1903 407 1939 De
439 1901 643 1946 canonico,
685 1899 922 1944 Pitarellium,
962 1898 998 1933 F.
1038 1897 1079 1934 A.
1111 1897 1283 1933 Wotfium
1316 1891 1424 1948 (Von
1457 1897 1556 1932 einer
1586 1895 1716 1933 milden

108 1965 268 2010 Stiftung
309 1962 454 1998 'l'raians
494 1959 623 1997 Berlin.
669 1958 790 1996 1808.
835 1951 898 2008 S.)
943 1956 1075 2000 Quibus
1114 1960 1242 2004 postea
1286 1959 1532 1992 accesserunt:
1579 1954 1718 1992 Franke

108 2025 176 2060 Zur
221 2022 434 2058 Gescbichte
463 2019 619 2056 Traiaus.
665 2018 845 2054 Gustrow.
896 2015 1015 2052 1537.
1067 2027 1101 2063 p.
1148 2015 1228 2050 377
1268 2026 1343 2062 sqq.
1406 2014 1523 2050 Vitale
1570 2013 1717 2050 Intorno

110 2083 179 2119 alla
223 2085 348 2118 natura
391 2079 490 2127 degli
538 2078 599 2114 atti
647 2077 831 2114 contenuti
878 2075 968 2111 nella
1015 2073 1132 2110 tavola
1177 2073 1273 2120 degli
1317 2072 1511 2110 alimentari
1553 2072 1586 2108 di
1625 2072 1718 2108 Vel-

109 2142 192 2188 leja.
249 2140 431 2175 Piacenza.
484 2136 605 2174 1843.
683 2132 762 2187 (ct.
812 2134 970 2171 Bulletin.
1016 2132 1096 2169 dell'
1143 2133 1302 2169 instituto
1350 2133 1445 2169 areli.
1513 2130 1637 2167 1843.
1683 2143 1718 2180 p.

114 2193 235 2251 165).
296 2198 489 2235 Universae
531 2196 631 2232 huius
671 2193 900 2232 institutionis
932 2191 1087 2229 rationes
1120 2192 1369 2239 explicuerunt
1409 2190 1586 2238 Borghesi
1619 2184 1719 2242 (Os-

112 2256 314 2296 servazioni
346 2257 491 2293 intorno
523 2255 532 2291 i
566 2255 634 2291 due
673 2253 775 2303 primi
807 2252 983 2301 praetecti
1027 2251 1271 2287 alimentorum
1304 2250 1337 2286 in
1371 2250 1493 2287 Bullet.
1525 2248 1608 2285 dell'
1638 2250 1719 2286 inst.

112 2318 209 2354 areli.
245 2316 368 2353 1844.
400 2327 434 2364 p.
472 2309 579 2365 125)
613 2318 648 2350 et
683 2313 828 2349 tlenzen
862 2307 941 2358 (De
973 2311 1091 2347 tabula
1125 2310 1343 2345 alimentaria
1375 2308 1656 2353 Baebianorum3
1685 2308 1719 2344 in

112 2376 238 2414 Annal.
270 2375 352 2411 dell.
386 2374 489 2419 inst.‚
521 2373 676 2409 arclieol.
714 2371 836 2408 1845.
868 2383 901 2419 p.
937 2365 1076 2422 5sqq.)
1120 2369 1172 2405 Ex
1206 2369 1316 2404 nostri
1350 2368 1470 2416 operis
1502 2367 1651 2404 consilio
1684 2370 1721 2403 et

113 2435 243 2473 linibus
276 2433 416 2470 nonnisi
447 2436 587 2481 partem
620 2431 761 2468 tabulae
794 2429 968 2466 exhibere
1002 2429 1110 2465 visum
1143 2431 1218 2472 est,
1261 2427 1324 2463 sed
1366 2431 1498 2463 tantum
1531 2426 1626 2463 unde
1656 2429 1719 2463 to-

115 2494 182 2531 tius
216 2493 359 2530 tabulae
391 2491 482 2529 ratio
516 2495 553 2526 et
585 2491 759 2527 formulae
793 2489 878 2526 satis
911 2487 1086 2535 cognosci
1117 2486 1265 2535 possint.

593 2557 868 2612 Obligatio
903 2556 1247 2609 praediorum

116 2620 166 2662 ob
197 2619 268 2661 HS
301 2619 464 2660 deciens
497 2617 757 2672 quadraginta
789 2620 976 2669 quattuor
1009 2615 1132 2665 milia,
1163 2619 1200 2654 ut
1232 2625 1283 2653 cx
1315 2611 1555 2666 indulgentia
1588 2610 1722 2665 optimi

114 2679 352 2731 maximique
383 2678 569 2730 Principis
600 2677 693 2729 Imp.
719 2676 831 2716 Caes.
856 2674 1014 2714 Nervae
1047 2673 1203 2714 Traiani
1233 2671 1335 2726 Aug.
1369 2671 1604 2720 Germanici,
1636 2670 1721 2710 Da-

118 2738 212 2790 cici,
253 2737 367 2792 pueri
398 2735 638 2790 puellaeque
671 2735 854 2776 alimenta
886 2733 1099 2787 accipiant:
1141 2731 1302 2786 legitimi
1324 2727 1357 2784 ¹)
1390 2729 1436 2770 N.
1472 2729 1651 2770 CCXLV.
1682 2729 1721 2769 in

260 2912 296 2955 1)
321 2914 425 2948 'l'otus
449 2914 504 2948 hic
528 2913 624 2947 locus
650 2914 694 2946 ita
722 2911 979 2957 intelligendus:
1007 2911 1147 2953 legitimi
1174 2908 1211 2951 (i.
1237 2919 1266 2942 e.
1288 2905 1400 2953 pueri)
1427 2916 1568 2940 numero
1587 2905 1721 2940 ducenti

121 2957 341 3004 quadraginta
367 2963 515 3007 quinque
543 2962 575 2995 in
601 2960 752 3006 singulos
778 2961 814 3002 (i.
841 2971 870 2994 e.
897 2955 1046 3001 menses)
1073 2958 1246 2992 sestertios
1269 2956 1417 2991 sedec-im
1443 2963 1614 2995 nummos3
1641 2953 1723 2987 fiunt

1860 2191 1863 2198 .
1860 2028 1865 2146 .>.„—„-
1857 1863 1866 1944 -„3-
1857 1774 1866 1796 Β
1856 1643 1862 1708 ‚-
