1877 3313
642 144 674 186 §.
701 144 731 177 1.
780 142 890 187 Leges
915 148 950 177 et
974 142 1163 188 plebiscita.
1622 140 1706 184 231

98 255 156 293 tet
186 249 463 304 oportebitve,
493 249 533 290 id
552 247 588 305 ¹)
621 248 912 304 stipendiarieis
945 248 1011 290 det
1041 249 1298 305 adsignetve‚
1338 249 1459 304 idque
1490 249 1530 291 in
1560 247 1711 292 formas

98 310 277 364 publicas
308 308 427 350 facito
459 310 543 351 utei
577 306 797 364 [referatur
829 310 854 350 i.
888 322 926 350 u.
958 305 1016 363 e.]
1049 321 1082 349 r.
1115 322 1149 350 e.
1181 307 1275 364 v.²)

727 379 850 434 Caput
879 379 1087 420 XXXVIII.

238 438 269 480 11
286 439 369 490 vir,
412 439 504 491 quei
537 452 591 479 ex
621 438 658 479 h.
691 439 713 479 l.
746 438 873 480 factus
907 443 1119 479 creatusve
1152 439 1248 490 erit,
1281 440 1314 480 is
1346 438 1466 480 facito
1497 439 1538 479 in
1569 437 1711 480 diebus

99 497 191 540 CCL
222 499 488 551 proxsumeis‚
519 498 660 551 quibus
692 498 729 538 h.
764 495 810 552 [l.
843 494 1038 552 p]opulus
1070 498 1260 550 plebesve
1292 499 1455 549 iuserit,
1489 495 1592 553 [utei
1624 498 1712 539 eius

98 559 185 612 agri
217 557 333 607 locei,
365 558 457 610 quei
488 569 588 611 ager
618 557 731 598 locus
763 558 802 597 in
834 556 971 597 Africa
1004 561 1087 607 est,
1121 562 1234 598 extra
1267 569 1357 598 eum
1390 569 1533 611 agrum
1564 557 1712 609 locum,

99 617 192 669 quei
223 628 274 655 ex
304 616 395 668 lege
426 616 586 666 Rubria,
619 628 721 668 quae
753 616 840 667 tuit,
873 616 1030 656 colonei
1063 617 1242 668 eiusque,
1275 617 1365 668 quei
1384 616 1424 656 in
1452 616 1609 657 colonei
1631 628 1714 657 nu-

98 688 210 716 mero
242 675 412 727 scriptus
446 680 530 725 est,
576 687 667 715 esse
701 679 880 727 oportet,
922 687 1000 728 quo
1032 687 1105 727 pro
1139 687 1261 729 agro,
1294 676 1343 715 de
1377 687 1426 716 eo
1459 687 1578 729 agro,
1620 675 1714 728 quei

50 761 54 763 -
97 734 252 788 publice
283 745 364 774 non
395 734 555 785 venieit,
589 734 624 773 ei
656 746 754 788 ager
785 733 900 774 datus
935 731 1219 788 co]mmutatus
1251 733 1484 774 redditusve
1516 746 1594 775 non
1622 735 1712 784 erit,

99 797 295 846 extraque
326 804 415 832 eum
447 805 610 846 agrum,
652 793 746 845 quei
788 806 886 847 ager
918 793 1018 833 intra
1059 792 1146 833 finis
1188 792 1427 846 populorum
1469 793 1713 834 leiberorum

95 851 354 903 Uticensium,
389 847 815 907 [Hadrumetinorum]
840 852 1197 905 Tampsitanorum,
1219 852 1530 906 Leptitanorum,
1562 851 1713 906 Aquil-

96 911 322 961 litanorum,
354 909 656 962 I'salitanorum,
690 911 1021 962 Teudalensium,
1065 923 1183 964 quom
1216 912 1253 951 in
1287 911 1520 952 amoicitiam
1553 911 1714 964 populei

95 970 249 1011 romani
280 981 519 1022 proxumum
543 966 774 1024 [venerunt,
806 970 892 1021 fuit,
925 975 1038 1011 extra
1071 982 1163 1010 eum
1196 983 1361 1024 agrum,
1394 971 1484 1023 quei
1517 982 1615 1024 ager
1646 970 1714 1011 lo-

97 1041 168 1070 cus
201 1029 259 1069 eis
291 1028 514 1070 hominibus
546 1028 703 1082 publice
735 1029 838 1070 deve
870 1030 996 1070 senati
1028 1030 1226 1070 sententia
1258 1030 1297 1069 in
1329 1029 1467 1070 Africa
1500 1028 1616 1069 datus
1638 1028 1714 1070 ad-

96 1089 328 1143 signatusve
361 1092 444 1138 est,
486 1088 579 1141 quei
617 1087 664 1128 ad
698 1089 977 1141 imperatorem
1011 1088 1170 1142 populei
1201 1089 1381 1129 romanei
1412 1087 1517 1129 bello
1550 1088 1713 1130 Poinico

95 1147 328 1201 proxsumei
360 1146 638 1201 perfugerant,
671 1145 772 1202 ulei]
808 1160 838 1188 s.
874 1160 905 1188 s.
939 1152 1052 1188 extra
1086 1159 1176 1187 eum
1209 1160 1371 1202 agrum,
1404 1148 1498 1200 quei
1530 1159 1629 1200 ager
1662 1160 1715 1187 ex

95 1207 132 1247 h.
165 1206 190 1246 l.
222 1207 398 1259 privatus
442 1205 569 1246 factus
602 1207 697 1258 erit,
738 1219 817 1259 quo
862 1219 935 1259 pro
975 1218 1074 1259 agro
1107 1205 1197 1246 loco
1240 1219 1338 1260 ager
1380 1207 1493 1247 locus
1535 1205 1714 1246 redditus

97 1269 412 1306 commutatusve
446 1262 546 1319 [non
579 1266 666 1316 erit,
698 1263 918 1319 extra]que
951 1278 1038 1305 eum
1079 1277 1219 1319 agrom
1260 1265 1411 1316 locum,
1456 1276 1575 1317 quem
1606 1264 1638 1305 ΙΙ
1656 1266 1714 1306 vir

96 1337 149 1365 ex
180 1323 216 1364 h.
248 1323 272 1364 l.
306 1324 598 1377 stipendiarieis
642 1323 795 1364 dederit
840 1324 1132 1376 adsignaverit,
1177 1323 1284 1376 quod
1325 1326 1411 1365 eius
1457 1336 1510 1363 ex
1547 1323 1584 1363 h.
1617 1323 1642 1363 l.
1675 1325 1715 1364 in

95 1383 262 1424 formam
294 1383 488 1435 publicam
520 1382 701 1423 rellatum
737 1380 856 1436 [erit;
891 1387 1083 1435 extraque
1117 1394 1206 1423 eum
1238 1395 1378 1436 agrum
1410 1383 1562 1433 locum,
1595 1394 1715 1435 quem

97 1455 234 1497 agrum
265 1442 395 1483 locum
427 1442 468 1482 P.
502 1440 712 1482 Cornelius
743 1442 782 1482 P.
815 1441 840 1482 f.
873 1453 1035 1495 procos.
1070 1441 1119 1482 de
1152 1442 1209 1482 eis
1243 1443 1377 1496 agris,
1421 1442 1513 1495 quei
1553 1442 1592 1482 in
1635 1440 1715 1482 Af-

95 1590 242 1634 oportet
272 1585 526 1634 oportebitve,
569 1585 604 1621 id
637 1585 877 1634 stipendiariis
917 1586 978 1622 det
1011 1585 1226 1633 adsignetve
1268 1586 1376 1634 idque
1407 1586 1440 1623 in
1473 1586 1606 1624 formas
1638 1597 1712 1635 pu-

96 1645 204 1683 blicas
236 1645 346 1682 Facito
378 1645 427 1681 uti
460 1645 639 1682 referatur
669 1645 720 1682 ita
753 1650 791 1682 ut
823 1657 843 1682 e
875 1657 914 1682 re
949 1645 980 1681 ei
1013 1645 1203 1682 videbitur.

740 1717 853 1766 Caput
883 1716 1076 1753 XXXVIII.

235 1775 418 1822 Duumvir,
449 1775 507 1823 qui
540 1787 584 1812 ex
617 1776 684 1812 hac
714 1777 800 1824 lege
832 1777 946 1813 sactus
979 1780 1169 1812 creatusve
1202 1776 1283 1821 erit,
1316 1776 1343 1812 is
1377 1775 1486 1813 facito
1518 1776 1555 1813 in
1588 1775 1714 1814 diebus

96 1834 258 1871 ducentis
291 1835 550 1882 quinqueginta
580 1835 769 1883 proximis,
802 1836 927 1883 quibus
959 1837 1026 1872 hae
1059 1836 1143 1882 lege
1175 1836 1328 1883 populus
1362 1835 1535 1884 plebesve
1556 1835 1714 1883 iusserit,

96 1894 146 1930 uti
178 1894 252 1930 eius
285 1894 364 1941 agri
396 1894 480 1940 loci,
513 1895 571 1942 qui
604 1906 693 1942 ager
724 1895 822 1931 locus
856 1895 890 1931 in
921 1894 1044 1931 Africa
1079 1899 1145 1939 est,
1179 1900 1281 1930 extra
1314 1906 1392 1931 eum
1427 1906 1551 1941 agrum
1579 1895 1714 1942 locum,

96 1953 155 2001 qui
187 1965 234 1989 ex
265 1953 350 2000 lege
382 1953 524 1999 Rubria,
557 1965 647 2001 quae
679 1954 755 2000 fuit,
788 1954 908 1991 coloni
941 1954 1087 2001 eiusque
1121 1953 1179 2001 qui
1211 1953 1246 1989 iu
1277 1953 1395 1990 coloni
1418 1964 1567 1990 numero
1592 1954 1713 2003 scrip-

95 2018 151 2049 tus
183 2017 238 2049 est
269 2024 348 2048 esse
380 2016 549 2061 oportet,
593 2024 664 2060 quo
697 2025 765 2061 pro
799 2024 890 2060 agro
924 2013 968 2049 de
1001 2024 1046 2049 eo
1089 2023 1178 2060 agro
1212 2012 1270 2060 qui
1302 2012 1444 2060 publice
1487 2024 1559 2049 uon
1601 2013 1714 2050 veniit

96 2071 129 2108 ei
161 2083 251 2118 ager
283 2071 384 2107 datus
416 2075 654 2108 commutatus
686 2073 894 2109 redditusve
934 2083 1004 2109 nou
1047 2072 1113 2108 erit
1146 2075 1320 2118 extraque
1364 2083 1444 2107 eum
1485 2083 1611 2119 agrum
1653 2072 1714 2120 qui

94 2131 237 2179 publice
269 2141 341 2167 non
374 2129 484 2167 veniit
516 2131 548 2167 ei
581 2143 670 2178 ager
702 2132 802 2168 datus
835 2136 1070 2169 commutatus
1102 2130 1313 2167 redditusve
1346 2142 1418 2167 non
1441 2131 1509 2167 erit
1532 2135 1712 2180 extraque

96 2202 175 2227 eum
207 2201 332 2238 agrum
365 2190 423 2237 qui
455 2201 544 2237 ager
575 2191 666 2227 intra
698 2191 784 2227 fines
816 2191 1033 2239 populorum
1068 2190 1260 2226 liberorum
1293 2189 1532 2236 Uticensium,
1565 2191 1711 2228 Hadru-

95 2248 329 2294 metinorum,
372 2249 705 2297 Tampsitanorum,
737 2250 1030 2298 Leptitanorum,
1072 2249 1393 2296 Aquillitanorum,
1435 2249 1713 2297 ffialitanorum,

96 2308 392 2354 Teudaleusium,
425 2320 531 2356 quum
563 2309 597 2345 in
630 2309 817 2346 amicitiam
848 2309 971 2358 populi
1003 2307 1139 2345 romani
1170 2307 1372 2355 proximum
1404 2313 1602 2355 venerunt,
1633 2309 1712 2356 fuit,

97 2371 202 2404 extra
234 2379 314 2403 eum
349 2379 473 2415 agrum
507 2368 564 2415 qui
597 2380 686 2414 ager
716 2369 816 2405 locus
850 2369 898 2405 eis
930 2368 1129 2405 hominibus
1161 2367 1302 2415 publice
1341 2368 1433 2404 deve
1471 2372 1615 2404 senatus
1647 2381 1711 2406 se-

97 2431 199 2464 natus
232 2427 407 2463 sententia
439 2427 474 2463 in
505 2427 628 2464 Africa
661 2427 762 2464 datus
795 2427 1051 2475 adsignatusve
1084 2430 1150 2472 est,
1184 2425 1242 2473 qui
1275 2427 1318 2462 ad
1351 2426 1605 2475 imperatorem
1637 2439 1711 2476 po-

95 2485 170 2534 puli
201 2485 340 2522 romani
372 2485 468 2522 bello
500 2486 630 2534 punico
662 2487 830 2534 proximo
863 2487 1126 2536 perfugerant,
1158 2486 1207 2522 uti
1240 2497 1346 2534 snpra
1377 2486 1569 2535 scriptum,
1605 2491 1711 2524 extra

98 2554 178 2581 eum
209 2556 334 2591 agrum
369 2545 427 2592 qui
459 2556 548 2591 ager
580 2557 626 2582 ex
658 2547 724 2582 hac
756 2547 841 2593 lege
872 2545 1031 2594 privatus
1064 2545 1177 2580 factus
1210 2544 1289 2590 erit,
1322 2556 1392 2592 quo
1424 2556 1490 2594 pro
1514 2557 1604 2593 agro
1626 2546 1710 2584 loco

99 2615 188 2650 ager
217 2604 320 2640 locus
352 2604 515 2640 redditus
547 2609 829 2642 commutatusve
862 2617 932 2642 non
966 2603 1055 2649 erit,
1095 2607 1270 2651 extraque
1303 2615 1383 2640 eum
1423 2615 1547 2651 agrum
1578 2605 1711 2654 locum,

100 2674 204 2709 quem
236 2662 398 2700 duumvir
439 2674 485 2699 ex
515 2664 581 2700 hac
613 2665 698 2710 lege
729 2664 968 2713 stipendiariis
1013 2662 1153 2699 dederit
1193 2662 1460 2710 adsignaverit,
1502 2664 1601 2711 quod
1634 2665 1709 2702 eius

99 2732 146 2757 ex
178 2722 245 2758 hac
275 2722 359 2769 lege
391 2722 425 2759 in
458 2722 608 2759 formam
639 2724 816 2771 publicam
857 2723 1006 2760 relatum
1040 2721 1130 2766 erit,
1173 2726 1348 2770 extraque
1381 2733 1459 2758 eum
1491 2734 1616 2770 agrum
1646 2725 1707 2762 10-

100 2791 177 2816 cum
207 2781 244 2817 P.
276 2780 463 2818 Cornelius
497 2782 608 2818 Publii
640 2782 728 2819 filIus
760 2782 956 2832 proconsul
989 2781 1033 2817 de
1066 2780 1116 2816 eis
1148 2781 1266 2828 agris,
1308 2781 1365 2829 qui
1396 2781 1430 2818 in
1462 2780 1584 2820 Africa
1615 2788 1707 2833 sunt,

239 2919 276 2963 1)
301 2921 431 2956 tabula:
455 2922 486 2954 is
510 2931 571 2966 pro
595 2922 640 2955 id.
665 2922 816 2958 Huschk.
843 2935 875 2968 p.
902 2921 969 2957 613
1002 2921 1184 2966 legendum
1209 2928 1342 2958 censet:
1377 2924 1423 2958 eis
1445 2923 1707 2970 stipendiarieis.

103 2983 144 2990 —
169 2965 210 3011 2)
234 2968 282 3003 ita
306 2974 343 3004 ut
367 2980 386 3004 e
410 2980 448 3004 re
474 2970 505 3004 ei
530 2968 711 3006 videbitur.
