1918 3313
126 183 197 226 38,
592 179 695 213 lusor.
721 187 847 212 sacrae.
895 176 976 222 Cap.
1004 177 1044 212 11.
1093 174 1255 210 Tabulae.

127 289 308 343 quotanis
338 288 391 330 IX
421 287 464 327 Κ.
499 284 659 326 Octobr.
693 295 770 335 qua
802 283 865 324 die
898 296 988 324 eum
1030 283 1154 324 seculi
1196 281 1363 323 felicitas
1404 283 1490 323 orbi
1532 288 1727 324 terrarum

125 353 324 389 rectorem
356 345 488 395 edidit,
520 349 600 383 tres
633 341 795 393 Equites
826 343 977 382 romani
1010 355 1031 382 a
1054 341 1170 394 plebe
1202 345 1240 380 et
1264 346 1344 381 tres
1365 341 1551 381 Libertini
1578 341 1726 382 hostias

126 406 302 460 singulas
334 403 532 445 immolent
564 404 603 440 et
634 400 785 440 colonis
818 405 857 440 et
888 401 1027 441 incolis
1059 400 1107 439 ad
1140 399 1411 452 suplicandum
1454 399 1599 439 numini
1642 401 1726 440 eius

127 464 216 505 thus
248 469 286 504 et
318 464 447 503 vinum
479 459 526 499 de
559 471 632 498 suo
665 470 713 498 ea
745 458 808 497 die
850 464 1063 512 praestent.
1105 458 1184 498 Vlll
1215 458 1259 498 Κ.
1293 457 1432 498 Octob.
1466 458 1554 497 thus
1595 458 1727 498 vinum

129 523 279 563 colonis
312 526 351 562 et
381 519 515 560 ineolis
547 517 638 557 item
672 521 887 569 praestent.
929 517 993 557 Vll
1035 529 1196 569 quoque
1236 515 1327 556 Idus
1369 516 1522 556 Ianuar.
1555 528 1631 569 qua
1665 516 1728 557 die

131 582 295 633 primum
328 578 532 631 imperium
564 575 671 615 orbis
704 579 897 615 terrarum
921 577 1144 629 auspicatus
1174 579 1246 625 est,
1279 575 1393 615 tliure
1418 575 1509 614 vino
1533 575 1729 627 suplicent

127 644 168 679 et
199 639 347 679 hostias
378 634 521 688 singul.
555 633 744 673 inmolent
775 638 814 673 et
845 633 996 675 colonis
1036 634 1255 686 incolisque
1294 634 1383 673 thus
1416 634 1546 672 vinum
1580 645 1626 673 ea
1665 633 1729 673 die

128 700 344 750 praestent.
405 693 450 733 Et
481 691 605 745 pridie
640 691 683 731 Κ.
716 690 859 742 Iunias,
892 696 999 745 quod
1041 705 1087 732 ea
1129 692 1191 731 die
1224 692 1267 731 T.
1300 692 1447 732 Statilio
1481 691 1634 742 Tauro,
1676 691 1726 732 M.

126 754 295 795 Aemilio
328 751 472 804 Lepido
506 750 595 790 Cos.
640 748 783 789 iudicia
825 750 949 802 plebis
993 750 1271 791 decurionibus
1314 750 1537 801 coniunxit,
1580 750 1728 791 hostias

128 813 271 867 singul.
305 810 502 851 immolent
534 812 573 847 et
605 808 694 848 thus
727 813 766 847 et
798 809 930 848 vinum
974 808 1021 849 ad
1064 809 1332 862 suplicandum
1365 809 1513 848 numini
1544 809 1629 849 cius
1657 821 1727 849 co-

127 871 231 911 lonis
263 874 302 909 et
333 867 469 908 incolis
502 871 727 920 praestent,
760 878 892 919 exque
923 867 969 907 iis
1001 867 1127 907 tribus
1159 868 1362 920 Equitibus
1394 879 1552 907 rom...
1584 867 1729 908 Liber-

125 929 216 970 tinis
247 940 416 969 unu....
437 924 485 979 ¹).

265 986 377 1026 Plebs
408 984 678 1025 Narbonensis
710 996 817 1024 aram
856 983 1030 1024 Numinis
1071 983 1242 1038 Augusti
1284 984 1479 1025 dedicavit
1497 1015 1728 1025 .........

126 1045 279 1100 legibus
311 1045 356 1083 iis
388 1044 434 1091 Q.
466 1042 491 1082 Ι.
525 1044 563 1085 S.
597 1039 707 1097 S.2).

260 1102 413 1143 Numen
446 1102 627 1142 Caesaris
659 1103 761 1155 Aug.
796 1101 834 1141 P.
867 1101 907 1142 P.
942 1100 1100 1154 quando
1133 1101 1200 1141 tibi
1233 1100 1352 1141 hodie
1377 1101 1477 1142 lianc
1498 1114 1603 1142 aram
1626 1101 1729 1142 dabo

123 1160 391 1213 dedicaboque
423 1160 482 1201 his
525 1160 679 1214 legibus
722 1159 860 1212 bisque
902 1161 1134 1214 regionibus
1175 1159 1277 1200 dabo
1319 1159 1590 1214 dedicaboqne
1632 1172 1729 1213 quas

120 1219 182 1260 hic
212 1219 329 1259 hodie
359 1219 487 1272 palam
521 1219 674 1269 dixero,
707 1219 761 1258 uti
794 1218 966 1259 infimum
1000 1219 1124 1259 solum
1156 1218 1350 1270 huiusque
1383 1231 1477 1259 arae
1503 1219 1730 1260 titulorum-

121 1290 197 1330 que
228 1282 290 1318 est
321 1279 354 1318 si
386 1278 474 1330 quis
506 1282 666 1332 tergere
700 1289 845 1317 ornare
877 1278 1046 1317 reficere
1079 1277 1207 1326 volet,
1247 1277 1351 1329 quod
1386 1278 1566 1318 beneficii
1609 1290 1730 1318 causa

119 1336 207 1387 fiat,
237 1337 297 1377 ius
329 1335 471 1389 fasque
505 1341 613 1387 esto,
646 1336 732 1375 sive
765 1338 851 1388 quis
885 1336 1009 1376 hostia
1042 1348 1198 1376 sacrum
1233 1336 1329 1375 faxit
1363 1338 1430 1389 qui
1462 1342 1729 1391 magmentum

120 1407 196 1435 nec
226 1394 411 1449 protollat
442 1395 590 1435 idcirco
623 1399 751 1434 tamen
778 1395 905 1447 probe
937 1394 1080 1434 factum
1106 1399 1203 1435 esto.
1254 1395 1385 1446 Siquis
1418 1395 1506 1435 liuic
1529 1407 1619 1435 arae.
1653 1394 1731 1435 do-

119 1466 210 1493 num
243 1453 336 1494 dare
370 1466 606 1507 augereque
638 1452 759 1504 volet,
791 1453 932 1501 licet03
966 1452 1187 1504 eademque
1220 1453 1286 1492 lex
1320 1454 1354 1493 ei
1388 1453 1494 1494 dono
1517 1459 1604 1494 esto
1628 1466 1729 1506 quae

122 1524 214 1552 arae
247 1516 318 1553 est.
383 1513 550 1553 Ceterae
582 1512 694 1565 leges
728 1511 814 1552 huic
847 1524 940 1551 arae
973 1511 1133 1563 titulisq.
1167 1511 1303 1551 eadem
1337 1517 1480 1562 sumto,
1514 1525 1616 1564 quae
1639 1517 1730 1552 sunt

120 1583 212 1610 arae
254 1571 401 1611 Dianae
443 1572 479 1611 in
523 1570 734 1610 Aventino.
796 1570 913 1610 Hisce
955 1570 1112 1623 legibus
1155 1570 1296 1622 bisque
1342 1572 1571 1623 regionibus
1614 1571 1729 1611 sicuti

127 1628 205 1669 dixi
237 1629 336 1670 hanc
371 1630 438 1670 tibi
469 1642 576 1670 aram
608 1641 681 1681 pro
713 1628 804 1682 Imp.
840 1629 1010 1669 Caesare
1042 1629 1146 1683 Aug.
1180 1629 1218 1669 P.
1252 1629 1291 1669 P.
1324 1629 1513 1669 l'ontifice
1546 1630 1731 1680 maximo,

125 1687 346 1728 Tribunicia
378 1692 574 1741 potestate
606 1687 751 1728 XXXV
784 1688 929 1740 coiuge
963 1687 1096 1727 liberis
1129 1693 1331 1740 genteque
1363 1689 1447 1728 eius
1479 1689 1627 1729 Senatu
1650 1688 1731 1728 Po-

122 1746 296 1799 puloque
328 1747 371 1787 R.
405 1746 558 1787 colonis
598 1746 818 1798 incolisque
853 1745 935 1786 Col.
968 1745 1035 1786 lul.
1070 1747 1195 1785 Pater.
1259 1746 1375 1786 Narb.
1420 1747 1532 1788 Illart.
1577 1748 1645 1800 qui
1685 1759 1730 1787 se

123 1806 268 1845 numini
302 1806 387 1846 eius
419 1806 457 1845 in
489 1810 725 1859 perpetuum
769 1805 937 1845 colendo
980 1805 1276 1857 obligaverunt,
1320 1805 1450 1857 doque
1494 1805 1730 1858 dedicoque‚

123 1864 180 1903 uti
211 1864 291 1904 sies
323 1864 464 1904 volens
497 1865 704 1917 propitius.
738 1887 792 1892 —-
825 1866 1002 1902 Narbone.
1048 1866 1185 1902 Gruter.
1220 1865 1358 1911 229sp
1403 1867 1545 1903 lllorcel.
1577 1867 1654 1902 Stil.
1688 1867 1729 1902 Π.

123 1923 188 1959 39.
234 1925 349 1961 Mittin.
392 1925 558 1972 Voyage.
602 1925 663 1970 IV,
708 1924 742 1960 1.
784 1937 817 1972 p.
851 1924 945 1960 375.
994 1925 1087 1961 Orel.
1122 1924 1245 1960 2489.
1293 1926 1420 1972 Egger
1460 1925 1531 1961 Lat.
1574 1935 1728 1962 sermon.

123 1982 225 2030 reliq.
258 1995 290 2031 p.
325 1983 418 2020 338.
476 1985 602 2032 Zumpt
634 1984 685 2020 De
717 1984 905 2035 Angustal.
935 1996 969 2032 p.
1006 1983 1067 2019 10.

261 2058 354 2095 362.
415 2057 457 2096 L.
500 2057 614 2098 Helio
655 2057 827 2098 Caesare
867 2057 958 2109 Imp.
1002 2057 1040 2096 P.
1085 2057 1219 2097 Coelio
1259 2061 1297 2097 et
1330 2057 1475 2098 Albino
1491 2054 1531 2112 3)
1573 2057 1729 2098 Vibullo

123 2114 191 2155 Pio
225 2114 315 2155 Cos.
331 2113 373 2169 4)
404 2115 469 2155 Vll
500 2116 589 2157 ldus
623 2115 816 2156 Octobres
851 2115 918 2156 Cn.
950 2115 1140 2156 Domitius
1173 2115 1318 2156 Valens
1350 2115 1379 2156 ll
1402 2117 1460 2156 vir
1490 2115 1515 2155 l.
1539 2115 1582 2156 D.
1606 2128 1728 2170 prae-

123 2176 240 2212 eunte
272 2173 313 2212 C.
345 2173 440 2214 lulio
484 2173 634 2215 Severo
677 2173 816 2215 Pontif.
859 2174 989 2228 legem
1033 2173 1127 2214 dixit
1160 2175 1196 2214 in
1231 2187 1276 2214 ea
1319 2175 1441 2214 verba
1484 2187 1586 2227 quae
1629 2174 1729 2215 infra

124 2230 269 2283 scripta
312 2236 424 2272 sunt:
470 2232 640 2285 luppiter
682 2234 828 2286 optime
869 2233 1038 2272 maxime
1081 2233 1321 2285 quandoque
1364 2234 1430 2272 tibi
1473 2233 1589 2274 hodie
1630 2233 1727 2273 banc

125 2299 230 2328 aram
262 2287 362 2329 dabo
395 2288 680 2344 dedicaboque,
714 2292 802 2332 ollis
835 2291 988 2344 legibus
1022 2291 1191 2344 ollisque
1230 2292 1463 2343 regionibus
1506 2290 1608 2332 dabo
1651 2291 1726 2331 de—

125 2345 345 2399 dicaboque
389 2360 486 2399 quas
529 2350 591 2389 hic
625 2349 740 2391 bodie
782 2350 905 2403 palam
937 2349 1101 2400 dixero,
1144 2351 1197 2390 uti
1230 2350 1400 2390 intimum
1444 2350 1570 2390 solum
1613 2350 1726 2391 huius

125 2416 220 2445 arae
259 2409 332 2445 est.
394 2406 522 2458 Siquis
564 2407 625 2448 hic
667 2408 794 2449 hostia
835 2420 992 2449 sacrum
1035 2408 1153 2458 saxit,
1196 2408 1300 2460 quod
1342 2413 1609 2462 magmentum
1651 2421 1727 2450 nec

123 2463 309 2517 protollat
340 2464 474 2504 itcirco
506 2470 633 2506 tamen
667 2468 791 2519 probe
825 2467 965 2508 factum
999 2472 1098 2508 esto.
1161 2466 1328 2506 Ceterae
1359 2467 1471 2520 leges
1511 2466 1601 2508 huic
1633 2480 1726 2508 arae

124 2521 288 2562 eaedem
328 2527 443 2563 sunto
486 2535 586 2575 quae
627 2537 719 2565 arae.
762 2526 911 2566 Dianae
953 2531 1044 2566 sunt
1089 2526 1125 2565 in
1171 2525 1366 2565 Aventino
1410 2531 1543 2566 monte
1585 2525 1722 2566 dictae.

125 2579 243 2620 Hisce
274 2581 454 2636 legibUS,
486 2581 594 2621 bisce
626 2585 819 2635 regionib.
853 2585 964 2625 sicuti
1007 2583 1107 2635 dixi,
1151 2585 1249 2624 lianc
1292 2585 1358 2623 tibi
1402 2597 1507 2624 aram
1551 2585 1725 2637 Iuppiter

126 2639 270 2691 optime
303 2640 470 2680 maxime
503 2639 590 2679 dico
623 2641 858 2696 dediroque,
891 2644 944 2683 uti
975 2643 1028 2683 sis
1061 2643 1197 2683 volens
1240 2644 1433 2695 propitius
1474 2643 1563 2683 mihi
1597 2643 1725 2683 colle—

125 2697 266 2751 gisque
308 2698 406 2739 meis
447 2698 737 2741 Decurionibus
784 2702 934 2743 colonis
987 2700 1125 2741 incolis
1173 2701 1360 2742 Coloniae
1402 2702 1565 2742 Martiae
1606 2702 1723 2742 lutiae

267 2858 303 2903 ᾗ)
325 2872 408 2895 unus
438 2863 578 2896 mulsum
610 2869 639 2897 et
670 2866 812 2899 crustula
846 2866 932 2900 Plebi
957 2868 1008 2901 det
1038 2866 1173 2910 supplet
1204 2866 1338 2900 Morcel.
1374 2883 1417 2887 —
1453 2865 1491 2907 2)
1527 2877 1613 2911 quw
1638 2866 1720 2899 infra

125 2907 388 2988 ffffssptffgssum'
421 2926 465 2931 —
498 2908 534 2953 3)
561 2910 639 2955 Leg.
674 2911 711 2945 L.
745 2912 841 2946 Aelio
879 2914 1021 2948 Caesare
1056 2913 1102 2947 11.
1150 2912 1184 2946 Ρ.
1221 2913 1328 2946 Coelio
1363 2913 1510 2946 Balbino.
1548 2931 1588 2935 —
1622 2911 1661 2955 4)
1687 2924 1720 2957 p.
