1877 3313
649 173 681 214 ᾗ.
709 170 740 205 1.
788 169 897 215 Leges
919 175 955 205 et
977 169 1165 216 plebiscita.
1622 167 1708 212 273

781 276 906 331 Caput
943 277 1036 318 VIII.

244 348 356 397 Quae
387 348 594 401 municipia
627 348 781 389 colonia
811 347 1066 401 praefectura
1097 347 1183 389 fora
1215 346 1471 389 conciliabula
1502 359 1536 387 c.
1562 359 1596 387 r.
1618 351 1711 389 sunt

106 411 242 458 erunt,
273 408 415 460 nequis
446 408 485 447 in
517 419 658 448 eorum
690 419 769 459 quo
801 407 1011 459 munIcipio
1045 407 1199 447 colonia
1230 405 1480 459 praefectura
1498 402 1535 460 ¹)
1569 407 1711 447 conci—

103 465 249 507 liabulo
283 471 423 506 senatu
456 465 737 506 decurionibus
777 465 1120 518 conscripteisque
1159 470 1269 516 esto,
1309 477 1412 505 neve
1454 477 1559 517 quoe
1588 465 1641 505 ibi
1670 465 1712 505 in

104 537 154 565 co
188 524 328 565 ordine
360 525 604 565 sentemtiam
643 523 804 564 deicere
845 523 952 563 ferre
982 523 1127 569 liceto,
1169 525 1261 577 quei
1292 522 1434 574 furtei,
1479 522 1584 576 quod
1621 524 1711 577 ipse

102 582 198 623 fecit
229 583 385 633 fecerit,
418 583 702 623 condemnatus
731 586 920 635 pactusve
953 586 1014 622 est
1045 583 1131 632 erit,
1164 583 1305 635 queive
1326 582 1471 623 iudicio
1492 581 1637 622 fiducio
1653 579 1712 635 ²),

103 654 176 695 pro
208 642 332 693 socio,
364 641 527 693 tutelae,
559 641 768 691 mandatei,
802 641 1042 689 iniuriarum,
1076 641 1178 681 deve
1210 641 1244 681 d.
1268 654 1318 681 m.
1342 640 1628 682 condemnatus
1650 645 1714 681 est

54 752 57 753 ⁷
104 701 190 752 erit,
222 701 367 753 queive
397 700 483 740 lece
514 699 708 740 Plaetoria
723 697 763 754 3]
798 699 848 740 ob
880 712 1021 740 eamve
1052 711 1137 739 rem
1170 699 1274 752 quod
1307 699 1502 740 adversus
1534 711 1622 741 eain
1647 699 1713 740 le-

103 772 189 800 cem
222 758 328 799 secet
358 758 520 808 fecerit,
553 758 840 799 condemnatus
873 763 935 798 est
967 758 1054 808 erit,
1088 759 1231 811 queive
1264 758 1538 812 depucnandei
1568 770 1714 799 caussa

103 822 332 858 auctoratus
365 822 427 857 est
459 817 547 868 erit,
578 816 652 857 fuit
672 817 804 867 fuerit,
837 817 980 869 queive
1001 817 1039 856 in
1061 817 1148 857 iure
1176 815 1486 871 abiu1·ave1·it⁴)‚
1517 817 1714 859 bonamve

102 877 255 930 copiam
287 876 429 916 iuravit
460 876 647 915 iuraverit
659 889 671 924 ;
714 877 805 928 quei
846 876 1105 928 sponsoribus
1148 875 1466 917 creditoribusve
1502 876 1609 917 sueis
1640 888 1714 916 re-

101 935 302 976 nunciavit
342 934 630 975 renuntiaverit
661 947 706 975 se
738 933 893 975 soldum
935 934 1093 975 solvere
1126 946 1206 975 non
1238 947 1380 988 posse,
1423 939 1489 976 aut
1532 947 1622 976 cum
1654 934 1714 975 eis

100 999 239 1047 pactus
272 999 333 1034 est
365 994 439 1033 erit
470 1005 517 1034 se
548 992 703 1033 soldum
734 993 895 1034 solvere
928 1005 1008 1034 non
1039 1004 1159 1046 posse
1170 1006 1182 1042 3
1215 1006 1338 1046 prove
1370 1006 1450 1047 quo
1483 992 1613 1034 datum
1635 992 1715 1033 de-

100 1065 268 1106 pensum
301 1057 363 1093 est
395 1052 493 1102 erit,
535 1051 728 1104 quoiusve
767 1052 871 1092 bona
903 1063 954 1091 ex
986 1050 1116 1092 edicto
1149 1052 1234 1092 eius
1268 1065 1331 1106 qu.
1362 1053 1385 1093 i.
1419 1051 1454 1093 d.
1472 1049 1511 1107 ⁵)
1543 1051 1716 1105 praefuit

99 1111 342 1165 praefuerit,
373 1115 654 1164 praeterquam
686 1111 745 1150 sei
777 1111 942 1163 quoius,
976 1122 1094 1162 quom
1126 1111 1296 1163 pupillus
1329 1115 1460 1162 esset,
1492 1112 1602 1151 reive
1632 1123 1716 1164 pu-

100 1170 226 1211 blicae
259 1182 401 1210 caussa
433 1169 615 1219 abesset,
649 1181 779 1221 neque
812 1168 847 1208 d.
881 1182 930 1208 m.
964 1166 1113 1222 fecitss]
1147 1167 1313 1220 fecerit,
1346 1182 1424 1223 quo
1457 1170 1579 1211 macis
1610 1182 1642 1210 r.
1675 1182 1714 1223 p.

101 1242 134 1270 c.
168 1242 202 1269 a.
235 1240 424 1282 possessa
454 1228 730 1281 proscriptave
763 1231 852 1267 sunt
885 1232 1022 1275 erunt3
1055 1227 1196 1278 queive
1217 1228 1361 1268 iudicio
1383 1228 1541 1281 publico
1563 1228 1716 1270 Romae

101 1286 391 1328 condemnatus
412 1291 475 1327 est
506 1286 592 1336 erit,
625 1286 816 1339 quocirca
848 1297 938 1325 eum
970 1285 1009 1325 in
1041 1285 1149 1325 ltalia
1180 1298 1272 1326 esse
1305 1297 1385 1327 non
1416 1286 1549 1337 liceat,
1581 1299 1715 1340 neque

100 1346 139 1387 in
170 1347 367 1387 iutecrum
397 1345 606 1386 restitutus
639 1349 701 1385 est
732 1344 820 1393 erit,
853 1343 996 1396 queive
1026 1343 1066 1383 in
1099 1356 1149 1385 eo
1181 1345 1393 1397 municipio
1417 1344 1573 1386 colonia
1593 1357 1716 1399 prae-

788 1512 902 1561 Caput
933 1512 1026 1549 VIII.

242 1585 342 1629 Quae
374 1584 582 1633 municipia,
626 1584 812 1629 coloniae,
855 1583 1130 1631 praefecturae,
1173 1585 1276 1630 fora,
1309 1583 1543 1621 conciliabula
1576 1583 1714 1621 Civium

102 1644 341 1681 Romanorum
372 1648 474 1689 sunt,
506 1647 621 1689 erunt,
653 1655 698 1679 ne
730 1643 807 1690 quis
840 1643 874 1679 in
907 1654 1032 1679 eorum
1064 1654 1135 1690 quo
1169 1642 1381 1691 municipio,
1413 1643 1569 1690 colonia,
1599 1655 1714 1692 prae—

94 1703 264 1749 fectura,
296 1703 403 1748 foro,
435 1702 694 1748 conciliabulo,
725 1702 759 1738 in
792 1706 940 1748 senatu,
981 1701 1257 1748 decurionibus,
1301 1702 1587 1751 conscriptisque
1618 1707 1714 1749 esto,

102 1773 195 1799 neve
227 1762 282 1797 cui
312 1761 359 1798 ibi
390 1760 424 1797 in
457 1772 502 1797 eo
535 1761 661 1798 ordine
692 1761 904 1797 sententiam
937 1760 1071 1806 dicere,
1105 1761 1200 1797 ferre
1232 1761 1354 1807 liceto,
1387 1762 1445 1808 qui
1477 1760 1582 1807 furti,
1616 1761 1715 1809 quod

102 1821 182 1869 ipse
216 1820 314 1866 fecit,
347 1820 498 1866 fecerit,
532 1820 787 1856 condemnatus
817 1823 992 1868 pactusve
1024 1824 1100 1865 est,
1132 1820 1219 1866 erit,
1252 1820 1357 1867 quive
1388 1819 1519 1857 iudicio
1550 1820 1715 1867 fiduciae,

102 1890 171 1927 pro
203 1879 328 1925 socio,
362 1879 511 1924 tutelae,
543 1879 712 1925 mandati,
743 1878 959 1924 iniuriarum,
993 1878 1084 1914 deve
1118 1879 1202 1915 dolo
1233 1879 1324 1915 malo
1357 1879 1613 1916 condemnatus
1646 1883 1715 1925 est,

103 1938 183 1983 erit,
216 1937 322 1985 quive
354 1938 438 1984 lege
470 1938 672 1983 PLAE‘roaiA,
705 1938 751 1974 ob
785 1949 909 1974 eamve
941 1949 1030 1983 rem,
1061 1938 1157 1985 quod
1179 1937 1350 1974 adversus
1373 1949 1450 1974 eam
1474 1937 1593 1985 legem
1614 1937 1714 1984 fecit,

102 1996 244 2042 fecerit,
277 1996 533 2033 condemnatus
567 2001 633 2042 est,
668 1996 748 2041 erit,
781 1997 887 2044 quive
921 1996 1150 2044 depugnandi
1174 2008 1281 2034 causa
1305 2000 1510 2033 auctoratus
1532 2000 1600 2042 est,
1632 1996 1714 2043 erit,

101 2054 180 2102 fuit,
211 2055 340 2101 fuerit,
371 2055 477 2103 quive
509 2054 542 2092 iu
573 2055 649 2091 iure
683 2049 910 2107 [abiuravit]
944 2055 1173 2101 abiuraverit,
1206 2056 1382 2092 bonamve
1411 2054 1551 2103 copiam
1572 2054 1715 2101 iuravit,

101 2113 296 2160 iuraverit,
337 2113 396 2161 qui
428 2114 662 2162 sponsoribus
705 2114 1015 2161 creditoribusque
1056 2114 1125 2150 suis
1164 2113 1403 2160 renuntiavit,
1444 2113 1714 2160 renuntiaverit,

102 2184 141 2209 se
173 2172 323 2209 solidum
355 2172 500 2209 solvere
531 2184 602 2209 nou
634 2184 756 2220 posse,
786 2184 900 2221 prove
933 2184 1005 2220 quo
1039 2173 1170 2218 datum,
1204 2173 1400 2220 depensum
1433 2176 1501 2218 est,
1532 2171 1614 2218 erit,
1645 2183 1715 2208 cu-

104 2231 229 2279 iusque
259 2232 353 2269 hona
386 2243 432 2268 ex
464 2231 584 2268 edicto
608 2232 697 2277 eius,
731 2232 788 2279 qui
820 2231 887 2268 iuri
919 2231 1073 2268 dicundo
1105 2231 1271 2279 praefuit,
1303 2231 1512 2280 praefuerit,
1543 2234 1713 2279 praeter-

103 2301 208 2338 quam
239 2290 268 2327 si
301 2290 421 2336 cuius,
453 2302 559 2338 quum
590 2291 744 2339 pupillus
779 2295 895 2336 esset,
934 2290 1033 2327 reive
1065 2290 1229 2338 publicae
1261 2301 1366 2326 causa
1398 2290 1563 2335 abesset,
1594 2301 1714 2337 neque

104 2349 191 2386 dolo
223 2349 316 2386 malo
349 2343 531 2401 (feciw),
565 2349 705 2395 fecerit,
737 2360 808 2396 quo
840 2348 953 2396 magis
985 2348 1204 2397 reipublicae
1235 2360 1340 2385 causa
1363 2349 1505 2385 abesset
1525 2343 1599 2400 (sc.
1618 2359 1713 2396 pos-

103 2419 201 2444 sessa
232 2408 483 2456 proscriptave
514 2403 607 2459 sint]
649 2419 815 2456 possessa
847 2407 1096 2456 proscriptave
1129 2411 1232 2454 sunt,
1273 2411 1399 2452 erunt,
1442 2406 1547 2454 quive
1579 2406 1713 2444 iudicio

102 2466 247 2514 publico
287 2467 421 2503 Romae
463 2467 719 2503 condemnatus
751 2471 824 2513 est,
866 2467 956 2512 erit,
998 2465 1165 2514 quocirca
1208 2477 1289 2503 eum
1320 2466 1354 2503 in
1385 2466 1486 2502 Italia
1527 2476 1608 2501 esse
1640 2476 1713 2502 non

102 2525 230 2571 liceat,
262 2536 379 2573 neque
410 2525 445 2561 in
476 2525 655 2572 integrum
687 2525 869 2562 restitutus
904 2530 982 2571 est,
1014 2525 1095 2570 erit,
1128 2524 1234 2572 quive
1264 2525 1298 2561 in
1332 2536 1376 2562 eo
1408 2523 1611 2572 municipio,
1641 2535 1712 2561 co·-

102 2583 212 2630 lonia,
241 2584 484 2632 praefectura,
516 2585 623 2632 foro,
655 2584 910 2631 conciliabulo,
942 2583 1039 2620 cuius
1072 2583 1165 2630 crit,
1195 2583 1326 2621 iudicio
1357 2583 1502 2632 publico
1535 2582 1713 2620 condem-

245 2743 282 2787 1)
308 2744 495 2779 Oinittitur:
519 2745 601 2786 foro.
628 2762 669 2768 —
695 2745 734 2788 2)
757 2747 897 2789 fiduciae
921 2744 1074 2779 Mazoch.
1122 2743 1193 2777 Nisi
1218 2745 1306 2779 forte
1331 2745 1469 2789 antiqua
1494 2744 1575 2778 olim
1600 2744 1711 2778 forma

104 2789 222 2825 fuerit:
245 2792 409 2833 fiduciam.
435 2791 609 2826 Marezoll.
638 2809 679 2814 —
707 2792 745 2834 3)
771 2793 940 2826 Plaetoria
965 2791 1116 2825 Mazoch.
1142 2791 1209 2824 Sed
1234 2792 1314 2825 licet
1337 2791 1468 2825 literam
1492 2790 1502 2823 I
1529 2791 1594 2825 alia
1611 2791 1711 2825 litera

104 2839 346 2880 praecesserit,
382 2849 547 2884 quaenam
573 2850 613 2872 ea
639 2839 760 2880 suerit,
794 2850 861 2873 non
887 2839 1029 2882 amplius
1056 2838 1147 2871 clare
1172 2840 1383 2882 perspicitur.
1415 2837 1574 2881 Gottling.
1601 2856 1643 2861 —
1669 2836 1709 2880 4)

105 2882 290 2928 Sculptoris
314 2887 397 2918 vitio
424 2891 501 2918 ante
526 2885 729 2919 abiuraverz't
754 2897 875 2919 vocem
899 2886 1066 2919 atim-avit
1097 2886 1253 2918 omissam
1283 2896 1358 2918 esse
1383 2885 1572 2928 suspicatur
1596 2885 1710 2919 Mare-

105 2930 182 2963 zoll.
215 2948 255 2954 —
295 2932 334 2974 5)
360 2932 397 2965 In
422 2932 536 2966 tabula
561 2934 785 2967 coniunctim:
810 2933 897 2976 quid.
934 2949 974 2956 -
1011 2929 1049 2974 6)
1075 2932 1204 2966 Vocem
1225 2933 1307 2976 secie
1330 2931 1510 2966 delendam
1541 2943 1616 2969 esse
1649 2943 1710 2969 su-

105 2977 253 3020 spicatur
277 2977 448 3012 Marezoll.

165 3033 246 3068 Zell,
263 3034 385 3069 inscripti.
403 3035 522 3064 delectus.
1446 3036 1502 3082 18
