1918 3313
161 187 220 232 70
534 185 626 221 Sacr.
651 182 805 225 Inscript.
852 182 936 231 Gap.
960 183 1017 221 m.
1066 184 1166 219 Tituli
1190 183 1407 230 sepulcrales.

162 306 238 336 nus
268 292 442 336 Securus
471 290 700 346 parentibus
730 289 929 344 defunctis
962 296 1002 333 et
1032 291 1112 332 sibi
1142 290 1220 330 vivi
1365 294 1599 343 posuerunt.
1630 313 1687 321 —-
1726 293 1766 330 In

163 359 393 393 monumento
424 351 601 401 Igetiensi.
631 350 758 399 Apiau.
789 364 825 400 p.
856 352 954 389 485.
1001 353 1156 390 Steiner.
1183 351 1279 387 795.
1328 351 1470 387 Lersch.
1493 351 1530 387 C.
1553 351 1593 388 Μ.
1615 351 1676 398 111,
1701 350 1766 395 14,

305 430 399 467 506.
458 426 504 466 D.
535 424 586 465 Μ.
617 422 655 465 S.
687 422 733 472 Q.
765 424 925 466 Sentius
957 425 1172 466 Martianus
1205 424 1295 464 Pius
1327 424 1425 464 vixit
1456 424 1571 464 annis
1603 423 1766 465 XLVIII.

162 498 267 528 men.
297 485 358 526 IV.
390 484 526 525 diebus
557 482 657 522 XIV.
689 481 735 522 H.
767 482 806 524 S.
831 482 875 524 E.
899 483 945 524 0.
967 484 1010 524 Τ.
1033 483 1075 524 Β.
1101 483 1146 531 Q.
1167 480 1203 537 ¹)
1237 505 1291 511 —
1323 484 1416 521 Maff.
1439 485 1524 522 Mus.
1546 484 1589 522 V.
1611 497 1645 534 p.
1669 485 1769 524 466.

163 548 272 586 More.
304 546 440 584 CXXII.

306 622 398 658 507.
457 616 505 658 M.
538 615 721 670 Sepronii
752 615 799 658 A.
826 617 869 658 D.
897 617 942 658 K.
966 617 1100 672 Septe.
1118 615 1160 672 ²)
1194 641 1248 647 --
1280 619 1383 656 Lanzi
1406 619 1545 668 Saggio
1567 619 1592 656 1.
1616 632 1651 668 p.
1677 618 1768 656 162.

166 682 259 719 Orel.
291 680 413 717 4702.

305 756 399 792 509.
456 751 502 791 D.
535 750 586 792 M.
620 750 856 805 Sempronio
888 750 1066 802 Donato,
1098 751 1240 792 homin.
1275 751 1543 804 srugalissimo
1577 751 1642 803 qui
1675 751 1770 791 vixit

164 812 274 854 annis
304 811 417 852 LXV.
449 820 574 850 mens,
606 809 648 849 II.
682 809 765 850 dies
798 810 843 850 V.
876 810 961 851 hor.
995 810 1071 851 VII.
1109 811 1222 850 cuius
1255 809 1469 862 frugalitati
1497 810 1614 850 heres
1637 810 1770 850 maxi-

165 883 248 913 mas
278 869 425 925 gratias
457 873 550 923 aget
581 868 745 921 amplius
777 870 957 909 merenti.
1019 869 1145 910 Heres
1177 869 1398 909 honorabit.
1433 892 1488 897 —
1520 872 1666 908 Romae.
1697 871 1769 907 Fa-

164 933 255 969 hret.
285 942 319 980 p.
354 929 445 966 122.
494 929 589 966 Orel.
621 928 746 966 4771.

306 1006 399 1042 508.
460 1001 512 1043 Μ.
555 1002 748 1044 Servilius
791 1002 964 1050 Quartus
1007 1002 1055 1042 de
1097 1015 1169 1043 sua
1200 1002 1366 1055 pecunia
1399 1002 1502 1043 fecit.
1535 1026 1591 1032 —
1622 1004 1771 1052 Romae,

163 1065 199 1103 in
229 1067 458 1102 monumento
490 1063 732 1100 Serviliorum.
781 1063 877 1101 Orel.
911 1063 1035 1099 4699.

305 1140 403 1177 509.
461 1135 629 1178 Animae
661 1141 823 1178 sanctae
856 1136 1046 1178 colendae
1077 1137 1122 1177 D.
1155 1137 1205 1178 M.
1240 1137 1278 1178 S.
1306 1137 1421 1177 Furia
1446 1136 1556 1190 Spes.
1583 1135 1625 1178 L.
1653 1137 1770 1178 Sem-

163 1197 305 1251 pronio
335 1197 466 1237 Firmo
497 1196 659 1250 coniugi
682 1197 886 1236 carissimo
909 1196 999 1235 mihi
1019 1199 1062 1236 ut
1095 1196 1267 1249 cognovi
1295 1208 1405 1248 puer.
1419 1192 1460 1248 3]
1492 1195 1636 1248 puella,
1665 1195 1771 1236 obli-

164 1256 244 1310 gati
275 1252 465 1309 amori4)‚
495 1255 642 1306 pariter
674 1267 762 1295 cum
794 1266 874 1306 quo
906 1255 986 1294 vixi
1018 1255 1190 1306 tempori
1206 1251 1243 1307 5)
1278 1255 1435 1294 minimo
1478 1259 1516 1294 et
1555 1266 1634 1306 quo
1666 1259 1772 1295 tem-

164 1325 263 1368 pore
292 1315 429 1354 vivere
462 1311 669 1353 debuimus
702 1326 724 1353 a
756 1325 872 1353 manu
911 1312 1009 1352 mala
1050 1311 1238 1365 disparati
1276 1324 1424 1353 sumus.
1486 1313 1542 1353 lta
1573 1316 1666 1366 peto
1699 1325 1772 1354 vos

165 1373 301 1414 Manes
332 1371 601 1413 sanctissimae
617 1368 659 1425 6)
693 1367 1063 1424 commendat...⁷)
1097 1371 1272 1410 habeatis
1315 1383 1443 1411 mcum
1482 1372 1694 1425 coniugem
1732 1376 1773 1412 et

166 1431 292 1471 velitis
323 1431 413 1471 huic
443 1429 773 1483 indulgentissimi
805 1441 895 1469 esse
928 1429 1034 1469 horis
1067 1429 1297 1479 nocturnis,
1341 1434 1382 1469 ut
1422 1442 1513 1469 eum
1545 1430 1700 1470 videam
1734 1434 1774 1470 et

168 1489 282 1529 etiam
314 1501 376 1529 me
408 1488 489 1529 fato
521 1499 595 1529 suo
628 1486 774 1528 addere
787 1484 830 1542 ¹⁵)
863 1487 983 1538 vellit,
1015 1491 1057 1527 ut
1089 1491 1126 1526 et
1159 1499 1237 1540 ego
1270 1488 1419 1540 possim
1453 1487 1606 1528 dulcius
1638 1490 1678 1527 et
1699 1499 1774 1527 ce-

166 1548 290 1593 lerius
321 1551 415 1601 aput
446 1559 534 1587 eum
566 1547 791 1600 pervenire.
824 1569 880 1575 -—--
912 1548 1055 1584 Romae.
1089 1548 1226 1584 Gruter.
1261 1548 1357 1594 786,
1392 1549 1426 1584 5.
1476 1548 1570 1585 Oret.
1603 1549 1727 1585 4775.

311 1625 404 1662 511.
465 1622 505 1663 L.
548 1622 658 1662 Sittio
701 1621 845 1675 Optato
886 1621 957 1674 Eq.
1001 1622 1046 1661 R.
1090 1620 1206 1662 docto
1247 1621 1401 1672 iuveni,
1444 1622 1509 1674 qui
1551 1621 1644 1662 vixit
1685 1634 1775 1662 ann.

170 1679 303 1722 XXIII.
335 1680 386 1721 M.
420 1681 461 1722 tl.
494 1681 538 1721 D.
573 1681 617 1720 V.
648 1680 692 1720 L.
737 1680 871 1722 Sittius
916 1680 1127 1733 Dionysius
1167 1683 1334 1732 patrono
1377 1679 1686 1734 incomparabili.
1719 1703 1775 1710 —-

169 1742 310 1779 Fabret.
341 1755 375 1791 p.
410 1742 504 1778 647.
550 1742 696 1778 Mor-cel.
728 1741 793 1789 Op.
826 1752 882 1789 ep.
915 1741 956 1777 11.
991 1741 1055 1777 84.

313 1817 406 1854 512.
469 1814 513 1862 0.
546 1814 667 1856 Statio
699 1813 816 1854 Pacto
847 1814 886 1855 P.
921 1814 966 1862 Q.
1000 1810 1137 1867 XlI.9)
1171 1813 1321 1868 lapides
1352 1815 1413 1855 IV.
1434 1810 1490 1868 ¹⁰)
1518 1814 1686 1856 Faustus
1710 1814 1774 1855 lib.

171 1877 211 1915 et
241 1872 396 1914 Hilarus
429 1872 615 1914 Cacurius
648 1873 693 1913 D.
727 1896 782 1901 —-—
813 1874 1004 1912 Brescello.
1038 1875 1197 1912 Bulletin.
1231 1876 1325 1912 arch.
1363 1875 1484 1912 1846.
1516 1888 1549 1924 p.
1583 1875 1649 1912 38.

311 1951 405 1988 513.
464 1949 508 1989 D.
541 1949 592 1990 Μ.
624 1948 841 1990 Successus
872 1947 1002 1989 Salvio
1035 1949 1133 2001 patri
1165 1947 1206 1988 Β.
1237 1949 1287 1990 Μ.
1321 1948 1360 1988 Ρ.
1381 1946 1436 2003 ¹¹)
1480 1972 1536 1977 —-
1576 1948 1776 1990 Potiolana

170 2012 296 2049 mater
326 2007 522 2049 scelerata
553 2007 631 2048 filio
663 2007 807 2048 Salbio.
840 2029 894 2035 —-
936 2009 1073 2045 Reines.
1118 2009 1168 2045 CI.
1200 2009 1292 2045 XIII.
1326 2010 1392 2046 47.
1441 2010 1580 2046 Fahret.
1612 2022 1646 2059 p.
1679 2010 1775 2047 237.

312 2086 406 2123 514.
466 2083 512 2124 D.
545 2083 595 2124 M.
629 2083 790 2136 Sulpitio
819 2082 935 2124 Noto.
967 2081 1118 2122 Adeste
1151 2083 1305 2135 Superi.
1338 2104 1394 2111 —-
1426 2085 1541 2121 Maffei
1573 2085 1656 2123 Ant.
1689 2085 1774 2123 Gall.

173 2143 273 2193 epist.
307 2143 370 2181 18.
414 2145 500 2182 Mor.
533 2146 584 2181 st.
618 2145 715 2181 CLII.

313 2220 405 2257 515.
466 2218 511 2258 D.
555 2218 606 2258 Μ.
648 2217 855 2271 Superinio
885 2216 1045 2257 Rustico
1085 2221 1124 2257 et
1154 2216 1385 2270 Superiniae
1417 2216 1621 2269 Superbae
1651 2217 1775 2271 Inge-

172 2275 304 2317 nuinia
334 2275 439 2316 Iunia
470 2281 594 2317 mater
626 2276 711 2316 filiis
744 2275 955 2317 dulcissim.
989 2274 1072 2316 00.
1096 2271 1150 2328 12)
1185 2281 1223 2315 et
1256 2275 1330 2314 sibi
1369 2275 1458 2314 viva
1493 2275 1533 2314 F.
1565 2272 1672 2329 (2¹³)
1722 2296 1773 2304 -—-

175 2336 357 2374 Coloniae.
402 2337 546 2385 Hiipsch
579 2337 716 2382 42,17.
763 2337 904 2374 Steiner
936 2336 1018 2372 878
1051 2340 1087 2372 et
1119 2335 1214 2372 922.
1260 2336 1389 2372 Lersch
1423 2336 1459 2372 C.
1493 2336 1535 2372 M.
1561 2337 1592 2373 ·1.

316 2411 410 2450 515.
472 2409 656 2451 Cornelio
689 2411 825 2452 Tacito
844 2407 994 2464 ¹4)....
1027 2409 1138 2450 annis
1171 2408 1371 2449 duobus..
1408 2409 1517 2450 sibus
1554 2409 1602 2450 X.
1636 2408 1774 2451 diebus

317 2547 353 2591 1)
379 2549 433 2582 hic
457 2551 537 2583 situs
563 2555 631 2591 θεῖς
657 2561 730 2583 ossa
757 2557 811 2584 tua
837 2550 924 2584 hene
950 2550 1131 2595 quiescant.
1160 2566 1200 2571 —
1229 2547 1266 2588 2)
1292 2549 1332 2582 M.
1353 2548 1559 2594 Sempronii3
1585 2554 1662 2583 ante
1686 2548 1775 2582 diem

175 2595 246 2630 Kal.
272 2596 461 2640 Septembr.
489 2596 705 2630 Memorabile
731 2605 782 2631 est
807 2598 896 2631 diem
922 2597 975 2630 vel
1001 2598 1115 2629 mortis
1141 2595 1195 2629 vel
1222 2596 1412 2639 sepulturae
1439 2598 1543 2630 notari
1570 2598 1601 2630 in
1623 2596 1774 2640 pluribus

176 2645 481 2688 antiquissimarum
512 2645 763 2687 inscriptionum
796 2644 1053 2689 sepulcmlium,
1087 2653 1168 2687 quas
1201 2642 1307 2676 XXVI
1339 2643 1479 2687 collegit
1511 2643 1610 2676 Lanzi
1637 2643 1656 2676 I.
1684 2642 1703 2676 Ι.
1732 2661 1773 2665 -

177 2687 216 2731 3)
244 2701 391 2734 puerum.
428 2708 467 2713 -
503 2689 542 2732 4)
578 2701 657 2733 pro:
693 2702 819 2724 amore.
855 2709 896 2713 —
930 2689 966 2732 5)
999 2687 1163 2733 tempore.
1192 2707 1230 2711 —
1260 2687 1296 2731 6)
1324 2700 1403 2733 pro:
1429 2691 1640 2723 sanctissimi.
1667 2706 1710 2710 —
1736 2687 1774 2732 7)

178 2736 459 2770 commendatum.
487 2754 526 2759 —
554 2735 592 2779 8)
618 2737 671 2769 Ex
697 2738 863 2771 emendat.
882 2737 1049 2771 Boxhoru.
1076 2734 1404 2769 FATOSVADERE.
1426 2736 1516 2769 Grut.
1544 2753 1586 2757 —
1613 2733 1650 2778 9)
1669 2735 1773 2780 pedes

178 2784 331 2826 quadrati
357 2784 546 2817 duodecim.
581 2801 622 2807 —
658 2782 716 2825 10)
752 2784 803 2816 bic
829 2795 984 2817 numerus
1010 2789 1043 2816 et
1068 2793 1189 2815 nomen
1217 2782 1347 2815 Caeurii
1374 2784 1406 2815 in
1434 2783 1497 2815 line
1523 2793 1640 2815 manca
1666 2794 1685 2816 e
1711 2793 1775 2825 ge-

178 2831 270 2863 mino
295 2830 388 2862 titulo
413 2830 591 2874 sepulcrali
616 2829 740 2863 ibidem
768 2837 903 2874 reperto
929 2829 1082 2874 suppleta
1108 2835 1193 2862 sunt.
1223 2847 1262 2851 —-
1292 2830 1351 2870 11)
1378 2828 1464 2862 benc
1486 2831 1628 2862 merenti
1653 2831 1775 2871 posuit.

178 2893 223 2898 —
251 2873 310 2918 12)
336 2876 445 2909 obitis.
471 2877 603 2910 Lersch.
635 2893 680 2898 —
709 2875 765 2918 13)
800 2877 989 2911 faciendum
1016 2877 1154 2909 curavit.
1180 2875 1268 2909 Infra
1296 2876 1424 2908 titulum
1449 2877 1560 2908 asciae
1586 2875 1704 2918 figura.
1732 2893 1772 2898 -—

181 2920 241 2965 14)
274 2923 461 2956 Viscoutius
496 2925 704 2968 suspicatur,
737 2923 838 2957 fuisse
873 2924 962 2957 hunc
986 2923 1090 2957 Taciti
1115 2923 1261 2956 historici
1287 2922 1434 2963 fratrem,
1461 2922 1504 2955 de
1530 2932 1597 2965 quo
1623 2921 1706 2954 Plin.
1734 2921 1772 2955 Η.

179 2967 221 3003 Ν.
245 2969 279 3013 7,
308 2969 360 3003 16.
386 2969 444 3004 sed
469 2970 534 3004 hoc
559 2981 697 3015 prorsus
722 2971 896 3004 incertum.
922 2969 1013 3004 Orel.
