1877 3313
120 190 205 232 388
569 184 673 218 Inscr.
698 183 870 228 profanae.
919 180 1000 227 Cap.
1026 181 1066 216 Π.
1115 181 1273 216 Tabulae.

120 296 215 337 satis
246 290 442 343 abundeq.
473 290 663 345 gratulari
693 289 816 343 possit
847 289 892 329 N.
924 287 970 328 N.
990 285 1027 342 ¹)
1068 288 1102 329 si
1133 300 1225 328 eum
1258 285 1371 328 nobis
1401 290 1499 339 patr.
1531 285 1719 328 adsuma-

114 365 227 402 muS‚
258 349 512 405 petendumq.
544 348 594 389 de
626 349 814 402 benignit.
849 348 887 389 S.
920 352 960 387 et
992 347 1029 388 S.
1045 343 1086 401 2)
1128 345 1419 397 benevolentia,
1449 348 1493 385 ut
1523 355 1572 385 eo
1603 346 1719 386 anim.

118 411 294 463 suscipe.
328 409 477 462 dignet.
512 408 588 448 hoc
619 407 821 448 decretum
851 406 1026 446 votivum
1068 416 1253 445 consens.
1285 403 1332 444 N.
1347 400 1388 458 3)
1430 415 1546 456 quam
1577 408 1616 443 et
1647 415 1720 444 nos

115 469 283 522 gloriosi
314 466 577 522 gaudentesq.
609 466 826 514 offerimus,
857 463 1065 515 tabulamq.
1099 475 1262 503 aeneam
1294 462 1410 503 huius
1443 462 1594 503 decreti
1618 461 1663 502 N.
1678 460 1720 516 4)

115 528 314 580 scriptura
345 525 463 578 adfigi
494 525 709 578 praecipiat
740 524 896 564 ubinam
930 522 1111 572 iusserit,
1153 526 1294 562 testem
1334 520 1505 562 futuram
1545 521 1583 561 in
1621 532 1721 561 aevo

115 586 230 626 huius
263 596 486 626 consensus
517 584 654 624 nostri.
700 582 945 623 Relationem
977 584 1229 621 censuerunt.
1287 579 1479 620 Feliciter.
1512 601 1568 607 —
1599 582 1722 618 Tabu-

116 647 147 683 la
181 658 294 683 aenea
328 645 522 682 Bononiae.
563 644 731 681 Biauconi
763 643 894 679 Tavola
916 642 948 678 in
979 643 1116 679 bronze
1149 641 1239 678 della
1263 640 1454 678 universita
1479 640 1514 677 di
1535 640 1723 687 Bologna3

116 705 171 742 in:
204 704 335 741 Annali
369 702 453 740 dell'
485 703 590 740 instit.
623 702 778 739 archeol.
809 701 892 737 Vol.
925 700 973 736 ΙΙΙ
1006 701 1095 737 della
1126 700 1220 736 serie
1251 711 1355 737 nova.
1401 700 1502 737 Rom.
1536 698 1657 735 1846.
1688 710 1723 746 p.

120 764 172 799 67
186 775 266 811 sqq.
298 774 404 810 quem
435 762 548 799 secuti
579 773 709 798 sumus,
751 760 932 797 Exhibeat
963 759 1120 795 tabulam
1153 758 1258 795 etiam
1284 758 1396 795 Orioli
1427 758 1461 795 in
1492 757 1620 795 Annali
1641 756 1724 794 dett'

116 822 196 859 inst.
228 822 387 859 archeol.
421 821 501 858 Vol.
533 821 558 857 Ι.
590 833 624 869 p.
661 819 751 856 179.
785 819 941 855 (iazzera
973 817 1007 854 in
1040 817 1213 854 Memorio
1245 816 1329 854 dell'
1356 816 1478 854 accad.
1509 816 1543 853 di
1575 815 1724 862 Torin0‚

117 881 217 918 Tom.
248 880 471 928 XXXV..p.
505 879 570 916 87.
612 879 650 915 N.
691 878 769 916 XV.
809 876 941 914 Formis
985 875 1106 924 Corpo
1149 876 1347 924 epigrafico
1387 876 1549 913 Lunense
1578 875 1614 912 in
1645 875 1725 912 Me-

117 940 232 977 morie
265 938 348 976 dell'
380 938 501 976 accad.
534 937 568 974 di
599 936 743 974 Torino.
804 936 905 973 Serie
935 935 978 971 Il.
1020 935 1120 972 Tom.
1150 935 1176 971 Ι.
1217 947 1252 982 p.
1284 934 1379 972 252.

261 1032 381 1069 1770.
445 1030 486 1070 C.
515 1029 686 1070 Domitio
714 1028 865 1068 Dextro
891 1027 934 1067 ll.
957 1026 999 1066 L.
1024 1025 1181 1067 Valerio
1208 1025 1380 1067 Messala
1401 1025 1565 1067 Thrasia
1587 1023 1724 1066 Prisco

119 1088 209 1130 Cos.
228 1085 266 1144 ⁵)
301 1089 362 1129 VI.
395 1087 485 1128 Idus
516 1087 665 1128 Ianuar.
697 1087 735 1127 in
769 1087 881 1127 curia
907 1085 1103 1126 basilicae.
1131 1084 1236 1139 Aug.
1269 1083 1488 1127 Scribendo
1514 1083 1727 1125 adfuerunt

118 1147 167 1188 A.
199 1147 380 1200 Aquilius
412 1145 630 1197 Proculus,
671 1146 720 1187 M.
765 1144 958 1185 Caecilius
989 1144 1181 1184 Publicius
1213 1143 1433 1197 Fabianus,
1464 1143 1508 1184 T.
1540 1141 1727 1184 Hordeo-

119 1208 212 1248 nius
246 1205 417 1250 Secund.
450 1204 703 1255 Valentinus,
736 1204 778 1244 T.
813 1203 973 1244 Caesius
1005 1203 1229 1243 Bassianus.

261 1275 378 1325 Quod
408 1274 633 1329 postulante
667 1274 734 1314 Cn.
768 1273 864 1314 Gaio
898 1272 1061 1313 Pudenti
1095 1273 1140 1313 Ο.
1173 1273 1217 1312 V.
1235 1270 1273 1327 6)
1314 1271 1362 1313 de
1394 1272 1519 1314 forma
1550 1271 1727 1325 inscrip-

120 1337 215 1377 tion.
248 1334 377 1376 danda
408 1339 584 1383 statuae,
619 1346 735 1385 quam
769 1331 1033 1384 dendrophor.
1067 1331 1232 1372 Octavio
1263 1331 1445 1386 'Agathae
1476 1331 1517 1372 P.
1550 1331 1591 1372 C.
1624 1330 1671 1371 N.
1687 1328 1726 1383 ⁷)

121 1398 357 1445 statuerunt,
391 1393 460 1434 Cn.
486 1392 663 1445 Papirius
695 1391 843 1444 Sagitta
875 1396 914 1429 et
945 1390 983 1431 P.
1015 1390 1154 1431 Aelius
1184 1390 1415 1432 Eudaemon
1445 1389 1564 1432 lIvir.
1595 1393 1728 1431 rettu-

119 1452 252 1494 lerunt
284 1452 329 1500 Q.
362 1451 408 1491 D.
440 1451 483 1492 Ε.
516 1450 561 1491 R.
595 1451 635 1490 F.
667 1450 706 1490 P.
740 1450 784 1489 D.
817 1449 860 1489 E.
894 1449 938 1489 R.
971 1449 998 1488 I.
1033 1446 1131 1501 CS)

263 1522 412 1563 Placuit
443 1521 640 1562 universis
672 1519 938 1561 honestissimi
961 1519 1140 1571 corporis
1163 1517 1534 1573 dendrophororum
1555 1518 1727 1571 inscrip-

120 1583 281 1632 tionem,
315 1593 416 1633 quae
447 1579 495 1620 ad
527 1579 718 1619 honorem
738 1610 918 1619 .......
952 1576 1087 1628 daret,
1129 1590 1230 1629 quae
1249 1609 1396 1618 ......
1429 1583 1535 1618 serta
1568 1582 1639 1618 est.
1677 1599 1726 1607 -

121 1643 282 1692 Neapoli.
315 1642 411 1679 Grut.
434 1653 468 1689 p.
492 1641 586 1676 444.
614 1640 708 1677 Orel.
732 1639 842 1676 4135
870 1639 928 1686 qui
958 1638 1115 1676 conferri
1136 1638 1233 1675 iubet
1254 1639 1370 1676 Maffei
1390 1639 1478 1686 Sigl.
1500 1650 1554 1687 gr.
1575 1651 1610 1687 p.
1638 1638 1728 1674 112.

268 1734 390 1772 1771.
451 1732 544 1785 Imp.
577 1731 690 1772 Caes.
723 1731 776 1771 M.
816 1728 977 1771 Aurelio
1018 1729 1218 1770 Antonino
1259 1729 1328 1771 Pio
1359 1728 1461 1785 Aug.
1500 1728 1632 1771 Felice
1669 1728 1730 1770 VI.

121 1793 172 1835 M.
205 1792 392 1833 Petronio
426 1790 666 1844 Septimiano
700 1786 847 1842 Cos.⁹)

263 1861 312 1902 X.
343 1860 428 1901 Kal.
461 1859 582 1914 April.
619 1858 661 1900 ln
702 1859 847 1912 templo
868 1855 924 1913 ¹⁰)
969 1842 1296 1913 collegi'fabrum
1341 1863 1381 1899 et
1412 1858 1729 1901 centonariorum

122 1920 394 1975 Regiensmm.

264 1989 379 2038 Quod
410 1988 643 2030 referentib.
686 1988 727 2028 P.
769 1988 911 2030 Saenio
952 1987 1178 2029 Marcellino
1221 1992 1260 2028 et
1300 1987 1342 2028 C.
1375 1986 1529 2029 Aufidio
1559 1986 1729 2042 Dialogo

126 2049 413 2097 Quaestoribus
446 2049 490 2088 V.
523 2048 564 2088 F.
585 2045 640 2101 ¹¹)
674 2047 854 2087 Tutilium
884 2046 1096 2098 lulianum,
1136 2048 1260 2088 virum
1305 2052 1343 2087 et
1375 2048 1452 2088 vita
1483 2051 1523 2087 et
1554 2046 1732 2087 modesta

125 2113 164 2149 et
194 2108 371 2163 ingenita
402 2106 646 2147 verecundia
674 2111 852 2147 ornatum
889 2110 929 2146 et
961 2105 1177 2157 liberalem,
1210 2109 1398 2158 oportere
1425 2104 1583 2160 collegii
1606 2104 1731 2146 nostri

124 2171 330 2220 patronum
362 2165 560 2218 cooptari,
592 2170 634 2206 ut
665 2165 713 2205 sit
746 2164 891 2205 ceteris
922 2164 1104 2218 exemplo
1136 2163 1264 2205 iudicii
1296 2164 1422 2205 nostri
1453 2164 1730 2205 testimonium.

265 2224 313 2272 Q.
345 2224 384 2264 F.
419 2224 458 2264 P.
491 2224 537 2264 D.
570 2223 614 2263 E.
646 2223 691 2263 R.
725 2223 753 2263 I.
787 2219 894 2276 0¹²)

264 2282 419 2325 Salubri
451 2281 618 2322 consilio
651 2286 727 2321 tam
759 2281 965 2323 honestam
989 2281 1219 2322 relationem
1247 2295 1269 2322 a
1298 2281 1551 2330 Quaestorib.
1576 2285 1616 2321 et
1640 2281 1730 2323 Ma-

125 2342 263 2396 gistris
294 2340 437 2394 collegi
468 2341 593 2381 nostri
624 2339 762 2380 saetam
805 2345 843 2380 et.
883 2339 1034 2393 Singuli
1072 2344 1111 2380 et
1140 2341 1316 2381 universi
1347 2341 1538 2382 sentimus
1570 2344 1609 2380 et
1638 2339 1730 2381 ideo

127 2399 392 2442 excusandam
423 2399 554 2452 potius
585 2399 754 2440 honesto
785 2399 870 2439 viro
902 2397 1051 2439 Iuliano
1076 2397 1188 2439 huius
1214 2397 1349 2439 tardae
1375 2398 1626 2454 cogitationis
1651 2411 1730 2440 no-

127 2464 235 2501 strae
265 2458 492 2499 necessitat.
525 2456 780 2510 petendumq.
813 2457 861 2498 ab
888 2469 951 2508 eo,
982 2456 1152 2497 libenter
1183 2457 1371 2510 suscipiat
1395 2457 1554 2512 collegii
1579 2456 1627 2498 N.
1654 2468 1730 2510 pa-

127 2522 270 2558 tronat.
304 2516 519 2564 honorem
553 2515 802 2568 tabulamque
834 2527 992 2556 aeream
1025 2528 1112 2556 cum
1144 2515 1400 2568 inscriptione
1432 2516 1547 2557 huius
1578 2514 1731 2557 decreti

127 2577 168 2616 in
198 2574 316 2617 domo
348 2575 434 2615 eius
466 2575 558 2626 poni
590 2577 846 2616 censuerunt.
878 2595 933 2603 —-
966 2577 1066 2624 Regii
1096 2576 1228 2626 Lepidi.
1261 2576 1400 2614 Gruter.
1431 2589 1465 2626 p.
1495 2575 1617 2615 1101.
1648 2576 1728 2614 Mu-

127 2641 194 2674 rat.
225 2649 260 2686 p.
293 2634 388 2673 563.
420 2634 516 2672 Orel.
548 2634 675 2672 4133.

270 2795 306 2838 1]
332 2809 492 2832 numerus
516 2803 640 2832 noster.
666 2815 707 2820 -
734 2797 772 2838 2)
798 2798 839 2832 de
864 2798 1073 2842 benignitate
1099 2808 1158 2831 sua
1184 2804 1219 2832 et
1239 2808 1310 2832 sua.
1336 2814 1378 2819 —
1404 2794 1443 2839 3)
1462 2807 1646 2831 consensus
1662 2807 1729 2831 no-

131 2844 200 2876 stri.
229 2860 267 2866 -
293 2842 334 2887 4)
359 2846 475 2879 nostri.
500 2862 545 2870 -
570 2843 608 2887 5)
634 2845 715 2879 Post
739 2844 817 2878 Chr.
844 2844 919 2878 196.
946 2861 990 2866 —
1017 2844 1055 2887 6)
1080 2847 1206 2889 optimo
1230 2847 1316 2879 viro.
1340 2860 1385 2866 ——
1415 2841 1453 2885 7)
1479 2849 1623 2887 patrono
1647 2854 1728 2878 cor-

130 2891 222 2932 poris
246 2893 361 2925 nostri.
389 2909 429 2914 —-
457 2890 495 2933 8)
522 2891 609 2932 Quid
635 2892 677 2926 de
703 2902 742 2925 ea
767 2903 805 2925 re
830 2891 900 2924 fieri
925 2891 1087 2935 placeret,
1113 2891 1155 2925 de
1180 2902 1219 2925 ea
1244 2902 1282 2926 re
1306 2893 1351 2925 ita
1376 2896 1591 2924 censuerunt.
1617 2907 1662 2914 —
1687 2889 1727 2933 9)

131 2946 164 2979 p.
189 2934 266 2969 Chr.
282 2939 359 2972 190.
384 2957 429 2962 -
457 2936 517 2980 10)
531 2938 623 2972 Idem
639 2939 727 2983 quod
741 2938 823 2971 alias
847 2938 965 2972 schola
983 2949 1009 2971 s.
1024 2939 1113 2971 curia
1131 2938 1281 2983 collegii.
1298 2955 1343 2964 -
1361 2935 1419 2980 11)
1438 2936 1543 2972 verba
1559 2937 1726 2972 feceruut.

132 2998 177 3004 —
202 2982 262 3025 12)
287 2985 369 3029 quid
393 2985 467 3019 fieri
492 2984 655 3029 placeret,
681 2984 723 3019 de
749 2996 789 3020 ea
814 2996 850 3019 re
875 2986 921 3020 ita
947 2991 1161 3021 censuerunt.
