1877 3313
196 134 281 176 410
639 128 742 164 Inscr.
766 129 938 174 profanae.
987 129 1067 174 Cap.
1092 128 1132 164 11.
1181 129 1339 164 Tabulae.

198 238 265 292 qui
304 235 352 278 ad
395 246 534 277 munus
576 232 867 288 Augustalitatis
909 233 1213 287 compellentur,
1252 235 1446 277 locatione
1485 235 1624 278 vineae
1662 236 1784 291 partis

195 295 305 336 fundi
344 293 569 347 Pompeiani
609 293 760 333 vineam
779 290 814 346 ι)
860 293 991 333 coiere
1031 293 1214 346 poterint.
1266 293 1373 334 Haec
1413 294 1464 334 ita
1495 297 1537 334 ut
1576 295 1661 335 cavi
1700 295 1785 336 fieri

195 354 467 408 praestarique
508 351 608 392 volo.
664 351 748 392 Hoc
788 350 952 403 amplius
995 350 1041 390 ab
1075 350 1285 392 heredibus
1327 352 1424 392 meis
1468 352 1556 392 volo
1596 354 1785 405 praestari

194 413 292 464 reip.
339 410 592 451 Petilinorum
615 414 654 449 et
674 422 695 449 a
715 421 798 461 rep.
840 408 1090 449 Petilinorum
1114 410 1274 462 corpori
1297 407 1568 462 Augustalium
1591 423 1642 450 ex
1661 423 1784 463 prae-

195 470 267 510 diis
299 469 444 510 ceteris
475 467 604 520 palum
635 466 793 507 ridicam
826 467 1004 508 omnibus
1036 467 1146 507 annis
1178 466 1376 508 sufficiens
1407 467 1623 520 pedaturae
1645 469 1785 509 vineae

196 540 309 580 quam
341 526 621 580 Augustalibus
653 525 792 579 legavi.
807 523 847 577 ²)
902 524 937 564 A
980 524 1090 564 vobis
1130 528 1258 565 autem
1290 524 1530 578 Augustales
1560 531 1654 579 peto
1685 526 1787 567 hanc

194 586 431 627 voluntatem
464 596 588 624 meam
619 588 740 624 ratam
775 582 945 623 habeatis
979 587 1018 622 et
1050 587 1090 622 ut
1130 588 1358 636 perpetuam
1398 583 1548 624 firmam
1563 581 1602 636 3)
1641 584 1787 625 obser-

196 645 319 695 vetis,
359 654 478 683 curae
518 647 675 682 vestrae
706 641 908 681 mandetis.
956 640 1044 688 Quo
1085 640 1236 682 facilius
1267 645 1396 681 autem
1428 646 1519 682 nota
1550 642 1599 682 sit
1629 643 1788 695 corpori

195 706 330 743 vestro
362 701 459 741 haec
491 712 586 754 erga
617 712 689 741 vos
722 700 927 750 voluntas,
967 702 1091 739 totum
1118 699 1194 739 loci
1220 699 1367 753 Kaput‚
1401 699 1506 752 quod
1536 699 1584 741 ad
1615 705 1787 742 vestrum

196 761 387 802 honorem
417 759 598 811 pertinet.
612 755 653 811 4)
669 789 698 798 ..
713 789 721 798 .

337 848 458 902 1799.
518 845 684 897 Liberti,
715 845 877 885 libertae
908 843 1029 885 Prisci
1061 843 1166 899 Aug.
1199 843 1241 884 L.
1273 843 1456 885 Gamiani.

334 917 396 958 Ex
427 919 661 957 testamento
694 914 905 968 descriptu.
937 915 988 955 ita
1020 919 1062 955 ut
1093 919 1250 956 cautum
1284 920 1368 955 erat
1400 915 1661 968 subscripser.

335 987 466 1028 Locus
497 987 735 1025 monumenti
767 985 851 1025 sive
883 997 980 1038 ager
1012 989 1072 1025 est
1102 985 1163 1025 via
1195 984 1300 1025 latin.
1334 985 1382 1025 ad
1413 985 1629 1026 milliarium
1661 984 1693 1025 V
1716 996 1788 1026 su-

198 1059 270 1101 pra
299 1050 459 1100 pontem
490 1042 537 1084 ad
569 1045 847 1084 monimentum
881 1043 989 1083 Gami
1020 1042 1196 1084 Caesaris
1229 1043 1511 1097 Agatliocliani.

332 1115 393 1156 Do
424 1115 514 1168 lego
546 1112 695 1154 libertis
732 1115 826 1153 meis
859 1113 1067 1165 utriusque
1098 1125 1242 1154 sexsus
1283 1114 1537 1166 posterisque
1580 1124 1718 1153 eorum
1751 1117 1790 1153 et

195 1174 242 1214 iis
274 1185 375 1227 quos
407 1184 522 1213 manu
554 1172 649 1212 mitti
681 1172 840 1225 rogavi,
873 1172 1002 1223 ibique
1034 1171 1236 1211 tabernam
1276 1171 1384 1222 ficri,
1420 1172 1537 1223 inque
1570 1182 1655 1211 eam
1687 1182 1789 1211 con-

196 1233 297 1274 sumi
326 1230 386 1273 HS
417 1231 463 1271 N.
495 1229 605 1271 1000
624 1228 662 1285 ὅ)
690 1231 877 1270 arbitratu
899 1229 1161 1283 Agathangeli
1183 1229 1309 1269 collib.
1344 1253 1394 1259 —-
1426 1232 1627 1269 Ravennae.
1658 1231 1789 1280 Spretii

195 1293 354 1341 Iuscript.
385 1292 538 1329 Ravenn.
573 1293 669 1329 Toni.
700 1291 725 1327 Ι.
757 1303 791 1339 p.
823 1289 917 1327 238.
959 1290 1068 1327 More.
1102 1290 1166 1338 Op.
1199 1303 1254 1339 ep.
1287 1289 1366 1328 Vol.
1398 1290 1441 1327 11.
1471 1302 1505 1339 p.
1540 1289 1632 1327 115.
1670 1289 1790 1327 Marini

194 1352 267 1389 ΑΗ.
297 1351 323 1388 Ι.
355 1350 452 1388 270.
499 1351 596 1388 Oret.
629 1349 752 1386 4353.

341 1438 463 1475 1800.
522 1435 724 1476 ....cilius
764 1433 960 1487 Threptus
992 1437 1031 1474 et
1060 1432 1200 1474 Manlia
1231 1431 1369 1486 Agape
1407 1445 1452 1474 sc
1483 1433 1585 1474 vivis
1610 1434 1791 1486 fecerunt

194 1494 267 1535 sibi
299 1499 338 1535 et
369 1493 558 1535 Caeciliae
588 1493 783 1546 Thi-eptae
814 1492 915 1533 filiae
946 1497 986 1533 ot
1019 1523 1120 1532 .....
1135 1491 1250 1532 ecilio
1282 1491 1500 1533 Mendauro
1531 1491 1611 1533 filio
1643 1496 1683 1532 et
1705 1491 1786 1533 suis

193 1553 342 1594 libertis
371 1552 665 1604 libertabusque
695 1552 906 1604 posterisq.
945 1562 1092 1591 eorum.

332 1622 414 1663 Hoc
445 1626 739 1664 monumentum
770 1633 820 1661 ne
853 1620 901 1660 de
933 1621 1090 1662 nomine
1131 1624 1268 1661 nostro
1310 1620 1437 1669 exiat3
1479 1621 1543 1673 qui
1580 1624 1787 1660 externum

194 1680 382 1721 inducere
412 1681 582 1721 voluerit
612 1692 764 1732 poenae
795 1680 952 1719 nomine
984 1678 1125 1719 inferet
1156 1690 1272 1719 arcae
1304 1678 1539 1731 pontificium
1571 1678 1645 1721 HS.
1671 1677 1712 1719 L.
1736 1678 1785 1719 M.

195 1737 240 1780 N.
275 1761 324 1767 -
358 1743 499 1778 Romae.
548 1742 644 1777 Grut.
674 1753 707 1788 p.
744 1739 837 1776 765.
885 1740 1156 1787 Spangenberg.
1190 1752 1222 1787 p.
1257 1739 1351 1776 391.

341 1834 461 1871 1801.
522 1831 590 1871 Dis
622 1831 814 1872 Manibus.
875 1830 924 1870 M.
966 1830 1100 1882 Ulpius
1140 1830 1244 1882 Aug.
1278 1830 1341 1870 lib.
1372 1829 1636 1883 Symplor...
1669 1829 1787 1870 flatu-

193 1890 321 1931 rarius
354 1891 438 1930 auri
469 1894 508 1930 et
539 1890 692 1943 argenti
724 1894 912 1930 monotar.
946 1889 1019 1928 sibi
1051 1894 1089 1927 et
1118 1888 1238 1928 Viliae
1266 1888 1429 1942 Helpidi‚
1461 1901 1562 1940 quae
1595 1893 1633 1928 et
1667 1888 1788 1928 Clau-

191 1949 266 1999 dia,
296 1949 359 1988 lib.
392 1952 432 1988 et
464 1948 576 1988 uxori
607 1960 703 1988 suae
721 1944 760 1997 6)
791 1946 926 1999 Ulpiae
951 1946 1122 1986 Arsinoe
1149 1946 1249 1986 iiliae
1277 1952 1315 1986 et
1343 1945 1502 1987 Claudio
1531 1945 1786 1987 Amthociano

192 2007 270 2047 silio
301 2006 474 2058 Helpidis
507 2005 569 2045 lib.
604 2018 698 2046 suae
730 2006 822 2045 fecit
853 2010 891 2045 et
922 2004 1068 2044 libertis
1102 2004 1395 2057 libertabusque
1427 2006 1634 2057 utriusque
1666 2016 1786 2045 sexus

194 2065 260 2117 qui
293 2078 345 2104 ex
375 2064 515 2104 familia
546 2065 619 2104 mei
652 2068 777 2114 erunt,
811 2063 1061 2114 reliquiarum
1095 2074 1254 2103 suarum
1283 2062 1574 2103 condendarum
1603 2075 1721 2103 causa
1748 2066 1788 2101 et

198 2124 447 2176 posterisque
479 2133 614 2164 eorum
646 2122 774 2174 quiin
811 2122 968 2161 nomine
1003 2131 1090 2160 meo
1127 2121 1434 2173 permanserint,
1467 2134 1514 2162 ea
1552 2120 1788 2171 conditione,

335 2307 369 2351 i)
395 2309 459 2342 Pro
484 2309 624 2351 viimam,
650 2309 740 2352 quod
765 2307 900 2342 Fabret.
929 2308 1077 2348 exbibet,
1105 2308 1281 2341 Gruterus:
1309 2320 1388 2341 eam..
1423 2307 1529 2342 Locus
1554 2308 1715 2341 obscurus
1741 2309 1786 2341 ita

192 2357 336 2390 fortasse
361 2356 596 2399 explicandu3‚
622 2362 656 2389 ut
682 2367 741 2399 pro
766 2355 880 2388 locatio
907 2355 1037 2397 legatur
1063 2355 1241 2394 locatione,
1268 2355 1322 2387 vel
1347 2355 1475 2396 locatio,
1501 2356 1659 2397 praecisis
1685 2354 1788 2387 literis

191 2402 344 2436 finalibus
370 2404 413 2435 ita
438 2402 656 2445 intelligatur„
683 2403 746 2434 hoc
772 2413 885 2434 sensu:
915 2401 1057 2434 locanda
1085 2401 1186 2434 altera
1214 2403 1313 2434 vinca
1339 2412 1438 2445 supra
1464 2403 1634 2434 nominata
1662 2400 1788 2434 Caedi-

190 2451 298 2491 ciana,
325 2460 410 2493 quac
436 2459 511 2492 pars
537 2455 587 2482 est
612 2448 705 2481 fundi
731 2448 940 2490 Pompeiani,
967 2448 1052 2481 lianc
1077 2450 1209 2480 vineam
1235 2448 1410 2481 Amineam
1435 2447 1560 2490 colere,
1586 2447 1617 2480 id
1637 2453 1699 2488 est,
1724 2457 1788 2490 pe-

191 2497 323 2529 cuniam
349 2496 424 2528 huic
450 2496 571 2528 vineae
597 2494 761 2527 colendae
797 2496 1018 2527 necessariam
1051 2495 1112 2527 sibi
1137 2504 1333 2537 comparare
1359 2500 1526 2538 poterunt.
1575 2494 1666 2526 Haec
1690 2499 1788 2538 post-

192 2554 290 2587 quam
316 2542 446 2584 scripsi‚
473 2542 514 2574 ad
540 2541 680 2574 eandem
706 2542 932 2574 coniecturam
959 2538 1150 2582 (locatione)
1178 2540 1368 2582 Zumptium
1395 2541 1575 2573 adductum
1600 2551 1674 2573 esse
1701 2540 1788 2580 vidi3

192 2594 398 2633 quapropter
424 2589 455 2620 in
482 2593 607 2620 textum
634 2590 759 2631 recepi.
793 2604 836 2608 —-
871 2585 908 2628 2)
935 2587 1027 2627 Quae
1053 2587 1212 2620 hactenus
1251 2586 1407 2628 leguntur
1432 2587 1527 2620 lateri
1553 2586 1672 2619 dextro
1699 2587 1788 2630 cippi

193 2635 357 2678 insculpta
383 2640 475 2673 sunt3
508 2634 635 2678 reliqua
663 2645 681 2666 a
707 2634 835 2667 verbis:
862 2633 893 2665 A
919 2633 1004 2666 vobis
1029 2639 1152 2675 (liccem,
1187 2633 1282 2666 lateri
1308 2634 1451 2666 sinistro.
1487 2651 1530 2655 -
1563 2631 1601 2675 3)
1626 2634 1668 2666 ita
1695 2632 1787 2665 Grut.

190 2687 349 2726 perpetua
370 2682 480 2722 somna
504 2679 635 2713 Fabret.
660 2686 810 2724 perpetuo
834 2680 961 2714 firmam
987 2682 1144 2712 emendat
1167 2679 1297 2724 Zumpt.
1321 2697 1364 2700 —
1391 2680 1429 2721 4)
1456 2678 1547 2712 Grut.
1571 2679 1632 2711 tuli
1656 2678 1692 2711 L.
1712 2678 1788 2711 Κα-

193 2734 259 2771 put.
287 2727 418 2760 Fabret.
444 2732 539 2758 tolum
566 2726 629 2759 loci
654 2728 761 2770 kaput.
798 2726 970 2769 Zumptius
995 2727 1168 2759 emendat:
1192 2725 1314 2759 ascribi
1338 2725 1409 2758 volo
1435 2731 1544 2769 caput,
1569 2725 1714 2758 afferens
1732 2726 1788 2758 in-

193 2775 408 2816 scriptionem
435 2773 524 2806 Orcl.
551 2773 650 2806 4360.
679 2773 733 2806 ubi
760 2778 897 2805 testator
922 2774 1100 2816 praecipit:
1130 2778 1164 2805 ut
1189 2772 1365 2805 conlocent
1390 2777 1531 2804 statuam
1557 2773 1692 2805 nomine
1721 2772 1789 2804 mei

195 2821 227 2852 in
253 2820 327 2852 foro
353 2826 386 2852 et
410 2819 475 2852 hoc
502 2821 606 2862 ipsum
633 2819 821 2862 exemplum
848 2820 1039 2852 testamenti
1066 2818 1230 2852 ascribant
1257 2819 1311 2851 ibi.
1338 2818 1446 2851 Possis
1472 2819 1570 2851 ctiam
1597 2819 1786 2851 coniicere:

191 2871 286 2898 locum
311 2865 418 2910 lequvi
441 2871 562 2909 caput;
592 2868 654 2898 etsi
686 2866 883 2899 insolentius
910 2865 1039 2898 dicendi
1071 2876 1178 2909 genus
1203 2870 1300 2899 esset.
1333 2881 1376 2886 —
1410 2864 1448 2905 5)
1474 2865 1645 2898 sestertios
1671 2874 1788 2897 numos

191 2913 409 2956 quinquagies
435 2912 535 2947 mille.
563 2929 602 2935 --
631 2910 668 2953 6)
697 2912 790 2955 Lapis
816 2912 956 2945 vitiose:
984 2922 1055 2945 saa.
