1918 3313
192 187 248 230 62
573 181 672 215 Inscr.
691 188 819 213 sacrae.
860 177 941 223 Cap.
959 178 1015 214 111.
1064 178 1165 212 Tituli
1189 179 1405 223 sepulcrales.

194 318 250 324 —-
280 296 319 333 In
352 295 450 332 clavo
481 300 593 328 aeneo
626 287 780 335 magico.
839 288 970 325 Lersch
1002 288 1035 325 in
1067 287 1229 325 Bulletin.
1255 287 1337 325 dell'
1357 288 1518 325 instituto
1541 288 1638 325 arch.
1664 288 1786 327 1846.

195 368 228 404 p.
265 354 345 391 184
378 353 427 389 Cs.
461 351 602 387 chzen
634 347 668 383 in
700 346 825 383 Annal.
858 346 940 383 dell'
966 347 1045 383 inst.
1078 347 1157 383 Vol.
1185 347 1243 383 111.
1267 358 1372 384 nuov.
1395 358 1464 384 ser.
1489 346 1610 384 1846.
1631 360 1666 396 p.
1689 347 1786 384 214.

334 428 428 466 421.
486 423 634 464 Manes.
667 443 722 448 —
753 423 791 459 In
823 422 1007 471 pyramide
1038 434 1149 471 parva
1181 423 1291 470 figlini
1323 423 1465 471 operis,
1496 434 1612 472 prope
1652 423 1786 461 Miran-

203 490 320 528 dolam
351 489 502 535 reperta.
564 481 748 518 Cavedoni
779 481 813 518 iu
842 482 970 519 Bullet.
1002 483 1096 519 arc-h.
1133 481 1254 518 1841.
1285 494 1319 530 p.
1351 481 1418 519 20.

335 562 428 600 422.
486 556 639 598 Numen
686 555 773 596 daei
792 552 828 610 ¹)
870 554 1080 597 Abresses.
1129 578 1184 584 —
1231 558 1269 595 In
1312 569 1451 605 gemma
1496 569 1574 595 cum
1620 562 1788 607 serpente

194 628 318 662 erecto
349 620 534 667 insculpto.
594 617 698 665 Kopp
731 616 991 665 Palaeograph.
1023 617 1099 654 crit.
1131 618 1166 654 P.
1198 614 1258 655 IV.
1291 629 1325 665 p.
1361 617 1454 654 376.

329 697 421 735 423.
484 689 706 746 [Amuletum
749 691 986 730 Vindonissae
1028 698 1220 742 repertum.
1271 694 1414 730 Tabella
1458 693 1653 741 quadrata,
1697 704 1788 741 quae

194 759 352 797 continet
382 753 493 791 literis
524 752 617 788 inter
647 763 685 788 se
717 752 921 799 segregatis
954 764 1082 789 vocem
1112 751 1231 803 ὑγιέια,
1273 747 1392 804 ῐιιιῃ);
1430 749 1528 790 Axi.
1560 749 1657 790 Ami.
1689 749 1786 790 Axi.

194 816 320 856 Casm.
352 813 374 852 i.
408 824 441 851 e.
473 808 659 859 Axierus‚
689 806 950 861 Axiocersus‚
980 808 1218 860 Axiocersa,
1250 807 1449 850 Casmilus.
1481 831 1538 838 —-
1568 811 1677 848 Orell.
1703 811 1788 848 440

196 888 244 916 ex
274 873 430 922 Hagenb.
462 870 572 920 Epist.
603 869 695 907 ined.
731 868 851 906 1721.
882 870 922 907 N.
953 871 989 908 4.
1038 870 1162 907 Rhein.
1191 870 1333 908 Iahrbb.
1369 869 1489 908 1846.
1520 870 1579 912 IX.
1611 881 1645 919 p.
1679 871 1744 907 54.

839 1156 1023 1223 Caput
1059 1157 1139 1206 111.

653 1402 856 1438 TITULI
894 1401 1322 1437 SEPULCRALES.

186 1542 223 1579 §2
254 1536 282 1574 1.
349 1537 520 1574 Virorum
547 1537 797 1585 inyemmrum
829 1541 864 1573 et
893 1536 1109 1572 libertorum
1139 1547 1223 1572 cum
1262 1535 1429 1583 simplice
1464 1537 1651 1573 nominum
1681 1548 1789 1573 men-

642 1597 755 1642 tione,
786 1596 886 1632 vitae
916 1607 1056 1644 yenere
1085 1606 1159 1631 non
1191 1595 1329 1631 addito.

327 1714 421 1751 424.
482 1712 528 1752 D.
562 1710 613 1752 M.
647 1711 685 1753 S.
701 1708 756 1766 ²).
789 1734 844 1741 —-
876 1713 914 1750 ln
947 1713 1028 1751 ollis
1050 1713 1362 1760 columbariorum,
1393 1712 1536 1750 nomine
1557 1711 1684 1762 sepulti
1716 1724 1788 1751 non

191 1773 321 1811 addito.
354 1774 493 1810 Fabret.
527 1785 560 1821 p.
597 1772 634 1812 1.
666 1776 701 1809 et
732 1785 767 1821 p.
799 1772 864 1810 21.

324 1849 419 1886 425.
480 1847 548 1888 Dis
580 1846 770 1888 Manibus.
802 1870 857 1875 —
888 1848 979 1885 Matr.
1013 1849 1097 1886 Mur.
1131 1849 1214 1886 Ver.
1245 1861 1278 1897 p.
1315 1849 1380 1885 87.
1412 1849 1520 1886 More.
1554 1848 1728 1885 CCCLIV.

327 1925 422 1962 426.
482 1922 524 1963 ln
555 1921 687 1965 fronte
718 1921 806 1976 ped.
822 1919 862 1978 ³)
894 1921 1055 1963 XXXX.
1088 1923 1126 1964 in
1159 1935 1259 1978 agro
1280 1922 1370 1977 ped.
1403 1922 1502 1963 XVI.
1535 1945 1591 1951 —
1623 1925 1787 1963 Mutinae.

189 1984 342 2021 Malmusi
373 1985 495 2022 Illuseo
526 1984 646 2034 Lapid.
677 1984 771 2022 Mod.
803 1997 837 2033 p.
871 1985 906 2022 5.

261 2118 267 2125 ι
326 2060 423 2098 427.
484 2055 677 2113 (Tabellae
710 2061 857 2099 ollarum
887 2061 921 2110 in
964 2061 1190 2099 columbariis
1231 2061 1425 2110 inscriptae
1465 2062 1684 2110 sepultorum
1714 2072 1786 2099 no-

191 2114 383 2229 mimbusg
414 2175 453 2215 C.
486 2174 665 2217 Abellani
705 2176 861 2218 Felicis.
896 2200 946 2206 —
991 2173 1041 2231 2]
1075 2176 1176 2217 Ossa
1218 2177 1257 2217 P.
1292 2176 1394 2217 Anni
1436 2177 1614 2218 Terenis.
1647 2200 1702 2205 —
1735 2172 1787 2230 3)

191 2231 352 2273 Aurelia
384 2234 524 2275 Sabina
556 2247 748 2276 annorum
782 2235 900 2276 XXII.
944 2258 1000 2263 -—
1043 2232 1093 2290 4)
1124 2235 1217 2276 Sex.
1251 2235 1398 2276 Ennius
1430 2235 1521 2277 Sex.
1553 2235 1596 2276 L.
1631 2235 1787 2277 Clu-est.

191 2313 247 2319 ——
281 2288 331 2344 5)
364 2292 479 2333 Fabia
511 2293 602 2334 Sex.
635 2295 675 2334 F.
708 2294 838 2336 Metlie
869 2294 934 2335 Pia
965 2295 1043 2334 vix.
1076 2294 1158 2334 XV.
1190 2317 1245 2322 —
1279 2291 1329 2349 6)
1352 2293 1432 2335 Gaa
1463 2293 1615 2335 vilicus.
1648 2316 1703 2323 ——-
1737 2289 1787 2349 7)

190 2348 434 2402 Hipparchus
466 2351 528 2392 hic
561 2354 621 2393 sit.
656 2358 728 2394 est.
762 2378 817 2385 -—
850 2349 901 2408 8)
934 2353 1140 2393 Volumnia
1173 2353 1215 2393 L.
1249 2353 1289 2393 L.
1323 2358 1362 2394 ct
1405 2353 1449 2393 O.
1481 2352 1522 2392 L.
1540 2350 1581 2408 ⁴)
1616 2351 1787 2393 Calliste.

189 2429 246 2436 —-
279 2406 330 2463 9)
361 2409 523 2450 Fonteia
554 2411 718 2465 Staphis.
760 2435 814 2441 —
860 2408 937 2466 10)
968 2412 1019 2452 Μ.
1052 2411 1239 2453 Fonteius
1270 2411 1468 2453 Nicander
1509 2410 1700 2453 medicus.
1732 2434 1788 2442 --

192 2469 332 2506 Fabret.
365 2482 399 2518 p.
435 2469 553 2508 1-4,
585 2477 620 2509 et
650 2485 684 2521 p.
718 2474 754 2511 6.

329 2545 424 2583 428.
486 2544 528 2585 L.
560 2544 700 2587 Aemili
731 2548 772 2588 L.
804 2547 845 2588 F.
891 2547 931 2588 In
964 2545 1066 2588 fron.
1099 2546 1187 2599 ped.
1220 2546 1338 2588 XIIX.
1387 2547 1430 2589 In
1462 2559 1546 2602 agr.
1577 2545 1668 2602 ped.
1699 2545 1786 2587 XX.
1864 2511 1894 2588 Ὶῖ.

192 2622 247 2631 ·-
278 2606 416 2642 Fabret.
447 2618 481 2655 p.
518 2605 608 2643 176.
669 2609 813 2646 lllorcel.
845 2609 909 2658 Op.
942 2620 997 2657 ep.
1029 2608 1071 2644 11.
1105 2607 1170 2644 81.

331 2681 427 2719 429.
488 2679 531 2720 L.
564 2679 760 2723 Abuccius
793 2683 959 2724 Hermes
990 2682 1028 2722 in
1059 2681 1136 2722 hoc
1168 2682 1305 2723 ordine
1337 2684 1384 2724 ab
1416 2683 1494 2724 imo
1525 2681 1574 2723 ad
1595 2695 1788 2725 summum

193 2736 431 2779 columbaria
462 2737 514 2779 IX
546 2738 648 2779 ollae
679 2740 795 2781 XIIX.
828 2742 901 2783 sibi
922 2741 1173 2795 posterisque
1196 2742 1291 2782 suis.
1324 2766 1379 2771 —
1410 2745 1550 2782 Fabret.
1571 2757 1605 2793 p.
1633 2744 1698 2792 11,
1720 2743 1786 2781 41.

332 2922 369 2966 1)
393 2935 473 2969 pro:
499 2925 560 2960 dei.
585 2943 629 2949 —-
654 2923 693 2970 2)
719 2926 780 2961 diis
805 2928 956 2964 Manibus
980 2939 1123 2964 sacrum.
1150 2945 1190 2954 --
1217 2926 1256 2972 3)
1280 2928 1401 2973 pedes.
1425 2946 1465 2952 —
1492 2925 1531 2971 4)
1558 2927 1701 2962 duorum
1718 2927 1785 2963 Lu-

192 2970 323 3005 ciorum
347 2977 380 3005 et
405 2971 506 3007 Caiae
531 2972 660 3008 liberta.

1893 2740 1901 2961 l

1889 3071 1893 3106 l

1885 3110 1891 3263 l

1882 3266 1888 3313 l
