1877 3313
134 170 216 213 152
302 171 402 205 Inscr.
429 168 604 213 profanae.
654 165 735 212 Cap.
760 167 784 202 1.
832 168 932 203 Tituli
957 177 1098 213 operum
1122 165 1286 212 publicor.
1311 177 1378 201 non
1403 178 1587 202 sacrorum.

274 277 393 315 1312.
455 274 560 315 Loca
590 274 636 315 N.
669 273 716 314 D.
748 274 785 315 in
819 272 968 329 εῖτ-(3.1)
1011 273 1102 315 Sex.
1145 272 1212 314 lul.
1251 273 1453 314 Ianuarius
1484 272 1609 314 Aedil.
1650 271 1726 314 dat.

130 357 188 366 -—-
218 337 390 384 Lugduni.
435 335 551 372 Maffei
583 335 669 371 Gall.
701 336 808 383 antiq.
841 336 943 383 epist.
975 335 1011 371 4.
1063 335 1172 370 More.
1205 335 1284 370 Stil.
1316 335 1459 370 CCLVI.

274 412 395 449 1313.
457 409 549 450 Loc.
590 408 714 449 XXX.
757 409 801 449 D.
835 409 880 448 D.
913 405 1044 461 100²)
1089 429 1139 435 —
1182 406 1278 448 Loc.
1322 406 1355 446 A
1386 407 1417 446 D
1450 405 1496 447 A.
1539 407 1645 448 LXX
1682 408 1726 448 V.

131 468 177 509 D.
192 466 232 524 3)
268 492 317 496 -
351 470 507 507 Arelate.
554 470 592 506 In
624 469 794 517 gradibus
828 468 1084 518 amphitheatri.
1132 468 1324 514 Estraugin
1362 468 1495 504 Etudes
1525 480 1585 504 sur
1615 468 1729 505 Arles.

131 529 214 567 Aix.
249 529 369 566 1838.
402 541 435 577 p.
471 528 536 565 34.

278 604 399 641 1314.
459 601 563 655 Mag.
596 613 685 653 pag.
716 599 821 655 Aug.
853 600 894 640 F.
926 599 962 640 S.
979 596 1018 653 ⁴¹)
1051 610 1123 652 pro
1155 597 1233 639 lud.
1266 611 1318 639 ex
1348 599 1394 639 Ι).
1427 596 1519 648 D.5)

272 661 315 701 T.
347 659 516 701 Atullius
560 658 599 699 C.
631 659 673 700 F.
707 659 836 699 Celer.
878 656 908 699 Π
938 659 1009 698 vir.
1051 669 1124 710 pro
1156 656 1235 697 lud.
1267 658 1319 697 lu.
1352 670 1440 698 cun.
1471 658 1516 698 F.
1548 654 1646 711 (2⁶)
1678 671 1730 701 ex

271 777 314 817 L.
347 776 530 829 Saginius
562 776 594 816 ΙΙ
624 775 684 816 vir
713 776 739 816 I.
774 775 817 815 D.
848 787 906 828 pr.
939 774 989 814 lu.
1023 770 1127 826 lu.⁶)
1161 786 1213 813 ex
1244 773 1289 813 D.
1324 773 1366 814 D.

270 836 315 876 N.
348 835 554 875 Istacinius
586 834 630 874 N.
663 834 704 874 F.
739 833 818 873 Cin.
852 834 881 873 ll
914 833 972 872 vir
1003 845 1073 885 pro
1106 831 1182 871 lud.
1221 831 1309 872 lum.

272 893 318 933 A.
352 892 475 933 Adius
507 893 555 933 A.
587 893 628 933 F.
660 892 784 932 Rufus
817 891 845 932 lI
877 892 936 930 vir
967 904 1039 944 pro
1070 890 1145 930 lud.

270 952 311 991 P.
345 951 547 992 Caesetius
579 952 660 993 Sex
689 951 730 990 F.
764 950 897 1003 Capito
929 949 957 988 ll
989 950 1048 988 vir
1081 961 1152 1002 pro
1183 949 1263 989 lud.
1295 949 1387 989 lum.

270 1010 322 1051 M.
357 1010 540 1050 Cantrius
582 1010 631 1050 M.
665 1009 705 1048 F.
747 1008 958 1049 Marcellus
998 1008 1028 1047 Il
1060 1009 1118 1046 vir
1160 1020 1230 1060 pro
1275 1007 1352 1047 lud.
1392 1007 1480 1047 lum.
1522 1020 1607 1047 cum
1641 1007 1730 1048 Cos.

130 1066 247 1122 IH.⁷)
283 1068 324 1109 F.
359 1065 454 1121 C.⁸)
488 1081 540 1107 ex
569 1067 615 1107 D.
648 1067 693 1107 D.
727 1070 763 1105 In
797 1069 955 1114 margine
987 1069 1084 1116 podii
1116 1068 1376 1116 Amphitheatri
1409 1068 1623 1116 Pompeiani.
1655 1069 1730 1105 Ro-

131 1129 271 1167 manelli
303 1129 460 1176 Viaggio
492 1130 516 1165 Ι.
551 1128 645 1164 263.
694 1128 751 1164 Or.
785 1128 909 1163 2540.

275 1204 398 1241 1315.
457 1202 506 1242 M.
539 1200 733 1241 Nasellius
766 1201 812 1240 M.
847 1201 886 1240 F.
920 1200 994 1240 Pal.
1019 1199 1201 1250 Sabinus,
1233 1199 1358 1240 Praei.
1391 1199 1477 1240 coh.
1510 1199 1536 1239 l.
1568 1200 1732 1240 Dalma-

131 1264 203 1301 tar.
237 1264 276 1300 et
306 1260 500 1301 Nasellius
531 1260 665 1299 Vitalis
696 1264 808 1311 pater
843 1259 942 1312 Aug.
976 1259 1017 1298 II.
1052 1254 1249 1312 Quinq.⁹)
1289 1259 1454 1312 paganis
1496 1259 1731 1298 communit).

129 1319 224 1373 pagi
254 1319 391 1359 Lucul.
424 1318 618 1372 porticum
660 1330 747 1357 cuin
780 1318 1028 1370 apparator-io
1071 1322 1109 1356 et
1141 1317 1353 1368 compitum
1393 1329 1415 1356 a
1446 1316 1533 1357 solo
1565 1318 1732 1369 pecunia

129 1390 201 1418 sua
232 1376 414 1417 fecerunt
445 1382 484 1416 et
514 1377 551 1415 in
583 1381 815 1429 perpetuum
851 1375 896 1414 Vl
928 1374 979 1413 ld.
1013 1374 1092 1414 lun.
1126 1375 1187 1414 die
1220 1375 1335 1414 natali
1375 1375 1503 1415 Sabini
1536 1375 1733 1427 epulanti-

130 1436 206 1477 bus
241 1434 302 1475 hic
332 1435 494 1489 paganis
527 1446 678 1474 annuos
712 1434 764 1466 ·X·
801 1433 951 1473 CXXV.
972 1432 1025 1487 ¹¹)
1070 1432 1152 1472 (lari
1184 1434 1384 1473 iusserunt
1417 1446 1462 1473 ea
1493 1433 1733 1484 conditione,

134 1497 178 1534 ut
207 1493 310 1534 Non.
342 1493 424 1533 Iun.
457 1505 599 1547 pagum
632 1493 799 1532 lustrent
831 1497 869 1532 et
904 1492 1159 1544 sequentibus
1193 1491 1329 1531 diebus
1362 1504 1414 1530 ex
1446 1491 1734 1532 consuetudine

135 1564 212 1592 sua
245 1557 438 1603 caenent,
478 1552 569 1591 item
613 1551 673 1590 VI.
707 1550 758 1590 ld.
801 1550 882 1590 lun.
915 1550 976 1589 (lie
1008 1549 1126 1590 natali
1157 1550 1288 1591 Sabini
1321 1549 1550 1602 epulentur3
1593 1550 1734 1603 quodsi

129 1610 277 1650 factum
309 1622 388 1651 non
422 1610 517 1660 erit,
559 1615 638 1650 tum
681 1608 742 1648 hic
773 1608 885 1648 locus
917 1614 959 1648 ut
990 1621 1108 1661 supra
1150 1609 1353 1661 scriptum‘
1383 1613 1442 1648 est
1474 1621 1560 1648 cuin
1593 1609 1730 1649 annuis

129 1667 269 1708 CXXV
300 1669 338 1708 in
369 1672 604 1721 perpetuum
636 1666 684 1707 ad
716 1666 922 1720 collegium
955 1667 1142 1707 medicor.
1168 1672 1205 1706 et
1228 1666 1275 1706 ad
1298 1666 1461 1706 libertos
1485 1666 1531 1706 N.
1553 1663 1610 1720 ¹²]
1633 1679 1731 1719 per-

127 1728 250 1767 tineat
280 1731 321 1766 ut
351 1727 375 1766 ii
406 1726 455 1765 Vl
485 1726 537 1766 Id.
570 1726 651 1766 Iun.
686 1724 749 1764 die
782 1725 908 1764 natale
942 1725 1073 1765 Sabini
1105 1725 1164 1765 hic
1196 1725 1416 1777 epulentur.
1453 1747 1502 1753 —-
1536 1727 1730 1765 Beneventi

128 1787 231 1824 Fabr.
263 1799 297 1835 p.
331 1787 425 1823 232.
475 1787 534 1823 Or.
566 1786 692 1822 4132.
735 1786 890 1822 Morcell.
924 1785 987 1834 Op.
1019 1786 1060 1821 ΙΙ.
1093 1798 1126 1834 p.
1163 1785 1254 1822 136.

273 1862 395 1899 1316.
456 1859 495 1900 C.
530 1859 711 1900 Caninius
744 1857 867 1900 Rufus
900 1863 1084 1909 structor,
1117 1859 1158 1899 C.
1191 1858 1396 1900 Firmidius
1430 1859 1470 1900 C.
1503 1859 1545 1900 F.
1577 1860 1730 1900 vestia-

127 1918 225 1968 rius,
255 1919 296 1959 P.
329 1918 466 1958 Blerra
505 1917 544 1958 C.
576 1918 616 1958 F.
651 1917 845 1967 lanarius,
886 1918 1062 1971 Magistri
1104 1918 1179 1957 vici
1220 1919 1412 1970 porticum
1453 1931 1524 1959 sua
1564 1918 1731 1971 pecunia

128 1976 370 2018 refecerunt.
404 2000 458 2006 —
490 1978 633 2015 Pisauri.
678 1979 797 2014 Marm.
828 1977 960 2014 Pisaur.
994 1979 1028 2014 5.
1060 1979 1118 2014 XI.

272 2055 395 2092 1317.
423 2029 434 2043 ⁸
454 2053 496 2092 L.
528 2052 659 2093 Attius
703 2051 809 2099 Quir.
829 2049 885 2106 ¹3)
929 2052 1043 2092 Vetto
1075 2052 1232 2091 Flamen
1275 2051 1304 2092 ll
1336 2053 1394 2092 vir
1435 2053 1484 2093 M.
1516 2052 1624 2092 Flavi
1653 2051 1732 2092 Ca-

128 2124 230 2153 nam.
251 2109 309 2166 ¹4)
342 2124 415 2152 suo
449 2116 487 2152 et
517 2111 559 2151 L.
593 2111 675 2151 Atti
706 2110 877 2150 Vindicis
908 2109 948 2150 F.
982 2114 1020 2150 et
1052 2109 1178 2150 Attiae
1211 2110 1473 2151 Aulumninae
1506 2110 1546 2151 F.
1579 2116 1618 2150 et
1644 2110 1731 2151 An-

129 2171 263 2211 toniae
294 2170 486 2210 Proculae
518 2170 646 2222 neptis
679 2169 834 2210 nomine
865 2168 1041 2221 porticus
1072 2167 1246 2221 lapideas
1268 2173 1523 2209 marmoratas
1546 2168 1633 2210 solo
1655 2182 1730 2210 suo

127 2227 232 2270 ludis
264 2229 433 2269 scenicis
466 2229 641 2281 impensa
673 2239 743 2267 sua
774 2227 888 2267 factis
921 2226 1036 2280 epulo
1071 2229 1159 2266 dato
1191 2227 1237 2266 D.
1259 2227 1302 2266 D.
1325 2223 1379 2281 ι5)
1415 2251 1464 2257 -
1497 2230 1613 2278 Prope
1644 2230 1730 2266 Ilis-

128 2289 235 2338 palin.
283 2289 373 2326 Mafl'.
405 2290 490 2326 Mus.
524 2289 564 2325 V.
597 2301 631 2336 p.
664 2288 759 2324 422.
809 2288 951 2325 Morcel.
983 2288 1057 2324 Stil.
1089 2287 1353 2324 CCXXXXVII.

274 2365 395 2402 1318.
457 2361 497 2402 C.
529 2362 692 2403 Luctius
734 2361 776 2402 L.
819 2361 860 2401 F.
894 2360 1046 2401 Aulian.
1092 2361 1136 2408 Ο.
1176 2361 1403 2401 Plausurius
1444 2360 1483 2401 C.
1517 2361 1556 2403 F.
1589 2361 1731 2413 Varus,

129 2421 172 2463 L.
205 2420 413 2463 Ventidius
445 2420 486 2462 C.
518 2420 559 2461 F.
593 2421 753 2472 Bassus,
786 2419 831 2469 Q.
865 2419 1048 2461 Octavius
1082 2419 1122 2460 C.
1155 2419 1195 2459 F.
1221 2419 1427 2460 Graechin.
1455 2419 1517 2460 1111
1539 2420 1610 2460 vir.
1631 2432 1731 2474 por-

278 2578 313 2621 1)
339 2579 415 2613 loca
441 2589 580 2612 nurnero
607 2580 791 2624 quingenta
817 2580 850 2612 in
877 2580 977 2612 circo.
1007 2594 1044 2599 —
1074 2577 1112 2619 2)
1139 2578 1279 2611 tortasse
1305 2579 1348 2611 ita
1375 2577 1595 2622 explicandae
1611 2583 1730 2612 notae:

130 2626 204 2659 loca
230 2627 377 2667 triginta.
414 2625 497 2659 Data
526 2626 768 2659 Decurionibus
795 2626 881 2660 loca.
907 2644 951 2648 ——
977 2623 1013 2667 3)
1041 2624 1204 2657 fortasse:
1231 2625 1306 2658 loca
1326 2625 1401 2658 (lata
1420 2627 1633 2669 septuaginta
1651 2627 1730 2658 viris

132 2673 377 2706 decurionibus.
413 2690 452 2694 ——
488 2670 526 2714 4)
553 2673 709 2715 Magister
734 2675 812 2717 pagi
847 2673 988 2716 Augusti
1019 2671 1138 2704 Felicis
1173 2671 1372 2705 Suhurbani.
1411 2690 1449 2694 —
1487 2673 1525 2713 5)
1561 2682 1619 2715 pro
1646 2671 1730 2705 ludis

130 2729 174 2751 ex
198 2719 415 2752 decurionum
442 2720 589 2753 decreto.
618 2735 657 2740 -—
686 2718 722 2757 6)
748 2730 810 2763 pro
837 2719 923 2752 ludis
945 2719 1075 2752 lumina.
1103 2736 1145 2740 ——
1166 2718 1310 2757 710re1.
1330 2719 1480 2752 coniicit:
1507 2729 1632 2751 cuneos
1652 2724 1729 2752 tres.

131 2763 170 2805 8)
197 2765 350 2798 facienda
377 2772 590 2799 curaverunt..
625 2783 665 2787 —
700 2766 737 2806 9)
765 2766 957 2810 Augustalis
982 2767 1103 2798 iterum
1130 2763 1404 2809 Quinquennalis.
1441 2781 1481 2787 —·
1518 2764 1576 2805 10)
1602 2764 1730 2798 Luculli

132 2812 205 2844 sive
229 2811 410 2846 Luculliani
437 2823 542 2856 prope
567 2812 809 2846 Beneventum.
839 2831 878 2835 —
908 2813 966 2853 11)
993 2811 1150 2843 denarios
1177 2818 1310 2844 centum
1338 2813 1456 2854 viginti
1481 2813 1659 2856 quinquae.
1687 2829 1729 2834 —-

134 2855 194 2898 12)
219 2864 361 2892 nostros.
389 2877 429 2881 —
459 2860 516 2901 13)
542 2858 676 2900 Quirina
704 2859 802 2892 tribu.
831 2877 871 2882 -—
899 2860 960 2901 14)
986 2859 1156 2900 municipii
1184 2857 1292 2890 Flavii
1318 2858 1543 2892 Canamensis.
1573 2856 1626 2900 (td
1653 2869 1731 2891 mu-

131 2905 259 2984 gifziiuin
294 2905 335 2938 ad
368 2913 572 2940 conventum
607 2906 784 2938 iuridicuin
817 2905 1016 2950 Hispalense
1041 2905 1242 2949 pertinuisse
1268 2905 1412 2938 videtur.
1438 2902 1570 2946 More).
1599 2922 1638 2928 —
1667 2904 1728 2948 15)

157 2961 175 2984 e
202 2957 311 2993 icayit.
