1877 3313
95 187 182 232 374
541 181 645 216 Inscr.
671 180 845 225 profanae.
898 179 979 225 Cap.
1008 179 1047 214 ΙΙ.
1098 178 1255 213 Tabulae.
1284 208 1287 212 .

97 294 287 345 disposita,
327 292 438 330 literis
475 291 557 328 satis
589 291 684 327 bona
713 290 776 327 sed
818 290 945 326 alicubi
976 289 1190 326 incorrecta.
1225 284 1348 341 [Grut.
1380 300 1413 337 p.
1445 288 1541 326 207.
1571 289 1694 327 Marini

95 358 171 394 Att.
201 365 276 391 arv.
306 352 332 389 I.
363 365 397 400 p.
429 345 550 401 222.)
582 349 747 386 Continet
777 349 960 396 inscriptio
991 349 1109 395 legem
1141 359 1289 396 operum
1315 347 1574 395 faciendorum,
1604 361 1696 397 quae

97 412 284 452 Puteolani
315 411 457 459 publice
488 408 640 446 locaturi
682 412 793 444 erant.
863 408 996 443 Primus
1040 406 1152 443 edidit
1183 407 1361 452 Georgius
1404 406 1584 443 Fabricius
1613 408 1696 444 Μο-

94 476 249 510 nument.
280 470 386 517 antiq.
418 482 450 517 p.
483 468 549 505 23.
590 472 663 503 tum
703 466 839 514 plurimi
882 466 1129 514 repetiverunt
1172 466 1216 502 ab
1260 465 1462 502 lIauboldio
1502 467 1698 503 enumerati

96 527 332 583 [Exercitatt.
393 527 531 564 Vitruv.
563 526 621 562 III.
643 525 772 574 Opusc.
806 525 903 561 acad.
924 525 966 561 ΙΙ.
990 537 1023 572 p.
1056 524 1151 560 438.
1176 528 1248 561 not.
1281 525 1314 560 h.
1347 528 1384 560 et
1405 524 1558 561 litonum.
1589 525 1698 571 legal.

94 603 130 639 p.
164 583 255 640 70.)
288 586 539 624 collectionum
563 583 871 633 epigraphicarum
904 588 1068 620 auctores
1092 583 1174 619 Aut.
1206 582 1445 629 Augustinus,
1487 583 1699 629 Brissonius,

96 648 272 692 Smetius,
305 646 490 691 Gruterus,
520 643 746 688 Fleetwood,
778 643 985 688 Terraswn,
1017 641 1142 689 quibus
1173 641 1265 678 adde
1296 642 1502 678 Fabrettum
1533 654 1567 690 p.
1600 641 1700 688 463,

97 708 166 753 95,
197 711 269 743 tum
302 704 360 752 qui
391 703 572 740 historiam
614 703 693 749 agri
734 705 769 737 et
800 701 920 748 oppidi
952 700 1132 737 Puteolani
1165 700 1474 748 conscripserunt,
1516 701 1575 737 vel
1617 701 1700 737 data

96 776 211 814 opera
243 763 489 812 explicuerunt
521 773 631 810 usque
664 761 708 796 ad
741 760 879 795 Petrum
921 760 1087 806 Marquez
1124 753 1230 810 (Don
1261 759 1378 796 Pietro
1410 759 1577 807 Marquez
1607 758 1699 795 Den'

97 824 224 862 ordine
266 822 393 859 dorico
434 832 503 858 con
539 819 738 869 appendice
769 829 876 866 sopra
909 817 966 854 un'
997 817 1112 854 antica
1154 818 1274 854 tabola
1318 818 1353 854 di
1395 818 1542 855 Pozuol.
1600 817 1701 854 Rom.

100 882 223 920 1803.
256 882 292 917 8.
323 893 358 929 p.
394 879 486 916 147.
516 874 654 931 seqq.)
686 878 730 916 Iis
754 877 893 924 quidem
917 880 1146 913 accesserunt
1170 876 1312 913 Guarini
1344 871 1517 927 [Neapol.
1549 871 1698 927 1824.)

96 940 255 978 Zannoni
286 939 418 976 Antico
448 949 581 975 marmo
613 938 737 974 scritto
771 936 805 971 di
841 936 1019 972 Pozzuoli.
1079 935 1213 971 Firenz.
1247 935 1367 972 1826.
1410 935 1530 972 Fidem
1558 935 1701 971 tabulae

95 1000 313 1037 Puteolanae
344 998 402 1045 qui
432 998 618 1046 impugnat
647 994 803 1032 maffeius
835 995 912 1030 Art.
955 994 1030 1030 crit.
1071 994 1217 1041 lapidar.
1251 994 1322 1031 Lib.
1345 994 1404 1031 III.
1430 1005 1458 1030 c.
1483 994 1521 1030 4.
1545 1005 1579 1042 p.
1605 993 1700 1029 304.

97 1059 272 1096 refutatur
304 1069 323 1094 a
353 1056 524 1093 Zacharia
554 1055 684 1092 Istituz.
726 1053 872 1101 lapidar.
911 1065 943 1100 p.
981 1053 1072 1089 158.
1105 1052 1277 1089 Caietano
1310 1053 1515 1100 Cognolato
1547 1052 1701 1089 Praeiat.

98 1119 141 1154 ad
172 1116 360 1153 Forcellin.
401 1115 520 1152 Lexic.
562 1115 659 1150 Tom.
685 1114 744 1149 IV.
776 1125 809 1160 p.
850 1112 976 1148 XXVI.
1014 1112 1078 1148 Ed.
1111 1111 1200 1159 Lips.
1235 1116 1270 1147 et
1302 1111 1524 1158 Hieronymo
1555 1111 1699 1148 Amatio

98 1176 268 1213 Giornale
300 1174 417 1211 arcad.
448 1174 545 1210 Tom.
577 1173 735 1208 XXXIII.
766 1184 801 1219 p.
837 1170 916 1206 323
951 1181 1050 1218 seqq.
1084 1170 1232 1219 Recepit
1264 1171 1417 1207 tabulam
1448 1169 1553 1206 ctiam
1575 1170 1701 1218 Egger

98 1235 131 1272 in
163 1235 235 1272 Lat.
266 1244 418 1270 sermon.
449 1231 607 1279 reliquiis
639 1243 671 1279 p.
708 1230 802 1266 248.

237 1290 299 1332 Ab
331 1288 485 1330 colonia
517 1287 686 1327 deducta
718 1297 820 1327 anno
853 1284 930 1325 XC.
964 1285 1010 1325 N.
1043 1284 1195 1326 Fufidio
1227 1285 1272 1325 N.
1304 1285 1343 1326 F.
1367 1285 1419 1327 M.
1442 1284 1564 1326 Pullio
1586 1283 1702 1327 Duo-

102 1348 174 1390 vir.
207 1349 247 1390 P.
279 1347 422 1390 Rutilio
455 1346 524 1387 Cn.
556 1345 685 1386 Mallio
719 1345 807 1386 Cos.
828 1341 863 1398 ¹)
899 1344 1074 1397 Operum
1106 1344 1175 1385 lex
1204 1344 1246 1385 Il.

238 1408 323 1448 Lex
361 1406 501 1460 parieti
539 1404 722 1445 faciundo
750 1404 788 1444 in
829 1416 943 1454 area,
991 1415 1092 1456 quae
1135 1408 1197 1445 est
1243 1408 1333 1445 ante
1377 1401 1516 1444 aedem
1565 1403 1703 1458 Serapi

99 1472 210 1509 trans
242 1467 360 1507 viam.

240 1525 315 1573 Qui
345 1522 572 1575 redemerit,
602 1521 773 1576 praedes
828 1519 917 1562 dato
949 1520 1158 1574 praediaq.
1191 1521 1424 1576 subsignato
1457 1520 1702 1563 duumvirum

99 1585 302 1627 arbitratu.
356 1583 398 1623 In
429 1595 523 1623 area
554 1587 662 1623 trans
703 1581 805 1621 viam
835 1581 990 1633 paries,
1034 1581 1097 1632 qui
1129 1585 1190 1621 est
1220 1585 1384 1633 propter
1417 1581 1540 1630 viam,
1582 1581 1620 1621 in
1652 1593 1702 1622 eo

99 1644 251 1697 pariete
282 1640 413 1683 medio
444 1641 559 1682 ostiei
589 1640 721 1681 lumen
752 1640 923 1691 aperito,
956 1638 1073 1679 latum
1104 1639 1145 1679 P.
1178 1638 1225 1678 Vl
1257 1639 1374 1679 altum
1404 1639 1444 1679 P.
1477 1638 1541 1678 VII
1571 1638 1702 1680 facito.

100 1702 162 1744 Ex
192 1714 242 1742 eo
282 1701 433 1755 pariete
473 1704 583 1740 antas
625 1699 721 1739 duas
760 1697 807 1737 ad
850 1709 957 1737 mare
997 1709 1158 1738 vorsum
1201 1698 1367 1751 proicito
1409 1697 1548 1751 longas
1590 1697 1630 1737 P.
1662 1698 1705 1738 lI.

103 1771 261 1801 crassas
292 1760 332 1800 P.
365 1759 390 1799 I.
426 1759 479 1802 Ξ-
502 1755 721 1812 ²)insuper
751 1755 790 1796 id
829 1756 946 1796 limen
978 1756 1206 1807 robustum,
1245 1756 1406 1809 longum
1446 1756 1486 1795 P.
1518 1755 1611 1797 vlu.
1641 1756 1705 1797 la-

101 1825 182 1860 tum
213 1819 252 1858 Ρ.
270 1818 308 1860 S.
345 1817 392 1863 Ξ-
420 1813 460 1870 3)
497 1817 615 1857 altum
647 1816 687 1856 P.
722 1815 759 1856 S.
799 1815 844 1861 Ξ-
886 1815 1096 1868 ἰιηροηίίο;
1128 1815 1291 1867 insuper
1322 1813 1360 1854 id
1391 1819 1430 1854 et
1460 1818 1571 1855 antas
1613 1827 1707 1856 mu-

101 1877 209 1919 tulos
241 1877 429 1917 robustos
460 1873 502 1915 II.
535 1886 695 1915 crassos
727 1874 799 1915 S:
830 1872 930 1914 altos
962 1873 1002 1913 P.
1034 1872 1061 1913 Ι.
1096 1874 1261 1926 proicito
1294 1878 1408 1914 extra
1440 1873 1591 1925 pariete
1605 1869 1646 1928 4)
1668 1873 1706 1914 in

102 1941 270 1988 utramq.
303 1938 453 1988 partem
484 1934 524 1973 P.
557 1932 618 1973 IV.
675 1932 842 1984 Insuper
874 1932 994 1972 simas
1024 1932 1148 1985 pictas
1181 1931 1289 1973 ferro
1322 1931 1486 1986 offigito.
1541 1931 1708 1985 Insuper

101 1994 296 2044 mutulos,
329 1992 540 2033 trabiculas
570 1991 800 2044 abiegnieas
832 1990 875 2040 ll,
909 2003 1064 2030 crassas
1097 2003 1256 2043 quoque
1288 2002 1430 2031 versus
1461 1990 1499 2031 S.
1517 1987 1556 2044 ⁵)
1588 1992 1708 2044 inpo-

101 2054 198 2105 nito,
227 2051 419 2104 ferroque
450 2050 582 2104 figito3
613 2051 833 2090 inasserato
858 2049 1061 2090 asseribus
1081 2049 1312 2102 abiegnieis‚
1344 2048 1561 2101 sectilibus,
1592 2061 1708 2090 cras-

102 2112 183 2153 seis
211 2123 371 2163 quoque
395 2121 536 2151 versus
567 2121 603 2148 =
629 2121 666 2147 =
689 2108 884 2160 disponito
907 2108 944 2147 ni
967 2107 1052 2159 plus
1075 2108 1099 2148 S
1137 2109 1183 2151 Ξ-
1209 2139 1217 2154 ,
1259 2107 1526 2160 operculaque
1564 2108 1707 2161 abieg-

102 2171 191 2210 niea
221 2170 297 2209 lata
327 2168 416 2216 S:—
461 2180 595 2208 crassa
626 2165 719 2221 Εὖ),
752 2167 1038 2218 cumanumque
1064 2166 1422 2219 inponito‚·ferroq.
1444 2166 1560 2220 plano
1583 2166 1708 2220 figito,

102 2227 342 2282 portulaque
373 2227 511 2280 tegito,
544 2226 766 2279 tegularum
799 2224 1000 2265 ordinibus
1029 2225 1159 2264 seneis
1185 2236 1501 2277 quoqueversus.
1534 2223 1708 2278 Tegulas

103 2298 244 2328 omnes
276 2287 314 2326 in
347 2290 651 2338 antepagmento
674 2284 782 2324 ferro
805 2284 926 2338 figito,
957 2283 1252 2336 marginemque
1274 2283 1463 2336 inponito.
1495 2282 1652 2324 Eisdem
1666 2280 1706 2337 7)

102 2345 212 2386 fores
244 2343 426 2385 clatratas
458 2343 499 2383 Il.
535 2355 624 2383 cum
655 2342 834 2396 postibus
863 2341 1102 2383 aesculnieis
1125 2340 1258 2392 facito,
1291 2342 1467 2392 statuito,
1499 2341 1708 2393 occludito,

102 2404 335 2457 meamque,
377 2403 428 2442 ita
460 2402 516 2442 uti
547 2401 595 2443 ad
637 2401 778 2442 aedem
809 2401 994 2441 Honorus
1007 2397 1048 2453 δ’)
1083 2398 1183 2440 sacta
1215 2404 1317 2440 sunt.
1373 2399 1532 2441 Eisdem
1547 2397 1587 2453 τ)
1619 2413 1708 2441 ma-

104 2462 211 2503 ceria
242 2466 420 2502 extrema
449 2461 580 2513 paries
614 2460 679 2513 qui
711 2464 785 2512 est,
819 2472 910 2500 eum
941 2460 1134 2513 parietem
1165 2471 1252 2499 cum
1284 2459 1462 2513 margine
1493 2458 1611 2501 altum
1643 2458 1708 2500 sa-

246 2623 283 2668 1]
310 2625 397 2660 Ante
421 2623 498 2659 Chr.
526 2625 607 2659 105.
634 2640 675 2647 -—
702 2622 741 2667 2)
766 2624 854 2658 hanc
879 2629 991 2657 notam
1020 2629 1086 2658 tres
1111 2624 1225 2657 uncias
1251 2623 1496 2667 significantem
1519 2624 1711 2658 ommittunt

104 2673 313 2714 Brissonius,
347 2673 483 2717 Egger,
509 2672 580 2713 alii3
614 2672 674 2705 sed
700 2671 828 2705 Gruter.
856 2671 948 2704 addit
983 2677 1083 2716 atque
1108 2672 1140 2704 in
1171 2670 1283 2704 tabula
1318 2682 1393 2704 csse
1427 2677 1568 2705 testatur
1591 2671 1710 2704 Marini

105 2720 174 2754 Att.
200 2731 270 2754 arv.
295 2720 318 2752 Ι.
346 2731 380 2764 p.
405 2719 483 2752 228.
511 2736 551 2742 —-
585 2717 625 2762 3)
650 2720 750 2752 semis
776 2724 809 2752 et
835 2724 902 2751 tres
926 2719 1054 2751 uncias.
1087 2736 1127 2740 —-
1154 2716 1192 2759 4)
1217 2717 1341 2762 pariete
1366 2728 1426 2760 pro
1451 2719 1607 2760 parietem
1632 2728 1708 2751 om-

105 2769 157 2800 nia
183 2767 338 2811 exempla
364 2766 534 2800 exhibent.
564 2783 603 2787 -
632 2766 669 2808 5]
695 2770 772 2809 post
797 2776 1029 2808 quoqueversus
1061 2763 1207 2798 Brisson.
1240 2763 1405 2797 Haubold.
1441 2764 1559 2809 Egger
1583 2764 1710 2798 addunt

105 2813 236 2847 literam
263 2813 284 2846 S
310 2810 350 2854 (i.
376 2824 406 2846 e.
439 2809 576 2854 semis);
611 2812 773 2846 Gruterus
807 2814 938 2845 omittit.
976 2811 1138 2856 Idemque
1170 2810 1276 2845 male:
1309 2811 1501 2856 abicqineis,
1531 2810 1709 2855 abieyn'nea,

107 2870 207 2904 quum
234 2860 380 2894 Guarino
413 2865 447 2893 et
478 2859 652 2892 Zaunonio
684 2859 824 2892 testibus
856 2858 970 2892 tabula
1005 2858 1163 2892 exhibeat
1194 2858 1373 2900 abiemm's,
1406 2858 1568 2900 abieqnea.
1601 2876 1643 2882 —-
1670 2856 1708 2900 6)

107 2906 190 2939 haec
217 2913 297 2940 nota
321 2907 537 2941 semiunciam
563 2906 739 2949 significat.
767 2923 808 2928 —
833 2904 871 2948 7)
897 2906 1013 2939 eisdem
1039 2912 1075 2938 ut
1099 2905 1201 2948 paulo
1224 2906 1309 2938 infra
1336 2904 1435 2937 eidem
1460 2914 1522 2948 pro
1547 2905 1623 2938 item
1647 2915 1708 2938 ac-

108 2953 299 2996 cipiendum
325 2958 396 2994 est,
428 2954 501 2986 sive
527 2954 632 2986 errori
665 2952 843 2995 scalpturis
878 2952 934 2986 vel
968 2951 1228 2986 describentium
1261 2953 1334 2986 sive
1359 2950 1520 2996 peculiari
1543 2952 1708 2986 sermonis

109 2999 235 3033 formae
262 2999 421 3036 debet-ur.
446 3018 489 3026 -
515 2998 554 3042 8)
580 3009 641 3044 pro
666 2999 806 3034 honoris.
