1877 3313
186 182 270 225 412
632 178 737 213 Inscr.
762 178 937 224 profanae.
987 177 1067 223 Cap.
1095 177 1135 212 ll.
1185 177 1341 213 Tabulae.

184 299 272 328 cum
303 296 415 326 suum
448 286 652 326 convivam
685 296 736 325 ex
765 285 899 327 amicis
930 285 1010 326 suis
1042 284 1220 336 mittere,
1261 285 1428 338 eiusque
1466 285 1654 327 mausolei
1689 285 1775 327 cla-

183 357 252 384 ves
290 343 390 384 duae
427 355 549 397 penes
581 343 749 396 aliquem
791 345 1021 386 libertorum
1051 356 1232 384 meorum
1264 348 1303 385 ct
1333 347 1557 385 curatorem
1588 344 1776 398 cuiusque

185 403 275 444 anni
305 406 407 443 sunt.

871 478 1087 521 Substituti.

323 554 365 595 T.
397 554 572 595 Roucius
601 554 813 596 Maternus.
870 553 910 594 C.
944 553 1112 594 Licinius
1154 553 1369 595 Sotericus.
1426 553 1473 594 A.
1506 554 1666 596 Fulvius
1697 554 1778 595 Ta-

183 613 371 654 rentinus.
419 613 460 653 L.
494 612 610 653 Iulius
642 612 821 654 Cosmus.
871 613 926 653 Ti.
960 611 1143 653 Claudius
1174 612 1375 652 Etoemus.
1431 612 1471 652 P.
1503 612 1654 653 Acilius
1683 612 1779 653 Phi-

182 670 426 724 lodespotus.
474 671 516 711 C.
549 671 732 712 Caninius
764 671 977 724 Eutychus.
1031 671 1255 718 Q.1uvent.
1303 671 1512 712 venustus.
1573 670 1617 711 L.
1650 671 1778 712 Valer.

184 729 354 783 Cupitus.
396 752 452 758 —-
493 732 742 779 Fragmentum
786 732 989 769 testamenti
1040 731 1202 768 Nemausi
1243 736 1422 779 repertum
1463 731 1496 768 in
1538 742 1639 768 muro
1680 731 1779 768 unius

184 795 367 838 portarum
399 789 560 827 civitatis,
607 790 746 827 Gruter.
787 802 821 838 p.
854 790 948 827 496.
990 791 1177 827 Tei-asson.
1211 790 1304 837 Adp.
1345 802 1379 838 p.
1412 790 1476 826 85.
1507 790 1780 838 Spaugenberg.

183 861 217 897 p.
251 848 315 886 63.
362 849 457 886 Oret.
489 848 614 886 4366.

327 936 451 974 1806.
639 933 734 974 Vale
766 934 923 983 coniux,
957 934 1083 974 valete
1116 933 1208 984 nati,
1240 933 1369 974 valeat
1400 933 1520 974 Tibur
1540 933 1678 987 patria.
1709 933 1781 974 Ul-

185 993 275 1033 tima
308 992 352 1040 Q.
389 992 510 1033 Laelii
542 992 743 1033 morientis
775 992 936 1032 decreta
958 989 991 1046 ¹)
1024 992 1122 1032 haec
1156 995 1271 1042 sunt,
1313 996 1353 1032 ut
1386 991 1611 1032 Tiburtinae
1643 990 1781 1032 domus

183 1051 399 1091 suburbani
429 1049 535 1092 tundi
558 1055 596 1091 et
616 1050 765 1103 praedii
792 1050 1025 1091 Nomentani
1040 1048 1079 1102 ²)
1115 1050 1268 1089 moenia
1291 1054 1466 1103 tangent.
1484 1046 1523 1103 3]
1556 1049 1641 1090 Tita
1672 1050 1782 1090 Mar-

182 1109 321 1149 cellina
353 1109 497 1150 coniux
527 1109 602 1149 fida
628 1108 790 1149 Publius
819 1113 860 1148 et
892 1108 1021 1156 Quint.
1055 1107 1118 1147 fili.
1151 1108 1324 1148 dulcissi.
1358 1107 1577 1148 coheredes
1603 1108 1694 1148 sint.
1730 1131 1779 1135 —

182 1170 313 1207 Romae
354 1170 479 1218 Apian.
521 1183 554 1218 p.
603 1169 665 1205 11.
709 1171 765 1216 qui
808 1169 907 1205 Danii
956 1169 987 1205 in
1030 1168 1195 1217 Hispania
1243 1180 1321 1204 esse
1372 1168 1516 1214 scribit,
1568 1168 1707 1205 Gruter.
1748 1181 1781 1217 p.

186 1228 266 1264 879
301 1240 320 1265 e
351 1228 534 1265 Mazochio
567 1228 839 1275 praescribens:
883 1227 1041 1275 ,3Romae
1074 1227 1107 1263 in
1140 1226 1285 1262 aedibus
1317 1227 1438 1274 Pomp.
1481 1225 1616 1264 Laeti‘fl
1663 1228 1783 1275 Spau-

186 1287 363 1334 genberg.
394 1299 427 1335 p.
461 1286 526 1323 61.
559 1286 654 1323 Oret.
691 1286 769 1322 Vol.
802 1286 828 1322 1.
860 1298 893 1334 p.
929 1285 992 1322 61.
1026 1298 1052 1321 s.
1084 1296 1116 1322 v.
1147 1286 1318 1333 Pompon.
1350 1285 1477 1321 Laetus
1509 1286 1599 1322 hanc
1629 1284 1783 1334 inscrip-

184 1345 318 1383 tionem
349 1344 646 1394 suspectissimam
679 1355 758 1381 esse
790 1344 931 1381 iudicat.
992 1344 1062 1380 Nos
1096 1355 1115 1380 e
1148 1344 1300 1381 Grutero
1333 1343 1505 1380 dedimus.

327 1432 455 1470 1807.
527 1427 784 1484 [Exemplum
826 1426 1135 1483 codicillorum).
1190 1428 1298 1469 Have
1334 1429 1446 1469 michi
1479 1428 1634 1469 domine
1674 1433 1786 1482 pater

186 1487 273 1528 vale
303 1488 417 1529 michi
449 1488 604 1529 domine
631 1493 757 1542 pater.
806 1487 900 1528 Cum
932 1486 981 1527 ad
1008 1494 1046 1527 te
1077 1487 1173 1527 haec
1202 1486 1388 1528 dictarem
1414 1486 1720 1528 infelicissimum
1746 1487 1786 1528 id

187 1546 412 1597 aestimavi,
446 1551 487 1587 ut
519 1558 607 1587 eras
639 1559 728 1587 cum
760 1558 821 1586 me
851 1545 929 1586 huc
943 1543 983 1596 4)
1024 1546 1211 1586 mitteres.
1273 1546 1391 1595 Peto,
1423 1550 1465 1586 ut
1495 1549 1784 1586 monumentum

184 1605 274 1645 mihi
305 1604 424 1646 facias
458 1604 617 1658 dignum
643 1605 835 1645 iuventuti
881 1616 1005 1654 meae,
1037 1608 1075 1642 te
1106 1608 1223 1656 peto,
1264 1603 1547 1656 Eutycliianum
1589 1605 1785 1645 alumnum

184 1675 314 1703 meum
345 1675 462 1704 manu
492 1664 619 1703 mittas
651 1661 899 1715 vindiciaque
942 1662 1112 1711 liberes,
1151 1662 1242 1702 item
1285 1661 1460 1715 Aprilem
1492 1674 1650 1703 servum
1681 1675 1784 1703 meu.

187 1722 253 1774 qui
296 1722 403 1763 solus
446 1734 498 1761 ex
537 1721 752 1761 ministerio
791 1722 867 1760 mio
909 1720 1123 1773 superavit.
1184 1717 1402 1774 Scripsit5]
1434 1720 1515 1760 XV.
1549 1720 1631 1760 Kal.
1665 1719 1784 1773 April.

186 1780 313 1820 Sirmi.
354 1780 396 1821 L.
440 1779 649 1833 Calpurnio
683 1779 849 1829 Pisone,
891 1779 929 1818 P.
973 1778 1102 1818 Salvio
1143 1777 1303 1818 Iuliano.
1322 1776 1361 1832 ⁶)
1398 1803 1447 1807 —
1481 1781 1711 1829 Cephaloedii
1751 1782 1785 1818 in

188 1839 283 1876 Sicil.
315 1839 473 1877 Bulletin.
507 1841 569 1876 des
602 1840 770 1876 sciences.
806 1839 926 1875 1827.
959 1839 1113 1875 Fevrier.
1145 1852 1178 1886 p.
1210 1839 1310 1875 V52.
1358 1839 1453 1875 Oret.
1485 1839 1609 1877 4359.
1641 1840 1695 1876 cui
1727 1840 1785 1877 vel

186 1902 291 1947 pater
332 1898 489 1935 defuncti
534 1898 591 1935 vel
632 1898 725 1946 grati
766 1898 880 1934 liberti
913 1897 983 1934 hoc
1025 1898 1224 1946 exemplum
1257 1897 1502 1935 codicillorum
1533 1898 1696 1935 videntur
1725 1898 1784 1935 in-

188 1956 257 1994 eidi
289 1968 442 1994 curasse.

186 2141 221 2179 §.
252 2135 307 2172 13.
367 2136 636 2183 Inscriptiones
662 2135 836 2183 publicae
868 2135 993 2172 civiles
1023 2135 1214 2172 miscellae
1245 2136 1558 2185 (Proyrammcna.
1600 2138 1783 2175 Gratula-

259 2195 387 2232 tiones.
435 2193 731 2231 candidatorum
764 2195 1111 2231 commendationes.
1158 2194 1338 2232 Tesserae
1364 2196 1706 2241 frumentationum.

751 2253 935 2300 Diptyclaea
966 2253 1218 2297 consularia.)

335 2381 457 2418 1808.
523 2378 717 2432 Quidquid
758 2380 958 2420 usuarium
999 2379 1193 2420 invehitur
1230 2381 1424 2420 ansarium
1458 2393 1535 2421 non
1568 2380 1697 2421 debet.
1732 2403 1782 2412 -—-

185 2441 224 2477 In
254 2440 330 2488 ripa
361 2440 497 2476 Tiberis
528 2441 591 2476 sub
623 2440 812 2477 Aventino.
845 2441 985 2477 Nardin.
1017 2441 1113 2477 Rom.
1144 2441 1201 2478 111.
1235 2453 1266 2488 p.
1301 2441 1394 2477 316.
1427 2436 1532 2493 (VH,
1565 2437 1642 2493 9.).
1683 2443 1783 2480 Mor-

186 2499 266 2535 celti
296 2498 364 2535 stit.
395 2499 492 2536 Tom.
524 2499 566 2536 11.
598 2511 631 2547 p.
677 2498 767 2535 164.
808 2498 915 2536 Orett.
960 2499 1082 2535 3348.
1125 2500 1258 2536 Preller
1289 2500 1485 2546 Regionen.
1518 2513 1552 2549 p.
1585 2500 1680 2537 204.
1711 2505 1783 2538 not.

327 2586 450 2622 1809.
511 2583 730 2624 Duodecim
763 2584 860 2626 deos
892 2589 930 2624 et
961 2585 1134 2626 Dcanam
1161 2589 1199 2625 et
1225 2584 1355 2625 Iovem
1385 2590 1557 2638 optumu.
1586 2598 1782 2627 maxumu.

185 2643 305 2683 iratos
337 2642 476 2682 habeat
507 2643 683 2695 quisquis
716 2643 777 2683 hic
808 2644 991 2683 minxerit
1022 2648 1085 2684 aut
1117 2644 1271 2684 cacarit.
1304 2666 1358 2671 -—
1390 2646 1533 2684 Romae.
1571 2647 1609 2683 In
1640 2647 1784 2684 thermis

186 2703 262 2740 Titi.
309 2704 448 2740 Platner
479 2714 511 2739 u.
542 2703 680 2741 Bunseu
712 2704 915 2741 Beschreib.
948 2705 985 2742 R.
1017 2705 1075 2741 111.
1108 2704 1145 2741 2.
1177 2717 1214 2753 p.
1245 2703 1339 2741 227.

327 2870 363 2913 1)
388 2871 516 2904 decreta
542 2871 638 2904 deest
663 2871 751 2915 apud
771 2871 889 2916 Apian.
919 2889 957 2894 —
987 2870 1025 2912 2]
1043 2872 1193 2905 Moment.
1211 2872 1332 2917 Apian.
1354 2889 1393 2895 —
1418 2869 1459 2914 3)
1479 2877 1645 2914 langnerent
1662 2873 1784 2918 Apian.

186 2914 250 2947 Sed
283 2922 420 2959 tanqent.
455 2919 562 2962 aptius
594 2918 694 2951 modo
729 2920 872 2961 accipias
904 2929 984 2962 pro:
1017 2920 1184 2963 tanyenhs.
1221 2936 1261 2942 —
1296 2918 1334 2959 4)
1372 2919 1419 2952 Ita
1444 2918 1582 2960 legend.
1615 2929 1675 2962 pro
1711 2918 1781 2960 hoc,

188 2962 274 3006 quod
299 2963 400 2997 habet
425 2965 521 2998 inser.
554 2983 598 2988 —
633 2963 670 3007 5)
695 2965 759 2998 Pro
785 2966 924 3009 scripsi;
950 2966 1012 2997 mio
1036 2976 1096 3010 pre
1123 2976 1209 3000 meo.
1237 2983 1277 2989 -
1303 2964 1341 3007 6)
1374 2965 1409 2999 P.
1435 2963 1509 3000 chr.
1539 2965 1615 2998 175.
