1877 3313
177 177 262 219 406
618 171 721 205 Inscr.
746 169 917 215 profanae.
967 168 1047 213 Cap.
1072 168 1114 204 11.
1162 167 1322 202 Tabulae.

180 294 264 323 0330
293 279 400 330 volo,
430 278 500 328 ita,
530 281 573 318 ut
602 289 690 317 eam
720 277 762 317 777
792 275 1038 318 matrimonio
1070 274 1234 326 habeat,
1266 273 1499 327 fidelemque
1516 303 1768 316 .........

179 339 296 381 realis
326 337 474 392 pusillis
506 336 716 389 componit.
748 349 772 375 v
790 367 939 376 ......

318 419 379 459 VI.
441 449 478 458 ..
512 417 703 457 Dasumio
736 417 892 458 colono.
924 416 988 456 lib.
1023 415 1093 456 Χ·.
1139 427 1204 464 00,
1235 413 1446 455 Dasumiae
1467 413 1595 468 Syehe
1623 414 1772 454 nutrici

178 479 276 518 00770
305 477 482 517 meritae.
516 476 573 516 Χ·
603 507 779 516 .......
814 476 881 515 771).
912 475 970 514 Χ·
1004 487 1044 513 00
1068 505 1078 525 ,
1110 472 1338 525 Heliopaedi
1358 473 1422 514 lib.
1456 472 1509 513 -Χ-
1556 484 1611 525 00,
1643 485 1770 514 ca...

208 568 244 578 ..
276 535 440 589 singulis
472 535 527 575 ·X·
570 547 625 586 00,
656 533 829 575 Eurotae
860 533 924 573 lib.
957 532 1011 572 ·Χ·

320 617 400 656 VII.
587 615 632 655 Sz‘
661 615 761 656 Eros
806 615 1014 655 vestiarius
1045 614 1236 655 rationem
1258 617 1372 653 aetus
1410 613 1475 654 3777
1512 612 1649 653 heredi
1687 625 1774 653 meo

178 675 412 723 reddiderit,
444 673 545 713 liber
577 679 673 723 0370,
705 675 796 713 770777
827 704 861 713 ..
889 673 1172 726 paedagogus,
1206 672 1358 712 ratione
1389 671 1562 722 reddita,
1593 671 1775 712 Phoebus

214 766 222 774 .
257 739 293 773 et
323 765 332 773 .
352 764 361 773 .
394 732 511 772 770077
539 737 656 772 3777770
683 736 968 784 praeterquam
997 731 1034 770 37
1064 743 1177 783 quem
1210 744 1262 770 ex
1293 730 1352 770 his
1384 730 1458 770 alio
1490 730 1638 782 scripto
1668 729 1774 769 libe-

179 805 265 833 rum
297 804 382 831 esse
411 796 587 831 vetuere.
635 790 760 840 Quem
791 791 894 829 0777777.
923 790 981 829 ita
1010 793 1188 837 vetuere,
1219 790 1255 828 73
1285 801 1411 841 7700770
1442 788 1544 828 liber
1574 792 1668 837 0370,
1699 800 1775 827 770-

181 863 257 904 que
289 850 530 890 vicensimae
565 850 724 890 nomine
755 849 791 888 ei
817 860 948 900 prove
980 860 1026 887 eo
1053 844 1328 901 pub(l7'ea770)
1362 846 1441 887 XX
1478 846 1673 886 libertatis
1700 846 1775 887 170-

180 922 248 950 res
277 921 388 948 meus
417 907 633 960 quidquam
660 907 764 947 clato.
809 906 971 946 Ceteros
1003 918 1159 956 07777703,
1202 918 1303 958 quos
1344 905 1491 946 liberos
1533 917 1624 946 esse
1663 905 1774 955 iussi,

181 979 266 1017 eos,
309 979 361 1007 em
392 979 477 1006 77700
508 967 696 1018 accipere
726 966 832 1014 volo,
865 965 975 1017 077077
1004 977 1049 1004 00
1071 965 1230 1003 7707777770
1256 960 1526 1018 77770(ίὲ077770)
1569 962 1775 1013 debebunt,

179 1027 275 1078 fidei
305 1031 440 1065 autem
473 1037 611 1065 eorum
644 1024 856 1072 committo,
889 1024 1068 1075 (7777307773
1107 1023 1203 1062 7777177
1242 1021 1357 1062 heres
1396 1022 1611 1062 heredesve
1649 1026 1776 1073 erunt,

182 1090 224 1124 ut
256 1096 342 1124 eam
370 1084 583 1136 pecuniam
612 1083 781 1134 3777077773
812 1082 904 1121 dent
933 1082 1108 1121 tribuant
1141 1080 1362 1121 concedant
1392 1082 1477 1121 sine
1507 1080 1585 1121 ulla
1607 1084 1776 1120 contro-

181 1143 343 1183 versia:
377 1147 414 1181 et
443 1155 529 1181 cum
555 1142 729 1193 primum
760 1141 926 1192 quisque
957 1152 1095 1179 eorum
1127 1139 1226 1179 liber
1254 1140 1388 1191 [7707773
1417 1138 1494 1178 hoc
1524 1140 1686 1192 amplius
1720 1139 1773 1179 Χ

181 1202 234 1240 V:
268 1206 308 1241 et
338 1201 413 1241 hoc
444 1199 607 1252 amplius
628 1230 779 1239 ......
798 1211 884 1239 cum
917 1198 1081 1251 primum
1115 1198 1352 1238 manumissa
1382 1198 1506 1250 fuerit
1521 1229 1668 1238 ......
1699 1209 1776 1237 ar-

183 1259 308 1300 culam
338 1259 413 1299 tha.
447 1271 534 1299 cum
567 1263 704 1298 ornato
724 1288 875 1297 ......

322 1340 416 1381 Vlll.
477 1342 564 1380 Hoc
594 1339 765 1392 amplius
796 1336 961 1379 heredes
991 1339 1069 1378 77707
1093 1339 1268 1391 praefati
1300 1337 1392 1378 dent
1422 1338 1594 1379 tribuant
1625 1350 1777 1379 conce-

182 1399 276 1441 dant
304 1400 390 1439 377ιο
410 1398 496 1439 ulla
522 1403 636 1438 007777
640 1410 733 1438 0007
735 1410 798 1438 saa
816 1429 1097 1438 ..........
1117 1397 1204 1437 IIa7
1208 1402 1332 1438 masto
1356 1396 1598 1438 Anatellonti
1627 1397 1779 1438 libertis

182 1460 229 1498 777
259 1458 440 1510 3777077703
470 1470 622 1506 anuos,
655 1457 833 1509 quandia
864 1457 951 1506 quis
982 1469 1119 1496 eorum
1149 1456 1276 1506 07007,
1316 1457 1431 1496 7777770
1462 1456 1654 1509 077777307ιο
1683 1456 1778 1496 anni

181 1516 345 1556 vestiari
390 1516 545 1556 nomine
590 1515 754 1569 singulis
800 1514 854 1554 ἒν
880 1547 888 1554 .
909 1546 947 1565 .,
993 1514 1070 1554 1700
1115 1514 1288 1566 amplius
1312 1545 1603 1555 ..........
1624 1513 1776 1567 Terpno

183 1574 324 1615 Achilli
353 1573 582 1626 Heliopaedi
608 1573 759 1613 libertis
787 1574 902 1613 7777770
945 1574 1136 1625 cuiusque
1174 1573 1273 1612 (777777
1305 1573 1471 1612 00377077
1500 1573 1660 1612 7707777770
1689 1573 1780 1613 3777-

182 1633 289 1686 077773
307 1645 351 1672 777
381 1631 561 1684 3777077103
584 1643 732 1683 annos,
764 1631 943 1697 quandiu·
969 1632 1056 1684 quis
1089 1643 1232 1671 eorum
1262 1631 1388 1681 07007,
1421 1631 1505 1670 ·Χ·.
1546 1631 1665 1682 ,1700
1691 1641 1780 1671 am-

176 1691 290 1743 plius
307 1722 454 1730 ......
487 1689 640 1729 [7007773
669 1663 847 1742 quandiu
879 1690 966 1742 quis
999 1701 1135 1729 cotum
1169 1690 1295 1740 vivet,
1326 1689 1435 1730 initio
1468 1690 1659 1742 cuiusque
1683 1689 1783 1730 anni

182 1750 349 1789 heredes
379 1750 455 1788 77707
485 1749 653 1788 70377077
682 1749 840 1788 7707777770
872 1748 926 1787 -Χ-
947 1779 984 1788 ..
1023 1748 1101 1799 ipses
1133 1748 1270 1797 (lanto,
1302 1752 1525 1789 0777007070
1557 1747 1651 1788 dare
1681 1747 1782 1789 infra

183 1808 339 1860 scriptis
371 1806 681 1847 conflationibus

321 1888 386 1928 ΙΧ.
418 1887 507 1928 Hoc
521 1887 693 1940 amplius
713 1888 878 1928 heredes
897 1889 973 1927 77707
991 1900 1117 1940 supra
1138 1889 1280 1940 scripti
1301 1888 1457 1929 lancem
1480 1900 1640 1930 auream
1656 1900 1783 1929 meam

184 1947 394 1987 maximam
426 1959 529 1998 077αο
562 1951 620 1987 est
651 1951 690 1986 et
718 1947 1002 1987 Diadumenum
1046 1946 1334 1987 eubicularimn
1366 1978 1510 1988 ......
1544 1952 1581 1987 et
1612 1946 1782 2000 Stepha-

186 2017 278 2045 num
312 2004 611 2058 dropacatorem
641 2035 794 2045 ......
837 2018 945 2045 orem
989 2009 1028 2044 et
1068 2005 1253 2045 Faustum
1295 2010 1472 2046 sutorem
1504 2011 1544 2046 et
1574 2036 1714 2047 ......
1749 2010 1785 2045 et

180 2064 307 2115 paria
339 2064 542 2113 mularum,
576 2075 678 2115 quae
712 2063 902 2116 elegerit,
944 2076 1030 2104 cum
1063 2063 1275 2103 carruchis
1307 2069 1344 2103 et
1381 2064 1624 2104 777777707770773
1660 2064 1783 2104 danto

183 2122 395 2173 Septumae
425 2126 662 2161 materterae
692 2134 803 2161 meae
831 2122 1113 2174 pientissimae.
1159 2121 1242 2162 lloc
1274 2122 1438 2175 amplius
1477 2122 1783 2175 Epaphroditum

184 2211 332 2220 ......
366 2184 446 2220 tum
490 2179 705 2230 medicum,
748 2180 1146 2233 liilocyi·iiun......
1190 2181 1308 2232 3707777
1347 2193 1436 2220 mea
1475 2192 1599 2221 aurea
1641 2186 1681 2221 et
1711 2192 1782 2220 ar-

183 2243 329 2291 gentea
361 2239 489 2278 omnia
522 2243 560 2278 et
592 2238 780 2290 7703077703
810 2244 1023 2291 (7700771003
1054 2238 1178 2278 eidem
1203 2241 1410 2290 Septumae
1430 2244 1669 2280 materterae
1690 2239 1783 2279 dari

184 2296 277 2336 volo
310 2301 346 2336 et
374 2309 475 2349 7-0οο
503 2297 692 2348 pietatem
726 2301 844 2348 tuam,
887 2302 929 2337 ut
960 2309 1076 2337 eures
1116 2297 1153 2336 in
1186 2297 1347 2349 publica
1379 2310 1448 2337 eas
1479 2299 1643 2350 porticu
1667 2299 1781 2350 poni,

186 2367 305 2407 quam
338 2353 550 2394 Cordubae
575 2355 709 2394 exa-m·
731 2356 844 2402 iussi,
875 2355 1094 2407 siyilliarz'a
1123 2367 1233 2403 vere,
1267 2368 1367 2407 quae
1399 2357 1541 2408 ubique
1572 2356 1712 2407 habeo,
1743 2357 1782 2396 in

185 2413 333 2453 amicos
362 2413 627 2465 fidelissimos,
660 2426 760 2465 07703
790 2413 913 2463 voles,
946 2414 1144 2466 conferas.
1185 2413 1273 2453 Hoc
1304 2415 1527 2466 amplius..
1547 2445 1555 2454 .
1575 2446 1583 2455 .
1617 2414 1781 2468 dispen-

186 2476 372 2522 satorem,
403 2472 617 2511 rationibus
636 2502 786 2511 ......
821 2485 882 2511 em
915 2477 953 2510 et
977 2471 1200 2525 Eutychen,
1222 2469 1458 2526 cubicut(0)
1485 2473 1626 2514 maiori
1651 2485 1781 2525 prae-

181 2530 368 2582 positum,
387 2561 395 2569 .
415 2560 423 2568 .
443 2561 480 2569 ..
513 2530 606 2568 stari
636 2530 729 2570 volo
760 2535 996 2570 materterae
1025 2530 1233 2582 Septumae
1256 2531 1518 2572 Secundinae.
1572 2531 1660 2571 Hoc
1689 2543 1780 2571 am-

183 2589 305 2640 plius,
335 2592 574 2627 martertera
604 2588 854 2638 carrissima,
887 2589 1117 2628 commendo
1139 2589 1209 2628 7707
1362 2588 1538 2640 Erotem,
1567 2590 1780 2630 Menecra-

186 2651 265 2685 tem
297 2649 336 2686 et
366 2645 724 2686 Paederote777....
767 2652 802 2686 et
831 2660 931 2699 7000
958 2648 1145 2699 pietatem
1176 2652 1304 2696 tuam,
1345 2652 1388 2687 ut
1416 2649 1459 2687 777
1490 2647 1626 2688 eodem
1657 2660 1780 2701 opere

187 2703 273 2744 illos
303 2703 450 2744 habeas
492 2704 618 2744 donec
661 2705 792 2744 vivent
818 2736 969 2745 ......
1010 2706 1201 2757 quoniam
1242 2704 1348 2746 nullo
1390 2707 1531 2746 merito
1572 2717 1662 2747 meo
1702 2711 1779 2746 tam

187 2760 422 2802 valde
463 2762 552 2803 Hoc
592 2763 765 2814 amplius
906 2795 914 2803 .
956 2764 1108 2816 reliana
1140 2765 1349 2817 Septumae
1392 2769 1628 2805 materterae
1669 2776 1780 2804 meae

188 2821 430 2871 commendo,
448 2852 456 2860 .
474 2852 483 2860 .
502 2853 512 2861 .
531 2852 540 2861 .
572 2821 689 2861 rebus
711 2822 807 2862 meis
836 2821 983 2872 habuit,
1015 2822 1185 2874 fideique
1206 2823 1289 2863 cius
1319 2822 1352 2862 N
1356 2853 1536 2862 .......
1568 2822 1657 2863 Ηο0
1685 2834 1777 2863 am-

189 2877 288 2930 plius
320 2877 531 2932 Septumae
552 2883 788 2921 materterae
820 2891 931 2920 meae
963 2911 1110 2921 ......
1144 2892 1369 2932 cursorem,
1401 2879 1631 2933 Encolpium
1662 2885 1778 2922 acto-

188 2946 286 2989 rem,
318 2968 353 2977 ..
