1918 3313
186 175 244 220 ⁸72
558 172 660 206 Inscr.
686 179 814 206 sacrae.
861 168 943 216 Cap.
969 170 1026 206 111.
1074 170 1174 205 Tituli
1198 171 1414 215 sepulcrales.

187 281 338 324 rinthus
368 280 527 320 Liberto
557 276 764 318 karissimo
795 280 835 317 et
864 275 1088 319 fidelissimo
1110 277 1211 318 bene
1232 277 1395 318 merenti
1416 276 1519 318 fecit.
1551 299 1607 308 --
1637 281 1780 318 Romae.

189 343 287 380 Grut.
319 340 484 387 957,11.

330 417 422 453 528.
481 409 712 451 Volumnius
742 409 791 450 A.
822 410 862 451 F.
895 410 1054 452 Violens
1087 409 1232 451 Cafatia
1273 415 1398 451 natus.
1440 434 1495 441 -
1533 415 1653 451 Perus.
1684 415 1782 451 Ver-

189 475 338 523 miglioli
368 475 395 511 Il
426 471 591 520 sepulcro
634 470 691 507 dei
732 471 886 508 Volunni
928 476 1097 520 scoperto
1145 471 1266 508 1840.
1306 471 1456 519 Perugia
1498 471 1617 509 1840.
1658 472 1782 510 Bullet.

191 534 399 578 archeolog,
437 528 555 566 1841.
587 541 621 576 p.
658 528 721 565 13.

331 607 422 643 529.
481 602 526 642 D.
558 601 608 642 M.
643 601 699 641 Ti.
732 601 785 642 Cl.
827 602 1008 644 Zosimus
1051 607 1091 643 et
1121 603 1265 643 Plautia
1307 603 1461 643 Zosime
1501 603 1579 643 vivi
1616 604 1688 644 sibi
1718 603 1784 644 fe-

192 667 330 705 cerunt
360 662 520 712 suisque
552 659 700 700 libertis
733 660 1023 714 libertabusque
1053 662 1304 713 posterisque
1336 673 1484 701 eorum.
1534 661 1593 701 Ne
1625 662 1674 701 de
1705 674 1786 702 no-

191 723 295 762 mine
327 721 430 762 exiat
461 721 688 758 nostrorum
720 719 822 770 aria,
866 720 1034 759 maceria
1066 720 1190 759 cincta
1224 721 1342 760 circu.
1377 725 1667 760 monumentum
1699 733 1786 760 cum

192 791 307 821 omne
339 779 423 818 iure
455 788 528 816 suo
562 788 675 828 quam
709 775 903 816 fecerunt.
951 777 1065 825 Quod
1096 778 1196 828 siqui
1227 777 1387 817 ultimus
1421 790 1472 816 ex
1510 779 1667 819 nomine
1706 791 1786 819 no-

192 844 361 880 strorum
393 838 724 887 posterorumque
757 846 893 874 eorum
918 835 1090 875 alienare
1113 835 1294 884 boluerit,
1326 835 1486 876 damnas
1509 841 1593 877 esto
1617 836 1787 891 collegio

192 894 534 943 iumentariorum‚
567 893 632 944 qui
664 897 725 932 est
756 893 792 932 in
825 892 980 933 Cisiaris
1013 893 1225 933 Tiburtinis
1257 893 1458 943 Herculis,
1488 893 1548 934 HS
1581 894 1624 933 L.
1656 894 1706 934 Μ.
1739 895 1787 934 Ν.

191 954 365 994 Viximus
397 962 544 1000 annos,
577 955 619 990 ut
650 956 768 1004 puto,
812 951 898 991 sine
930 952 1158 1003 cuiusquam
1191 950 1379 991 fraudem.
1427 952 1466 991 In
1499 951 1546 990 fr.
1579 951 1618 991 P.
1650 952 1787 993 XXVI.

192 1012 231 1052 in
262 1023 322 1063 ag.
354 1010 394 1050 P.
427 1008 601 1049 XXXVI.
664 1008 724 1049 Ab
757 1008 832 1049 boc
863 1013 1118 1049 monumento
1152 1008 1262 1049 dolus
1295 1010 1417 1049 malus
1450 1009 1600 1050 abesto.
1648 1010 1703 1050 Ti.
1736 1009 1788 1050 Cl.

193 1068 372 1111 Andreas
404 1067 662 1108 consumavit.
694 1089 749 1094 —
780 1070 923 1106 Romae.
956 1070 1094 1105 Fabret.
1129 1068 1197 1114 91,
1233 1069 1324 1106 179.

333 1146 427 1183 530.
486 1143 546 1183 Ne
578 1144 741 1196 tangito.
776 1143 808 1184 O
850 1142 1024 1184 mortalis
1051 1154 1241 1183 reverere
1263 1143 1398 1184 Manes
1423 1142 1532 1184 deos.
1565 1166 1620 1173 -—
1650 1146 1790 1184 Fabret.

192 1218 228 1254 p.
259 1204 327 1243 21.
375 1205 484 1241 More.
517 1204 567 1240 St.
601 1204 750 1240 CCXXI.

333 1279 426 1316 531.
488 1277 673 1329 Quisquis
706 1276 780 1317 hoc
811 1276 1015 1317 sustulerit
1045 1281 1111 1316 aut
1143 1276 1300 1316 laeserit
1333 1277 1488 1318 ultimus
1517 1289 1678 1319 suorum
1701 1290 1792 1318 mo-

193 1337 328 1378 riatur.
360 1359 415 1364 —-
447 1338 591 1375 Romae.
622 1337 760 1374 Reines.
796 1336 927 1383 1000,
959 1336 1055 1373 441.
1102 1337 1196 1374 Orel.
1227 1337 1351 1374 4790.

492 1493 528 1532 §-
559 1488 595 1526 2.
654 1489 893 1525 Feminarum
925 1489 1174 1536 ingenuarum
1209 1493 1242 1525 et
1273 1487 1500 1525 liber-tarum.

836 1601 1154 1645 Ingenuarum.

339 1698 434 1736 532.
495 1694 542 1736 D.
575 1695 625 1736 M.
657 1694 798 1736 Acutia
832 1695 964 1749 Tyche
1001 1694 1094 1735 Iulia
1125 1694 1270 1736 Arche.
1304 1695 1390 1735 Vix.
1425 1695 1470 1736 A.
1501 1694 1656 1736 XXIIX.
1690 1701 1729 1736 et
1758 1697 1796 1737 in

201 1767 250 1796 eo
282 1767 385 1795 mon.
418 1755 485 1805 itu,
519 1759 591 1794 act.
626 1754 724 1794 amb.
758 1753 862 1794 iniat.
895 1758 1008 1794 mort.
1041 1759 1155 1794 mort.
1189 1754 1359 1804 inferre,
1398 1766 1534 1795 coron.
1567 1754 1695 1795 sacrif.
1728 1768 1797 1795 sa-

200 1812 283 1855 crif.
316 1812 389 1853 fac.
424 1813 459 1852 ei
491 1811 536 1852 A.
569 1812 615 1860 Q.
649 1824 705 1852 er.
737 1811 806 1852 ΡΡ.
836 1812 882 1851 R.
915 1811 958 1851 L.
980 1809 1014 1865 ¹]
1063 1812 1183 1852 Filiae
1224 1813 1501 1864 pientissimae.
1548 1811 1588 1853 ln
1630 1813 1671 1853 F.
1703 1813 1741 1853 P.
1755 1811 1795 1867 2)

200 1870 277 1913 Vll.
309 1871 347 1911 in
378 1870 425 1911 A.
457 1871 496 1911 P.
513 1867 553 1925 3)
586 1870 647 1910 VI.
681 1893 735 1898 ——
768 1873 909 1909 Romae.
941 1873 1080 1909 Fabret.
1111 1885 1144 1920 p.
1179 1873 1216 1918 7,
1248 1872 1313 1908 29.

343 1948 436 1986 533.
497 1945 645 1986 Aciliae
679 1945 719 1986 C.
751 1945 791 1986 F.
822 1945 994 1998 Lepidae
1026 1949 1063 1984 et
1095 1944 1136 1985 C.
1169 1945 1333 1986 Aurelio
1357 1945 1398 1985 C.
1422 1945 1460 1986 F.
1485 1942 1637 1999 Arn.⁴)
1663 1946 1798 1986 Prisco

202 2003 242 2045 C.
275 2003 459 2045 Aurelius
493 2005 691 2045 Crescens
722 2003 764 2043 L.
797 2009 962 2056 patrono
1005 2003 1108 2042 bene
1146 2004 1312 2043 merenti
1353 2004 1445 2044 fecit
1488 2009 1527 2044 et
1569 2016 1707 2045 eorum
1749 2004 1799 2044 li-

203 2063 325 2103 bertis
366 2063 582 2102 libertabus
623 2062 833 2114 posterisq.
875 2074 1014 2103 eorum
1055 2061 1098 2101 H.
1143 2061 1194 2101 M.
1235 2061 1279 2101 D.
1321 2062 1371 2102 M.
1405 2061 1500 2102 etl.
1534 2062 1575 2102 C.
1607 2061 1654 2102 A.
1672 2059 1711 2116 ⁵)
1743 2085 1799 2092 —-

204 2124 347 2160 Romae.
379 2124 500 2160 Marini
531 2123 606 2159 Atti
637 2124 678 2160 ll.
713 2123 808 2159 556.

345 2198 438 2235 534.
499 2195 633 2236 Aeliae
665 2196 896 2244 Restitutae,
928 2195 1078 2235 animae
1110 2195 1371 2244 dulcissimae,
1402 2195 1572 2235 Bellator
1603 2194 1707 2247 Aug.
1734 2196 1797 2236 lib.

206 2254 364 2308 coniugi
401 2253 627 2294 karissimae
662 2255 765 2294 bene
798 2258 960 2294 merent.
1013 2253 1160 2304 Amici,
1204 2253 1292 2293 dum
1324 2254 1491 2294 vivimus
1524 2255 1711 2294 vivamus.
1743 2276 1798 2283 —

205 2315 382 2352 Narbone.
414 2314 511 2351 Grut.
546 2315 687 2360 609‚3.
733 2315 827 2352 Orel.
862 2314 984 2350 4807.

348 2390 441 2426 535.
502 2387 546 2427 D.
577 2388 626 2428 M.
659 2388 696 2429 S.
729 2387 814 2428 Ael.
848 2388 998 2441 Regine
1041 2386 1266 2426 dulcissime
1307 2398 1457 2426 summe
1496 2386 1730 2440 integritatis
1762 2391 1801 2427 et

207 2446 392 2488 castitatis
423 2445 613 2498 exempli,
660 2458 738 2497 que
781 2447 879 2487 vixit
919 2457 1068 2486 mecum
1112 2456 1199 2483 ann.
1232 2444 1289 2484 III.
1323 2456 1446 2484 mens.
1479 2444 1554 2485 VII.
1588 2445 1671 2485 dies
1702 2444 1798 2485 XIII.

208 2506 414 2558 Septimius
447 2503 651 2544 Callinicus
685 2505 845 2558 coniugi
877 2504 1075 2544 carissime
1108 2502 1209 2542 benc
1240 2504 1406 2541 merenti
1434 2501 1537 2542 fecit.
1570 2525 1625 2530 —-
1657 2506 1798 2543 Romae.

209 2566 346 2602 Fabret.
377 2577 411 2613 p.
446 2564 540 2601 252.

351 2640 443 2677 536.
503 2637 548 2677 D.
572 2636 622 2677 M.
643 2635 835 2678 Aemiliae
858 2638 982 2689 Irene,
1011 2648 1110 2689 quae
1141 2635 1237 2675 vixit
1269 2648 1355 2675 ann.
1381 2635 1515 2677 XXVI.
1540 2635 1679 2677 diebus
1700 2636 1798 2678 XIV.

354 2800 390 2844 1)
417 2808 450 2835 et
473 2803 507 2835 in
532 2812 573 2835 eo
599 2807 815 2835 monumento
842 2804 909 2843 itu,
934 2806 1021 2841 actu,
1047 2799 1184 2840 ambitu,
1211 2799 1330 2832 inlatos
1357 2805 1504 2833 mortuos
1530 2805 1721 2832 mortuasve
1747 2799 1800 2831 in-

212 2847 316 2890 ferre,
343 2858 519 2891 coronare,
545 2849 745 2889 sacrificare,
771 2849 967 2882 sacrificium
994 2848 1105 2880 facere
1130 2847 1161 2879 ei
1187 2851 1242 2878 aut
1268 2847 1321 2890 qui
1349 2851 1445 2879 erunt
1470 2847 1611 2886 proximi
1637 2851 1728 2878 recte
1755 2845 1800 2877 li-

213 2899 289 2928 ceat
327 2911 366 2918 -—-
393 2894 430 2937 2)
457 2896 488 2928 in
514 2895 623 2929 fronte
648 2895 763 2938 pedeS.
792 2913 823 2917 —
857 2894 896 2938 3)
922 2905 1004 2938 agro
1029 2893 1143 2938 pedes.
1171 2909 1211 2915 —-
1239 2890 1277 2934 4)
1304 2892 1456 2925 Arniensi
1476 2892 1571 2925 tribu.
1601 2909 1640 2914 —
1669 2891 1706 2933 5)
1729 2891 1800 2924 Hoc

215 2946 428 2975 monumento
453 2942 547 2976 dolus
572 2941 678 2976 malus
704 2947 737 2975 et
761 2941 839 2975 iuris
865 2941 1035 2975 consultus
1060 2938 1150 2982 (veh
1178 2940 1226 2972 ius
1251 2936 1368 2980 civile)
1395 2938 1521 2972 abesto.
