<?xml version="1.0" encoding="UTF-8"?>
<!DOCTYPE html PUBLIC "-//W3C//DTD XHTML 1.0 Transitional//EN"
    "http://www.w3.org/TR/xhtml1/DTD/xhtml1-transitional.dtd">
<html xmlns="http://www.w3.org/1999/xhtml" xml:lang="en" lang="en">
 <head>
  <title>
</title>
<meta http-equiv="Content-Type" content="text/html;charset=utf-8" />
  <meta name='ocr-system' content='tesseract 3.04.00' />
  <meta name='ocr-capabilities' content='ocr_page ocr_carea ocr_par ocr_line ocrx_word'/>
</head>
<body>
  <div class='ocr_page' id='page_1' title='image "./handbuchderrmi0103zelluoft_0288.png"; bbox 0 0 1877 3313; ppageno 0'>
   <div class='ocr_carea' id='block_1_1' title="bbox 236 199 1374 246">
    <p class='ocr_par' dir='ltr' id='par_1_1' title="bbox 236 199 1374 246">
     <span class='ocr_line' id='line_1_1' title="bbox 236 199 1374 246; baseline -0.003 -9"><span class='ocrx_word' id='word_1_1' title='bbox 236 203 319 243; x_wconf 81' lang='grc'>268</span> <span class='ocrx_word' id='word_1_2' title='bbox 676 202 777 236; x_wconf 86' lang='lat' dir='ltr'>lnscr.</span> <span class='ocrx_word' id='word_1_3' title='bbox 802 201 975 246; x_wconf 79' lang='lat' dir='ltr'>profanae.</span> <span class='ocrx_word' id='word_1_4' title='bbox 1024 200 1105 245; x_wconf 82' lang='lat' dir='ltr'>Cap.</span> <span class='ocrx_word' id='word_1_5' title='bbox 1131 199 1170 235; x_wconf 95' lang='lat' dir='ltr'>ll.</span> <span class='ocrx_word' id='word_1_6' title='bbox 1218 201 1374 236; x_wconf 76' lang='lat' dir='ltr'>Tabulae.</span> 
     </span>
    </p>
   </div>
   <div class='ocr_carea' id='block_1_2' title="bbox 233 305 1811 404">
    <p class='ocr_par' dir='ltr' id='par_1_2' title="bbox 233 305 1811 404">
     <span class='ocr_line' id='line_1_2' title="bbox 233 305 1811 404; baseline 0.003 -58"><span class='ocrx_word' id='word_1_7' title='bbox 233 307 324 358; x_wconf 85' lang='lat' dir='ltr'>quoi</span> <span class='ocrx_word' id='word_1_8' title='bbox 341 318 377 404; x_wconf 87' lang='lat' dir='ltr'>de</span> <span class='ocrx_word' id='word_1_9' title='bbox 407 305 495 346; x_wconf 89' lang='lat' dir='ltr'>lece</span> <span class='ocrx_word' id='word_1_10' title='bbox 526 305 731 347; x_wconf 83' lang='lat' dir='ltr'>locationis</span> <span class='ocrx_word' id='word_1_11' title='bbox 761 305 843 347; x_wconf 87' lang='lat' dir='ltr'>dari</span> <span class='ocrx_word' id='word_1_12' title='bbox 882 306 1099 360; x_wconf 77' lang='lat' dir='ltr'>oportebit,</span> <span class='ocrx_word' id='word_1_13' title='bbox 1131 305 1344 347; x_wconf 88' lang='lat' dir='ltr'>beredeive</span> <span class='ocrx_word' id='word_1_14' title='bbox 1375 307 1459 348; x_wconf 89' lang='lat' dir='ltr'>eius</span> <span class='ocrx_word' id='word_1_15' title='bbox 1490 305 1651 349; x_wconf 89' lang='lat' dir='ltr'>dandam</span> <span class='ocrx_word' id='word_1_16' title='bbox 1685 307 1811 350; x_wconf 85' lang='lat' dir='ltr'>adtri-</span> 
     </span>
     <span class='ocr_line' id='line_1_3' title="bbox 234 365 604 404; baseline -0.003 0"><span class='ocrx_word' id='word_1_17' title='bbox 234 365 336 404; x_wconf 88' lang='lat' dir='ltr'>buen</span> <span class='ocrx_word' id='word_1_18' title='bbox 367 376 426 404; x_wconf 90' lang='lat' dir='ltr'>am</span> <span class='ocrx_word' id='word_1_19' title='bbox 457 368 604 404; x_wconf 88' lang='lat' dir='ltr'>curato.</span> 
     </span>
    </p>
   </div>
   <div class='ocr_carea' id='block_1_3' title="bbox 233 431 1813 603">
    <p class='ocr_par' dir='ltr' id='par_1_3' title="bbox 233 431 1813 603">
     <span class='ocr_line' id='line_1_4' title="bbox 372 431 1810 488; baseline 0.002 -15"><span class='ocrx_word' id='word_1_20' title='bbox 372 433 584 481; x_wconf 86' lang='lat' dir='ltr'>Ouominus</span> <span class='ocrx_word' id='word_1_21' title='bbox 627 431 713 473; x_wconf 88' lang='lat' dir='ltr'>aed.</span> <span class='ocrx_word' id='word_1_22' title='bbox 756 438 794 474; x_wconf 85' lang='lat' dir='ltr'>et</span> <span class='ocrx_word' id='word_1_23' title='bbox 823 432 966 474; x_wconf 87' lang='lat' dir='ltr'>llllvir.</span> <span class='ocrx_word' id='word_1_24' title='bbox 1009 434 1104 473; x_wconf 78' lang='lat' dir='ltr'>vieis</span> <span class='ocrx_word' id='word_1_25' title='bbox 1143 435 1180 473; x_wconf 88' lang='lat' dir='ltr'>in</span> <span class='ocrx_word' id='word_1_26' title='bbox 1221 434 1356 474; x_wconf 88' lang='lat' dir='ltr'>urbem</span> <span class='ocrx_word' id='word_1_27' title='bbox 1398 434 1660 488; x_wconf 87' lang='lat' dir='ltr'>purgandeis,</span> <span class='ocrx_word' id='word_1_28' title='bbox 1698 434 1810 476; x_wconf 82' lang='lat' dir='ltr'>IIvir.</span> 
     </span>
     <span class='ocr_line' id='line_1_5' title="bbox 233 491 1813 545; baseline 0.002 -16"><span class='ocrx_word' id='word_1_29' title='bbox 233 491 329 531; x_wconf 81' lang='lat' dir='ltr'>vicis</span> <span class='ocrx_word' id='word_1_30' title='bbox 361 495 471 531; x_wconf 81' lang='lat' dir='ltr'>extra</span> <span class='ocrx_word' id='word_1_31' title='bbox 502 491 713 544; x_wconf 88' lang='lat' dir='ltr'>propiusve</span> <span class='ocrx_word' id='word_1_32' title='bbox 743 491 878 532; x_wconf 89' lang='lat' dir='ltr'>urbem</span> <span class='ocrx_word' id='word_1_33' title='bbox 900 492 1059 532; x_wconf 82' lang='lat' dir='ltr'>Romam</span> <span class='ocrx_word' id='word_1_34' title='bbox 1083 504 1220 544; x_wconf 90' lang='lat' dir='ltr'>passus</span> <span class='ocrx_word' id='word_1_35' title='bbox 1241 493 1494 545; x_wconf 78' lang='lat' dir='ltr'>purgansleis,</span> <span class='ocrx_word' id='word_1_36' title='bbox 1525 493 1813 545; x_wconf 84' lang='lat' dir='ltr'>queiquomque</span> 
     </span>
     <span class='ocr_line' id='line_1_6' title="bbox 233 549 1812 603; baseline 0.001 -14"><span class='ocrx_word' id='word_1_37' title='bbox 233 554 370 600; x_wconf 82' lang='lat' dir='ltr'>crunt,</span> <span class='ocrx_word' id='word_1_38' title='bbox 414 549 495 589; x_wconf 82' lang='lat' dir='ltr'>vias</span> <span class='ocrx_word' id='word_1_39' title='bbox 526 549 698 601; x_wconf 87' lang='lat' dir='ltr'>publicas</span> <span class='ocrx_word' id='word_1_40' title='bbox 729 549 952 602; x_wconf 84' lang='lat' dir='ltr'>purgandas</span> <span class='ocrx_word' id='word_1_41' title='bbox 985 555 1147 599; x_wconf 85' lang='lat' dir='ltr'>curent,</span> <span class='ocrx_word' id='word_1_42' title='bbox 1184 550 1347 602; x_wconf 84' lang='lat' dir='ltr'>eiusque</span> <span class='ocrx_word' id='word_1_43' title='bbox 1387 550 1445 589; x_wconf 89' lang='lat' dir='ltr'>rei</span> <span class='ocrx_word' id='word_1_44' title='bbox 1475 554 1708 603; x_wconf 88' lang='lat' dir='ltr'>potestatem</span> <span class='ocrx_word' id='word_1_45' title='bbox 1739 551 1812 590; x_wconf 89' lang='lat' dir='ltr'>ba-</span> 
     </span>
    </p>
   </div>
   <div class='ocr_carea' id='block_1_4' title="bbox 232 604 1814 704">
    <p class='ocr_par' dir='ltr' id='par_1_4' title="bbox 232 604 1814 704">
     <span class='ocr_line' id='line_1_7' title="bbox 232 604 1814 704; baseline 0.001 -58"><span class='ocrx_word' id='word_1_46' title='bbox 232 606 372 704; x_wconf 60' lang='lat' dir='ltr'>pealnt,</span> <span class='ocrx_word' id='word_1_47' title='bbox 404 607 455 647; x_wconf 90' lang='lat' dir='ltr'>ita</span> <span class='ocrx_word' id='word_1_48' title='bbox 486 607 565 647; x_wconf 83' lang='lat' dir='ltr'>utei</span> <span class='ocrx_word' id='word_1_49' title='bbox 596 606 749 660; x_wconf 80' lang='lat' dir='ltr'>legibus</span> <span class='ocrx_word' id='word_1_50' title='bbox 781 607 829 660; x_wconf 91' lang='lat' dir='ltr'>pl.</span> <span class='ocrx_word' id='word_1_51' title='bbox 863 619 911 646; x_wconf 87' lang='lat' dir='ltr'>vc</span> <span class='ocrx_word' id='word_1_52' title='bbox 941 619 995 647; x_wconf 92' lang='lat' dir='ltr'>sc.</span> <span class='ocrx_word' id='word_1_53' title='bbox 1028 620 1059 647; x_wconf 90' lang='lat' dir='ltr'>s.</span> <span class='ocrx_word' id='word_1_54' title='bbox 1094 604 1185 661; x_wconf 85' lang='lat' dir='ltr'>[ve]</span> <span class='ocrx_word' id='word_1_55' title='bbox 1220 619 1252 646; x_wconf 90' lang='lat' dir='ltr'>c.</span> <span class='ocrx_word' id='word_1_56' title='bbox 1287 612 1443 659; x_wconf 76' lang='lat' dir='ltr'>oportet</span> <span class='ocrx_word' id='word_1_57' title='bbox 1474 608 1687 659; x_wconf 80' lang='lat' dir='ltr'>oportebit,</span> <span class='ocrx_word' id='word_1_58' title='bbox 1724 620 1814 648; x_wconf 79' lang='lat' dir='ltr'>euin</span> 
     </span>
     <span class='ocr_line' id='line_1_8' title="bbox 244 677 456 704; baseline 0 -1"><span class='ocrx_word' id='word_1_59' title='bbox 244 677 268 704; x_wconf 79' lang='lat' dir='ltr'>i.</span> <span class='ocrx_word' id='word_1_60' title='bbox 317 696 324 703; x_wconf 92' lang='lat'><strong>.</strong></span> <span class='ocrx_word' id='word_1_61' title='bbox 358 677 392 704; x_wconf 90' lang='lat' dir='ltr'>n.</span> <span class='ocrx_word' id='word_1_62' title='bbox 426 677 456 703; x_wconf 87' lang='lat' dir='ltr'>r.</span> 
     </span>
    </p>
   </div>
   <div class='ocr_carea' id='block_1_5' title="bbox 234 733 1816 1030">
    <p class='ocr_par' dir='ltr' id='par_1_5' title="bbox 234 733 1816 960">
     <span class='ocr_line' id='line_1_9' title="bbox 372 733 1815 786; baseline 0 -12"><span class='ocrx_word' id='word_1_63' title='bbox 372 733 520 781; x_wconf 84' lang='lat' dir='ltr'>Quoius</span> <span class='ocrx_word' id='word_1_64' title='bbox 563 739 652 774; x_wconf 86' lang='lat' dir='ltr'>ante</span> <span class='ocrx_word' id='word_1_65' title='bbox 694 733 907 775; x_wconf 79' lang='lat' dir='ltr'>aediticium</span> <span class='ocrx_word' id='word_1_66' title='bbox 947 735 1082 774; x_wconf 85' lang='lat' dir='ltr'>semita</span> <span class='ocrx_word' id='word_1_67' title='bbox 1115 735 1152 774; x_wconf 89' lang='lat' dir='ltr'>in</span> <span class='ocrx_word' id='word_1_68' title='bbox 1184 734 1271 775; x_wconf 91' lang='lat' dir='ltr'>loco</span> <span class='ocrx_word' id='word_1_69' title='bbox 1304 734 1397 784; x_wconf 84' lang='lat' dir='ltr'>erit,</span> <span class='ocrx_word' id='word_1_70' title='bbox 1438 736 1470 775; x_wconf 87' lang='lat' dir='ltr'>is</span> <span class='ocrx_word' id='word_1_71' title='bbox 1503 747 1588 775; x_wconf 84' lang='lat' dir='ltr'>eam</span> <span class='ocrx_word' id='word_1_72' title='bbox 1626 735 1815 786; x_wconf 79' lang='lat' dir='ltr'>semitam,</span> 
     </span>
     <span class='ocr_line' id='line_1_10' title="bbox 237 791 1816 845; baseline 0.001 -14"><span class='ocrx_word' id='word_1_73' title='bbox 237 805 285 832; x_wconf 86' lang='lat' dir='ltr'>eo</span> <span class='ocrx_word' id='word_1_74' title='bbox 317 791 494 832; x_wconf 86' lang='lat' dir='ltr'>aedificio</span> <span class='ocrx_word' id='word_1_75' title='bbox 522 797 715 845; x_wconf 84' lang='lat' dir='ltr'>perpetuo</span> <span class='ocrx_word' id='word_1_76' title='bbox 737 792 926 845; x_wconf 78' lang='lat' dir='ltr'>lapidibus</span> <span class='ocrx_word' id='word_1_77' title='bbox 949 793 1174 845; x_wconf 86' lang='lat' dir='ltr'>perpetueis</span> <span class='ocrx_word' id='word_1_78' title='bbox 1196 793 1384 845; x_wconf 85' lang='lat' dir='ltr'>integreis</span> <span class='ocrx_word' id='word_1_79' title='bbox 1407 793 1685 843; x_wconf 87' lang='lat' dir='ltr'>continentem,</span> <span class='ocrx_word' id='word_1_80' title='bbox 1715 804 1816 832; x_wconf 90' lang='lat' dir='ltr'>con-</span> 
     </span>
     <span class='ocr_line' id='line_1_11' title="bbox 236 849 1814 903; baseline 0.001 -14"><span class='ocrx_word' id='word_1_81' title='bbox 236 854 393 890; x_wconf 77' lang='lat' dir='ltr'>stratam</span> <span class='ocrx_word' id='word_1_82' title='bbox 426 854 534 890; x_wconf 88' lang='lat' dir='ltr'>recte</span> <span class='ocrx_word' id='word_1_83' title='bbox 566 850 730 899; x_wconf 81' lang='lat' dir='ltr'>habeto,</span> <span class='ocrx_word' id='word_1_84' title='bbox 773 850 958 890; x_wconf 87' lang='lat' dir='ltr'>arbitratu</span> <span class='ocrx_word' id='word_1_85' title='bbox 990 851 1075 890; x_wconf 92' lang='lat' dir='ltr'>eius</span> <span class='ocrx_word' id='word_1_86' title='bbox 1106 850 1213 900; x_wconf 58' lang='lat' dir='ltr'>aed„</span> <span class='ocrx_word' id='word_1_87' title='bbox 1255 851 1394 902; x_wconf 81' lang='lat' dir='ltr'>quoius</span> <span class='ocrx_word' id='word_1_88' title='bbox 1425 851 1462 890; x_wconf 91' lang='lat' dir='ltr'>in</span> <span class='ocrx_word' id='word_1_89' title='bbox 1495 862 1541 890; x_wconf 89' lang='lat' dir='ltr'>ea</span> <span class='ocrx_word' id='word_1_90' title='bbox 1577 855 1687 903; x_wconf 86' lang='lat' dir='ltr'>parte</span> <span class='ocrx_word' id='word_1_91' title='bbox 1723 849 1758 890; x_wconf 87' lang='lat' dir='ltr'>h.</span> <span class='ocrx_word' id='word_1_92' title='bbox 1792 850 1814 890; x_wconf 95' lang='lat' dir='ltr'>l.</span> 
     </span>
     <span class='ocr_line' id='line_1_12' title="bbox 234 909 762 960; baseline 0 -12"><span class='ocrx_word' id='word_1_93' title='bbox 234 909 383 948; x_wconf 64' lang='lat' dir='ltr'>viarum</span> <span class='ocrx_word' id='word_1_94' title='bbox 415 912 647 960; x_wconf 84' lang='lat' dir='ltr'>procurator</span> <span class='ocrx_word' id='word_1_95' title='bbox 679 909 762 948; x_wconf 86' lang='lat' dir='ltr'>crit.</span> 
     </span>
    </p>

    <p class='ocr_par' dir='ltr' id='par_1_6' title="bbox 919 977 1128 1030">
     <span class='ocr_line' id='line_1_13' title="bbox 919 977 1128 1030; baseline 0 -13"><span class='ocrx_word' id='word_1_96' title='bbox 919 977 1040 1030; x_wconf 85' lang='lat' dir='ltr'>Caput</span> <span class='ocrx_word' id='word_1_97' title='bbox 1071 977 1128 1017; x_wconf 85' lang='grc' dir='ltr'>ΙΙΙ.</span> 
     </span>
    </p>
   </div>
   <div class='ocr_carea' id='block_1_6' title="bbox 232 1046 1818 1504">
    <p class='ocr_par' dir='ltr' id='par_1_7' title="bbox 232 1046 1818 1504">
     <span class='ocr_line' id='line_1_14' title="bbox 373 1046 1817 1097; baseline -0.001 -9"><span class='ocrx_word' id='word_1_98' title='bbox 373 1051 483 1095; x_wconf 77' lang='lat' dir='ltr'>Quae</span> <span class='ocrx_word' id='word_1_99' title='bbox 516 1048 599 1087; x_wconf 83' lang='lat' dir='ltr'>viae</span> <span class='ocrx_word' id='word_1_100' title='bbox 634 1048 668 1086; x_wconf 85' lang='lat' dir='ltr'>in</span> <span class='ocrx_word' id='word_1_101' title='bbox 702 1059 735 1087; x_wconf 89' lang='lat' dir='ltr'>u.</span> <span class='ocrx_word' id='word_1_102' title='bbox 768 1047 811 1086; x_wconf 87' lang='lat' dir='ltr'>R.</span> <span class='ocrx_word' id='word_1_103' title='bbox 843 1050 953 1096; x_wconf 89' lang='lat' dir='ltr'>sunt,</span> <span class='ocrx_word' id='word_1_104' title='bbox 986 1051 1125 1095; x_wconf 87' lang='lat' dir='ltr'>erunt,</span> <span class='ocrx_word' id='word_1_105' title='bbox 1157 1047 1255 1086; x_wconf 87' lang='lat' dir='ltr'>intra</span> <span class='ocrx_word' id='word_1_106' title='bbox 1287 1058 1333 1086; x_wconf 86' lang='lat' dir='ltr'>ea</span> <span class='ocrx_word' id='word_1_107' title='bbox 1365 1046 1474 1097; x_wconf 86' lang='lat' dir='ltr'>loca,</span> <span class='ocrx_word' id='word_1_108' title='bbox 1505 1046 1570 1087; x_wconf 92' lang='lat' dir='ltr'>ubi</span> <span class='ocrx_word' id='word_1_109' title='bbox 1600 1046 1817 1089; x_wconf 80' lang='lat' dir='ltr'>continenti</span> 
     </span>
     <span class='ocr_line' id='line_1_15' title="bbox 233 1102 1815 1158; baseline -0.001 -13"><span class='ocrx_word' id='word_1_110' title='bbox 233 1105 511 1154; x_wconf 78' lang='lat' dir='ltr'>babetabetur,</span> <span class='ocrx_word' id='word_1_111' title='bbox 543 1106 680 1158; x_wconf 86' lang='lat' dir='ltr'>nequis</span> <span class='ocrx_word' id='word_1_112' title='bbox 713 1106 749 1144; x_wconf 80' lang='lat' dir='ltr'>iu</span> <span class='ocrx_word' id='word_1_113' title='bbox 781 1105 851 1144; x_wconf 88' lang='lat' dir='ltr'>ieis</span> <span class='ocrx_word' id='word_1_114' title='bbox 884 1105 980 1143; x_wconf 73' lang='lat' dir='ltr'>vieis</span> <span class='ocrx_word' id='word_1_115' title='bbox 1011 1108 1101 1157; x_wconf 87' lang='lat' dir='ltr'>post</span> <span class='ocrx_word' id='word_1_116' title='bbox 1131 1103 1168 1143; x_wconf 81' lang='lat' dir='ltr'>k.</span> <span class='ocrx_word' id='word_1_117' title='bbox 1200 1104 1346 1144; x_wconf 87' lang='lat' dir='ltr'>ianuar.</span> <span class='ocrx_word' id='word_1_118' title='bbox 1378 1106 1542 1157; x_wconf 81' lang='lat' dir='ltr'>primas,</span> <span class='ocrx_word' id='word_1_119' title='bbox 1574 1104 1759 1157; x_wconf 87' lang='lat' dir='ltr'>plostrum</span> <span class='ocrx_word' id='word_1_120' title='bbox 1778 1102 1815 1158; x_wconf 84' lang='lat'>¹]</span> 
     </span>
     <span class='ocr_line' id='line_1_16' title="bbox 233 1161 1816 1215; baseline -0.001 -12"><span class='ocrx_word' id='word_1_121' title='bbox 233 1163 399 1203; x_wconf 80' lang='lat' dir='ltr'>interdiu</span> <span class='ocrx_word' id='word_1_122' title='bbox 431 1167 518 1215; x_wconf 87' lang='lat' dir='ltr'>post</span> <span class='ocrx_word' id='word_1_123' title='bbox 549 1162 671 1202; x_wconf 88' lang='lat' dir='ltr'>solem</span> <span class='ocrx_word' id='word_1_124' title='bbox 705 1166 851 1211; x_wconf 80' lang='lat' dir='ltr'>ortum,</span> <span class='ocrx_word' id='word_1_125' title='bbox 894 1174 995 1201; x_wconf 81' lang='lat' dir='ltr'>neve</span> <span class='ocrx_word' id='word_1_126' title='bbox 1035 1166 1124 1201; x_wconf 86' lang='lat' dir='ltr'>ante</span> <span class='ocrx_word' id='word_1_127' title='bbox 1156 1161 1289 1201; x_wconf 87' lang='lat' dir='ltr'>horam</span> <span class='ocrx_word' id='word_1_128' title='bbox 1321 1162 1356 1201; x_wconf 86' lang='lat' dir='ltr'>X</span> <span class='ocrx_word' id='word_1_129' title='bbox 1388 1162 1486 1212; x_wconf 84' lang='lat' dir='ltr'>diei,</span> <span class='ocrx_word' id='word_1_130' title='bbox 1526 1161 1656 1202; x_wconf 86' lang='lat' dir='ltr'>ducito</span> <span class='ocrx_word' id='word_1_131' title='bbox 1696 1163 1816 1214; x_wconf 84' lang='lat' dir='ltr'>agito,</span> 
     </span>
     <span class='ocr_line' id='line_1_17' title="bbox 232 1219 1817 1272; baseline -0.001 -12"><span class='ocrx_word' id='word_1_132' title='bbox 232 1222 306 1261; x_wconf 82' lang='lat' dir='ltr'>nisi</span> <span class='ocrx_word' id='word_1_133' title='bbox 337 1221 442 1272; x_wconf 87' lang='lat' dir='ltr'>quod</span> <span class='ocrx_word' id='word_1_134' title='bbox 474 1219 625 1260; x_wconf 87' lang='lat' dir='ltr'>aedium</span> <span class='ocrx_word' id='word_1_135' title='bbox 658 1232 854 1260; x_wconf 79' lang='lat' dir='ltr'>sacrarum</span> <span class='ocrx_word' id='word_1_136' title='bbox 898 1219 1058 1259; x_wconf 84' lang='lat' dir='ltr'>deorum</span> <span class='ocrx_word' id='word_1_137' title='bbox 1098 1220 1358 1259; x_wconf 82' lang='lat' dir='ltr'>inmortalium</span> <span class='ocrx_word' id='word_1_138' title='bbox 1390 1232 1510 1260; x_wconf 85' lang='lat' dir='ltr'>causa</span> <span class='ocrx_word' id='word_1_139' title='bbox 1552 1219 1817 1260; x_wconf 80' lang='lat' dir='ltr'>aedificanda-</span> 
     </span>
     <span class='ocr_line' id='line_1_18' title="bbox 233 1276 1817 1331; baseline -0.002 -12"><span class='ocrx_word' id='word_1_140' title='bbox 233 1291 320 1319; x_wconf 90' lang='lat' dir='ltr'>rum</span> <span class='ocrx_word' id='word_1_141' title='bbox 335 1276 374 1330; x_wconf 80' lang='lat'>²)</span> <span class='ocrx_word' id='word_1_142' title='bbox 416 1278 596 1331; x_wconf 81' lang='lat' dir='ltr'>operisve</span> <span class='ocrx_word' id='word_1_143' title='bbox 633 1277 785 1330; x_wconf 77' lang='lat' dir='ltr'>publice</span> <span class='ocrx_word' id='word_1_144' title='bbox 832 1276 1036 1317; x_wconf 80' lang='lat' dir='ltr'>saciumdei</span> <span class='ocrx_word' id='word_1_145' title='bbox 1084 1289 1199 1317; x_wconf 88' lang='lat' dir='ltr'>causa</span> <span class='ocrx_word' id='word_1_146' title='bbox 1241 1276 1380 1317; x_wconf 77' lang='lat' dir='ltr'>advehi</span> <span class='ocrx_word' id='word_1_147' title='bbox 1420 1278 1567 1330; x_wconf 89' lang='lat' dir='ltr'>portari</span> <span class='ocrx_word' id='word_1_148' title='bbox 1608 1277 1817 1330; x_wconf 83' lang='lat' dir='ltr'>oportebit,</span> 
     </span>
     <span class='ocr_line' id='line_1_19' title="bbox 233 1334 1817 1388; baseline -0.003 -11"><span class='ocrx_word' id='word_1_149' title='bbox 233 1341 300 1377; x_wconf 88' lang='lat' dir='ltr'>aut</span> <span class='ocrx_word' id='word_1_150' title='bbox 331 1335 435 1388; x_wconf 85' lang='lat' dir='ltr'>quod</span> <span class='ocrx_word' id='word_1_151' title='bbox 468 1348 519 1375; x_wconf 80' lang='lat' dir='ltr'>ex</span> <span class='ocrx_word' id='word_1_152' title='bbox 550 1335 649 1375; x_wconf 85' lang='lat' dir='ltr'>urbe</span> <span class='ocrx_word' id='word_1_153' title='bbox 682 1347 782 1375; x_wconf 65' lang='lat' dir='ltr'>(exve</span> <span class='ocrx_word' id='word_1_154' title='bbox 813 1336 884 1375; x_wconf 80' lang='lat' dir='ltr'>ieis</span> <span class='ocrx_word' id='word_1_155' title='bbox 918 1335 1052 1384; x_wconf 82' lang='lat' dir='ltr'>loccis,</span> <span class='ocrx_word' id='word_1_156' title='bbox 1085 1347 1219 1374; x_wconf 86' lang='lat' dir='ltr'>earum</span> <span class='ocrx_word' id='word_1_157' title='bbox 1250 1347 1395 1382; x_wconf 85' lang='lat' dir='ltr'>rerum,</span> <span class='ocrx_word' id='word_1_158' title='bbox 1428 1347 1528 1387; x_wconf 87' lang='lat' dir='ltr'>quae</span> <span class='ocrx_word' id='word_1_159' title='bbox 1558 1335 1711 1388; x_wconf 88' lang='lat' dir='ltr'>publice</span> <span class='ocrx_word' id='word_1_160' title='bbox 1741 1334 1817 1374; x_wconf 90' lang='lat' dir='ltr'>de-</span> 
     </span>
     <span class='ocr_line' id='line_1_20' title="bbox 236 1391 1817 1446; baseline -0.002 -12"><span class='ocrx_word' id='word_1_161' title='bbox 236 1393 430 1434; x_wconf 89' lang='lat' dir='ltr'>molienda</span> <span class='ocrx_word' id='word_1_162' title='bbox 461 1392 546 1433; x_wconf 89' lang='lat' dir='ltr'>loca</span> <span class='ocrx_word' id='word_1_163' title='bbox 562 1391 601 1446; x_wconf 71' lang='lat'>²⁵)</span> <span class='ocrx_word' id='word_1_164' title='bbox 634 1397 761 1443; x_wconf 83' lang='lat' dir='ltr'>erunt,</span> <span class='ocrx_word' id='word_1_165' title='bbox 792 1393 948 1445; x_wconf 85' lang='lat' dir='ltr'>publice</span> <span class='ocrx_word' id='word_1_166' title='bbox 980 1393 1202 1445; x_wconf 75' lang='lat' dir='ltr'>exportaret</span> <span class='ocrx_word' id='word_1_167' title='bbox 1235 1393 1447 1445; x_wconf 84' lang='lat' dir='ltr'>oportebit,</span> <span class='ocrx_word' id='word_1_168' title='bbox 1485 1397 1524 1433; x_wconf 87' lang='lat' dir='ltr'>et</span> <span class='ocrx_word' id='word_1_169' title='bbox 1553 1404 1715 1444; x_wconf 87' lang='lat' dir='ltr'>quarum</span> <span class='ocrx_word' id='word_1_170' title='bbox 1745 1404 1817 1432; x_wconf 89' lang='lat' dir='ltr'>re-</span> 
     </span>
     <span class='ocr_line' id='line_1_21' title="bbox 234 1450 1818 1504; baseline -0.001 -12"><span class='ocrx_word' id='word_1_171' title='bbox 234 1464 321 1492; x_wconf 89' lang='lat' dir='ltr'>rum</span> <span class='ocrx_word' id='word_1_172' title='bbox 353 1463 491 1491; x_wconf 86' lang='lat' dir='ltr'>caussa</span> <span class='ocrx_word' id='word_1_173' title='bbox 523 1450 671 1504; x_wconf 86' lang='lat' dir='ltr'>plostra</span> <span class='ocrx_word' id='word_1_174' title='bbox 703 1451 737 1490; x_wconf 85' lang='lat' dir='ltr'>b.</span> <span class='ocrx_word' id='word_1_175' title='bbox 769 1450 793 1490; x_wconf 93' lang='lat' dir='ltr'>l.</span> <span class='ocrx_word' id='word_1_176' title='bbox 826 1451 970 1490; x_wconf 82' lang='lat' dir='ltr'>certeis</span> <span class='ocrx_word' id='word_1_177' title='bbox 1002 1450 1232 1501; x_wconf 72' lang='lat' dir='ltr'>bominibus,</span> <span class='ocrx_word' id='word_1_178' title='bbox 1265 1451 1408 1490; x_wconf 83' lang='lat' dir='ltr'>certeis</span> <span class='ocrx_word' id='word_1_179' title='bbox 1431 1451 1479 1491; x_wconf 87' lang='lat' dir='ltr'>de</span> <span class='ocrx_word' id='word_1_180' title='bbox 1503 1451 1669 1501; x_wconf 85' lang='lat' dir='ltr'>causeis,</span> <span class='ocrx_word' id='word_1_181' title='bbox 1700 1462 1818 1490; x_wconf 87' lang='lat' dir='ltr'>acere</span> 
     </span>
    </p>
   </div>
   <div class='ocr_carea' id='block_1_7' title="bbox 236 1590 1818 2206">
    <p class='ocr_par' dir='ltr' id='par_1_8' title="bbox 236 1590 1818 1687">
     <span class='ocr_line' id='line_1_22' title="bbox 238 1590 1818 1638; baseline -0.002 -9"><span class='ocrx_word' id='word_1_182' title='bbox 238 1594 333 1637; x_wconf 86' lang='lat' dir='ltr'>tori,</span> <span class='ocrx_word' id='word_1_183' title='bbox 375 1591 428 1627; x_wconf 88' lang='lat' dir='ltr'>cui</span> <span class='ocrx_word' id='word_1_184' title='bbox 461 1603 479 1627; x_wconf 85' lang='lat' dir='ltr'>e</span> <span class='ocrx_word' id='word_1_185' title='bbox 512 1592 593 1636; x_wconf 79' lang='lat' dir='ltr'>lege</span> <span class='ocrx_word' id='word_1_186' title='bbox 628 1591 809 1626; x_wconf 81' lang='lat' dir='ltr'>locationis</span> <span class='ocrx_word' id='word_1_187' title='bbox 842 1591 914 1627; x_wconf 85' lang='lat' dir='ltr'>dari</span> <span class='ocrx_word' id='word_1_188' title='bbox 956 1590 1157 1638; x_wconf 87' lang='lat' dir='ltr'>oportebit,</span> <span class='ocrx_word' id='word_1_189' title='bbox 1199 1590 1364 1627; x_wconf 79' lang='lat' dir='ltr'>beredive</span> <span class='ocrx_word' id='word_1_190' title='bbox 1396 1590 1469 1626; x_wconf 87' lang='lat' dir='ltr'>eius</span> <span class='ocrx_word' id='word_1_191' title='bbox 1502 1591 1672 1636; x_wconf 86' lang='lat' dir='ltr'>dandam,</span> <span class='ocrx_word' id='word_1_192' title='bbox 1713 1590 1818 1627; x_wconf 88' lang='lat' dir='ltr'>attri-</span> 
     </span>
     <span class='ocr_line' id='line_1_23' title="bbox 236 1650 575 1687; baseline -0.009 0"><span class='ocrx_word' id='word_1_193' title='bbox 236 1650 410 1687; x_wconf 84' lang='lat' dir='ltr'>buendam</span> <span class='ocrx_word' id='word_1_194' title='bbox 443 1654 575 1685; x_wconf 82' lang='lat' dir='ltr'>curato.</span> 
     </span>
    </p>

    <p class='ocr_par' dir='ltr' id='par_1_9' title="bbox 236 1703 1818 1984">
     <span class='ocr_line' id='line_1_24' title="bbox 374 1703 1818 1754; baseline -0.001 -11"><span class='ocrx_word' id='word_1_195' title='bbox 374 1707 451 1750; x_wconf 90' lang='lat' dir='ltr'>Quo</span> <span class='ocrx_word' id='word_1_196' title='bbox 484 1707 592 1743; x_wconf 83' lang='lat' dir='ltr'>minus</span> <span class='ocrx_word' id='word_1_197' title='bbox 625 1706 754 1742; x_wconf 83' lang='lat' dir='ltr'>aediles</span> <span class='ocrx_word' id='word_1_198' title='bbox 795 1712 830 1742; x_wconf 84' lang='lat' dir='ltr'>et</span> <span class='ocrx_word' id='word_1_199' title='bbox 862 1705 1078 1753; x_wconf 79' lang='lat' dir='ltr'>quatuorvii·i</span> <span class='ocrx_word' id='word_1_200' title='bbox 1110 1706 1171 1742; x_wconf 84' lang='lat' dir='ltr'>viis</span> <span class='ocrx_word' id='word_1_201' title='bbox 1204 1707 1235 1742; x_wconf 91' lang='lat' dir='ltr'>in</span> <span class='ocrx_word' id='word_1_202' title='bbox 1268 1707 1353 1742; x_wconf 91' lang='lat' dir='ltr'>urbe</span> <span class='ocrx_word' id='word_1_203' title='bbox 1386 1706 1603 1754; x_wconf 79' lang='lat' dir='ltr'>purgandis,</span> <span class='ocrx_word' id='word_1_204' title='bbox 1645 1703 1818 1742; x_wconf 81' lang='lat' dir='ltr'>duumviri</span> 
     </span>
     <span class='ocr_line' id='line_1_25' title="bbox 237 1764 1816 1812; baseline -0.001 -10"><span class='ocrx_word' id='word_1_205' title='bbox 237 1765 299 1802; x_wconf 76' lang='lat' dir='ltr'>viis</span> <span class='ocrx_word' id='word_1_206' title='bbox 341 1770 440 1801; x_wconf 85' lang='lat' dir='ltr'>extra</span> <span class='ocrx_word' id='word_1_207' title='bbox 481 1764 673 1812; x_wconf 68' lang='lat' dir='ltr'>propiusve</span> <span class='ocrx_word' id='word_1_208' title='bbox 716 1766 837 1800; x_wconf 84' lang='lat' dir='ltr'>urbem</span> <span class='ocrx_word' id='word_1_209' title='bbox 879 1765 1022 1800; x_wconf 79' lang='lat' dir='ltr'>Romam</span> <span class='ocrx_word' id='word_1_210' title='bbox 1065 1776 1185 1812; x_wconf 86' lang='lat' dir='ltr'>passus</span> <span class='ocrx_word' id='word_1_211' title='bbox 1227 1765 1319 1800; x_wconf 87' lang='lat' dir='ltr'>mille</span> <span class='ocrx_word' id='word_1_212' title='bbox 1359 1765 1574 1812; x_wconf 85' lang='lat' dir='ltr'>purgandis,</span> <span class='ocrx_word' id='word_1_213' title='bbox 1620 1764 1816 1811; x_wconf 82' lang='lat' dir='ltr'>quicunque</span> 
     </span>
     <span class='ocr_line' id='line_1_26' title="bbox 237 1821 1817 1870; baseline -0.001 -11"><span class='ocrx_word' id='word_1_214' title='bbox 237 1828 351 1868; x_wconf 82' lang='lat' dir='ltr'>erunt,</span> <span class='ocrx_word' id='word_1_215' title='bbox 382 1823 454 1858; x_wconf 82' lang='lat' dir='ltr'>vias</span> <span class='ocrx_word' id='word_1_216' title='bbox 486 1823 642 1870; x_wconf 84' lang='lat' dir='ltr'>publicas</span> <span class='ocrx_word' id='word_1_217' title='bbox 676 1823 875 1869; x_wconf 80' lang='lat' dir='ltr'>purgandas</span> <span class='ocrx_word' id='word_1_218' title='bbox 908 1827 1044 1866; x_wconf 86' lang='lat' dir='ltr'>curent,</span> <span class='ocrx_word' id='word_1_219' title='bbox 1077 1822 1220 1869; x_wconf 87' lang='lat' dir='ltr'>eiusque</span> <span class='ocrx_word' id='word_1_220' title='bbox 1252 1822 1303 1858; x_wconf 89' lang='lat' dir='ltr'>rei</span> <span class='ocrx_word' id='word_1_221' title='bbox 1333 1826 1546 1869; x_wconf 87' lang='lat' dir='ltr'>potestatem</span> <span class='ocrx_word' id='word_1_222' title='bbox 1572 1822 1738 1867; x_wconf 88' lang='lat' dir='ltr'>habeant,</span> <span class='ocrx_word' id='word_1_223' title='bbox 1769 1821 1817 1857; x_wconf 87' lang='lat' dir='ltr'>ita</span> 
     </span>
     <span class='ocr_line' id='line_1_27' title="bbox 236 1879 1817 1928; baseline -0.001 -11"><span class='ocrx_word' id='word_1_224' title='bbox 236 1883 284 1917; x_wconf 91' lang='lat' dir='ltr'>uti</span> <span class='ocrx_word' id='word_1_225' title='bbox 317 1881 454 1927; x_wconf 84' lang='lat' dir='ltr'>legibus</span> <span class='ocrx_word' id='word_1_226' title='bbox 485 1880 643 1928; x_wconf 64' lang='lat' dir='ltr'>plebisve</span> <span class='ocrx_word' id='word_1_227' title='bbox 675 1881 793 1925; x_wconf 60' lang='lat' dir='ltr'>scitis,</span> <span class='ocrx_word' id='word_1_228' title='bbox 833 1885 1019 1916; x_wconf 78' lang='lat' dir='ltr'>senatusre</span> <span class='ocrx_word' id='word_1_229' title='bbox 1053 1880 1218 1916; x_wconf 81' lang='lat' dir='ltr'>consultis</span> <span class='ocrx_word' id='word_1_230' title='bbox 1252 1884 1417 1927; x_wconf 80' lang='lat' dir='ltr'>oportet,</span> <span class='ocrx_word' id='word_1_231' title='bbox 1459 1879 1664 1927; x_wconf 81' lang='lat' dir='ltr'>oportebit,</span> <span class='ocrx_word' id='word_1_232' title='bbox 1695 1890 1817 1916; x_wconf 89' lang='lat' dir='ltr'>eorum</span> 
     </span>
     <span class='ocr_line' id='line_1_28' title="bbox 236 1938 716 1984; baseline -0.006 -9"><span class='ocrx_word' id='word_1_233' title='bbox 236 1941 300 1975; x_wconf 87' lang='lat' dir='ltr'>bac</span> <span class='ocrx_word' id='word_1_234' title='bbox 331 1940 412 1984; x_wconf 74' lang='lat' dir='ltr'>lege</span> <span class='ocrx_word' id='word_1_235' title='bbox 445 1938 526 1974; x_wconf 85' lang='lat' dir='ltr'>nibil</span> <span class='ocrx_word' id='word_1_236' title='bbox 558 1942 716 1982; x_wconf 73' lang='lat' dir='ltr'>rogatur.</span> 
     </span>
    </p>

    <p class='ocr_par' dir='ltr' id='par_1_10' title="bbox 238 1994 1817 2206">
     <span class='ocr_line' id='line_1_29' title="bbox 373 1994 1817 2040; baseline -0.001 -7"><span class='ocrx_word' id='word_1_237' title='bbox 373 1996 474 2033; x_wconf 70' lang='lat' dir='ltr'>Cuius</span> <span class='ocrx_word' id='word_1_238' title='bbox 508 2000 586 2032; x_wconf 88' lang='lat' dir='ltr'>ante</span> <span class='ocrx_word' id='word_1_239' title='bbox 617 1996 813 2032; x_wconf 74' lang='lat' dir='ltr'>aedilicium</span> <span class='ocrx_word' id='word_1_240' title='bbox 844 1997 967 2032; x_wconf 80' lang='lat' dir='ltr'>semita</span> <span class='ocrx_word' id='word_1_241' title='bbox 998 1997 1031 2032; x_wconf 87' lang='lat' dir='ltr'>in</span> <span class='ocrx_word' id='word_1_242' title='bbox 1064 1997 1143 2031; x_wconf 88' lang='lat' dir='ltr'>loco</span> <span class='ocrx_word' id='word_1_243' title='bbox 1178 1996 1255 2040; x_wconf 83' lang='lat' dir='ltr'>erit,</span> <span class='ocrx_word' id='word_1_244' title='bbox 1288 1997 1313 2031; x_wconf 77' lang='lat' dir='ltr'>is</span> <span class='ocrx_word' id='word_1_245' title='bbox 1346 2007 1422 2031; x_wconf 84' lang='lat' dir='ltr'>eam</span> <span class='ocrx_word' id='word_1_246' title='bbox 1453 1995 1624 2040; x_wconf 86' lang='lat' dir='ltr'>semitam,</span> <span class='ocrx_word' id='word_1_247' title='bbox 1655 1995 1687 2031; x_wconf 90' lang='lat' dir='ltr'>ei</span> <span class='ocrx_word' id='word_1_248' title='bbox 1714 1994 1817 2032; x_wconf 88' lang='lat' dir='ltr'>aedi-</span> 
     </span>
     <span class='ocr_line' id='line_1_30' title="bbox 238 2053 1817 2102; baseline -0.002 -11"><span class='ocrx_word' id='word_1_249' title='bbox 238 2055 317 2091; x_wconf 85' lang='lat' dir='ltr'>licio</span> <span class='ocrx_word' id='word_1_250' title='bbox 348 2058 522 2102; x_wconf 88' lang='lat' dir='ltr'>perpetuo</span> <span class='ocrx_word' id='word_1_251' title='bbox 554 2054 727 2101; x_wconf 76' lang='lat' dir='ltr'>lapidibus</span> <span class='ocrx_word' id='word_1_252' title='bbox 768 2055 946 2101; x_wconf 85' lang='lat' dir='ltr'>perpetuis</span> <span class='ocrx_word' id='word_1_253' title='bbox 980 2054 1126 2100; x_wconf 86' lang='lat' dir='ltr'>integris</span> <span class='ocrx_word' id='word_1_254' title='bbox 1168 2053 1423 2099; x_wconf 82' lang='lat' dir='ltr'>continentem,</span> <span class='ocrx_word' id='word_1_255' title='bbox 1465 2058 1679 2091; x_wconf 86' lang='lat' dir='ltr'>constratam</span> <span class='ocrx_word' id='word_1_256' title='bbox 1720 2057 1817 2088; x_wconf 88' lang='lat' dir='ltr'>recte</span> 
     </span>
     <span class='ocr_line' id='line_1_31' title="bbox 238 2111 1817 2158; baseline -0.001 -9"><span class='ocrx_word' id='word_1_257' title='bbox 238 2113 381 2157; x_wconf 83' lang='lat' dir='ltr'>habeto,</span> <span class='ocrx_word' id='word_1_258' title='bbox 413 2111 582 2147; x_wconf 85' lang='lat' dir='ltr'>arbitratu</span> <span class='ocrx_word' id='word_1_259' title='bbox 615 2113 686 2147; x_wconf 77' lang='lat' dir='ltr'>cius</span> <span class='ocrx_word' id='word_1_260' title='bbox 719 2111 853 2157; x_wconf 82' lang='lat' dir='ltr'>aedilis,</span> <span class='ocrx_word' id='word_1_261' title='bbox 886 2112 982 2147; x_wconf 86' lang='lat' dir='ltr'>cuius</span> <span class='ocrx_word' id='word_1_262' title='bbox 1017 2112 1048 2147; x_wconf 86' lang='lat' dir='ltr'>iu</span> <span class='ocrx_word' id='word_1_263' title='bbox 1081 2123 1121 2147; x_wconf 84' lang='lat' dir='ltr'>ea</span> <span class='ocrx_word' id='word_1_264' title='bbox 1154 2115 1265 2158; x_wconf 86' lang='lat' dir='ltr'>parte,</span> <span class='ocrx_word' id='word_1_265' title='bbox 1298 2113 1363 2147; x_wconf 84' lang='lat' dir='ltr'>hac</span> <span class='ocrx_word' id='word_1_266' title='bbox 1395 2112 1487 2158; x_wconf 81' lang='lat' dir='ltr'>lege,</span> <span class='ocrx_word' id='word_1_267' title='bbox 1518 2111 1649 2147; x_wconf 87' lang='lat' dir='ltr'>viarum</span> <span class='ocrx_word' id='word_1_268' title='bbox 1680 2122 1817 2158; x_wconf 87' lang='lat' dir='ltr'>procu-</span> 
     </span>
     <span class='ocr_line' id='line_1_32' title="bbox 238 2169 441 2206; baseline -0.01 0"><span class='ocrx_word' id='word_1_269' title='bbox 238 2170 327 2206; x_wconf 85' lang='lat' dir='ltr'>ratio</span> <span class='ocrx_word' id='word_1_270' title='bbox 365 2169 441 2205; x_wconf 86' lang='lat' dir='ltr'>erit.</span> 
     </span>
    </p>
   </div>
   <div class='ocr_carea' id='block_1_8' title="bbox 925 2239 1128 2286">
    <p class='ocr_par' dir='ltr' id='par_1_11' title="bbox 925 2239 1128 2286">
     <span class='ocr_line' id='line_1_33' title="bbox 925 2239 1128 2286; baseline -0.005 -11"><span class='ocrx_word' id='word_1_271' title='bbox 925 2240 1035 2286; x_wconf 71' lang='lat' dir='ltr'>Caput</span> <span class='ocrx_word' id='word_1_272' title='bbox 1073 2239 1128 2274; x_wconf 85' lang='lat' dir='ltr'>III.</span> 
     </span>
    </p>
   </div>
   <div class='ocr_carea' id='block_1_9' title="bbox 237 2307 1819 2763">
    <p class='ocr_par' dir='ltr' id='par_1_12' title="bbox 237 2307 1819 2763">
     <span class='ocr_line' id='line_1_34' title="bbox 377 2307 1817 2354; baseline 0.001 -11"><span class='ocrx_word' id='word_1_273' title='bbox 377 2311 473 2352; x_wconf 78' lang='lat' dir='ltr'>Quae</span> <span class='ocrx_word' id='word_1_274' title='bbox 506 2308 581 2343; x_wconf 77' lang='lat' dir='ltr'>viae</span> <span class='ocrx_word' id='word_1_275' title='bbox 613 2309 644 2344; x_wconf 87' lang='lat' dir='ltr'>in</span> <span class='ocrx_word' id='word_1_276' title='bbox 678 2309 763 2344; x_wconf 82' lang='lat' dir='ltr'>urbe</span> <span class='ocrx_word' id='word_1_277' title='bbox 793 2309 901 2344; x_wconf 81' lang='lat' dir='ltr'>Roma</span> <span class='ocrx_word' id='word_1_278' title='bbox 932 2313 1031 2353; x_wconf 80' lang='lat' dir='ltr'>sunt,</span> <span class='ocrx_word' id='word_1_279' title='bbox 1065 2313 1188 2354; x_wconf 88' lang='lat' dir='ltr'>erunt,</span> <span class='ocrx_word' id='word_1_280' title='bbox 1219 2308 1307 2344; x_wconf 85' lang='lat' dir='ltr'>iutra</span> <span class='ocrx_word' id='word_1_281' title='bbox 1340 2320 1380 2344; x_wconf 78' lang='lat' dir='ltr'>ea</span> <span class='ocrx_word' id='word_1_282' title='bbox 1412 2309 1502 2353; x_wconf 81' lang='lat' dir='ltr'>loca,</span> <span class='ocrx_word' id='word_1_283' title='bbox 1535 2307 1592 2345; x_wconf 89' lang='lat' dir='ltr'>ubi</span> <span class='ocrx_word' id='word_1_284' title='bbox 1623 2307 1817 2345; x_wconf 87' lang='lat' dir='ltr'>continenti</span> 
     </span>
     <span class='ocr_line' id='line_1_35' title="bbox 238 2365 1817 2414; baseline -0.002 -10"><span class='ocrx_word' id='word_1_285' title='bbox 238 2366 471 2411; x_wconf 88' lang='lat' dir='ltr'>habitabitur,</span> <span class='ocrx_word' id='word_1_286' title='bbox 517 2377 559 2401; x_wconf 87' lang='lat' dir='ltr'>ne</span> <span class='ocrx_word' id='word_1_287' title='bbox 592 2366 664 2412; x_wconf 87' lang='lat' dir='ltr'>quis</span> <span class='ocrx_word' id='word_1_288' title='bbox 696 2365 728 2401; x_wconf 87' lang='lat' dir='ltr'>in</span> <span class='ocrx_word' id='word_1_289' title='bbox 761 2366 801 2402; x_wconf 88' lang='lat' dir='ltr'>iis</span> <span class='ocrx_word' id='word_1_290' title='bbox 833 2366 897 2402; x_wconf 90' lang='lat' dir='ltr'>viis</span> <span class='ocrx_word' id='word_1_291' title='bbox 929 2371 1010 2414; x_wconf 83' lang='lat' dir='ltr'>post</span> <span class='ocrx_word' id='word_1_292' title='bbox 1042 2367 1216 2402; x_wconf 83' lang='lat' dir='ltr'>Kalendas</span> <span class='ocrx_word' id='word_1_293' title='bbox 1247 2365 1422 2401; x_wconf 85' lang='lat' dir='ltr'>Ianuarias</span> <span class='ocrx_word' id='word_1_294' title='bbox 1453 2365 1605 2414; x_wconf 78' lang='lat' dir='ltr'>primaS,</span> <span class='ocrx_word' id='word_1_295' title='bbox 1646 2366 1817 2414; x_wconf 87' lang='lat' dir='ltr'>plostrum</span> 
     </span>
     <span class='ocr_line' id='line_1_36' title="bbox 237 2423 1817 2471; baseline -0.001 -10"><span class='ocrx_word' id='word_1_296' title='bbox 237 2425 402 2469; x_wconf 83' lang='lat' dir='ltr'>interdiu,</span> <span class='ocrx_word' id='word_1_297' title='bbox 434 2428 513 2471; x_wconf 89' lang='lat' dir='ltr'>post</span> <span class='ocrx_word' id='word_1_298' title='bbox 542 2424 653 2459; x_wconf 89' lang='lat' dir='ltr'>solem</span> <span class='ocrx_word' id='word_1_299' title='bbox 685 2428 813 2470; x_wconf 86' lang='lat' dir='ltr'>ortum,</span> <span class='ocrx_word' id='word_1_300' title='bbox 844 2435 932 2460; x_wconf 81' lang='lat' dir='ltr'>neve</span> <span class='ocrx_word' id='word_1_301' title='bbox 965 2428 1045 2460; x_wconf 80' lang='lat' dir='ltr'>ante</span> <span class='ocrx_word' id='word_1_302' title='bbox 1077 2426 1198 2460; x_wconf 86' lang='lat' dir='ltr'>boram</span> <span class='ocrx_word' id='word_1_303' title='bbox 1221 2424 1388 2459; x_wconf 83' lang='lat' dir='ltr'>decimam</span> <span class='ocrx_word' id='word_1_304' title='bbox 1418 2424 1505 2470; x_wconf 91' lang='lat' dir='ltr'>diei,</span> <span class='ocrx_word' id='word_1_305' title='bbox 1539 2424 1672 2469; x_wconf 85' lang='lat' dir='ltr'>ducito,</span> <span class='ocrx_word' id='word_1_306' title='bbox 1705 2423 1817 2470; x_wconf 81' lang='lat' dir='ltr'>agito,</span> 
     </span>
     <span class='ocr_line' id='line_1_37' title="bbox 238 2481 1819 2529; baseline -0.002 -10"><span class='ocrx_word' id='word_1_307' title='bbox 238 2483 302 2520; x_wconf 90' lang='lat' dir='ltr'>nisi</span> <span class='ocrx_word' id='word_1_308' title='bbox 334 2482 429 2529; x_wconf 88' lang='lat' dir='ltr'>quod</span> <span class='ocrx_word' id='word_1_309' title='bbox 467 2481 602 2517; x_wconf 89' lang='lat' dir='ltr'>aedium</span> <span class='ocrx_word' id='word_1_310' title='bbox 644 2493 842 2529; x_wconf 75' lang='lat' dir='ltr'>sacrarum,</span> <span class='ocrx_word' id='word_1_311' title='bbox 883 2482 1030 2518; x_wconf 86' lang='lat' dir='ltr'>deorum</span> <span class='ocrx_word' id='word_1_312' title='bbox 1062 2481 1304 2518; x_wconf 88' lang='lat' dir='ltr'>immortalium</span> <span class='ocrx_word' id='word_1_313' title='bbox 1345 2493 1472 2527; x_wconf 88' lang='lat' dir='ltr'>causa,</span> <span class='ocrx_word' id='word_1_314' title='bbox 1513 2481 1819 2527; x_wconf 80' lang='lat' dir='ltr'>aedificandarum,</span> 
     </span>
     <span class='ocr_line' id='line_1_38' title="bbox 238 2539 1818 2589; baseline -0.002 -12"><span class='ocrx_word' id='word_1_315' title='bbox 238 2541 403 2589; x_wconf 88' lang='lat' dir='ltr'>operisve</span> <span class='ocrx_word' id='word_1_316' title='bbox 442 2539 582 2587; x_wconf 87' lang='lat' dir='ltr'>publice</span> <span class='ocrx_word' id='word_1_317' title='bbox 624 2539 774 2576; x_wconf 84' lang='lat' dir='ltr'>faciundi</span> <span class='ocrx_word' id='word_1_318' title='bbox 816 2550 919 2576; x_wconf 87' lang='lat' dir='ltr'>causa</span> <span class='ocrx_word' id='word_1_319' title='bbox 951 2539 1100 2584; x_wconf 79' lang='lat' dir='ltr'>advehi,</span> <span class='ocrx_word' id='word_1_320' title='bbox 1144 2541 1277 2586; x_wconf 87' lang='lat' dir='ltr'>portari</span> <span class='ocrx_word' id='word_1_321' title='bbox 1310 2540 1512 2587; x_wconf 85' lang='lat' dir='ltr'>oportebit,</span> <span class='ocrx_word' id='word_1_322' title='bbox 1556 2543 1614 2575; x_wconf 88' lang='lat' dir='ltr'>aut</span> <span class='ocrx_word' id='word_1_323' title='bbox 1646 2539 1739 2586; x_wconf 90' lang='lat' dir='ltr'>quod</span> <span class='ocrx_word' id='word_1_324' title='bbox 1771 2550 1818 2575; x_wconf 88' lang='lat' dir='ltr'>ex</span> 
     </span>
     <span class='ocr_line' id='line_1_39' title="bbox 239 2597 1818 2644; baseline -0.001 -10"><span class='ocrx_word' id='word_1_325' title='bbox 239 2599 346 2643; x_wconf 83' lang='lat' dir='ltr'>urbe,</span> <span class='ocrx_word' id='word_1_326' title='bbox 379 2608 470 2634; x_wconf 86' lang='lat' dir='ltr'>exve</span> <span class='ocrx_word' id='word_1_327' title='bbox 502 2597 542 2633; x_wconf 87' lang='lat' dir='ltr'>iis</span> <span class='ocrx_word' id='word_1_328' title='bbox 575 2597 681 2641; x_wconf 69' lang='lat' dir='ltr'>locis,</span> <span class='ocrx_word' id='word_1_329' title='bbox 715 2609 833 2633; x_wconf 87' lang='lat' dir='ltr'>earum</span> <span class='ocrx_word' id='word_1_330' title='bbox 866 2608 1005 2643; x_wconf 88' lang='lat' dir='ltr'>rerum,</span> <span class='ocrx_word' id='word_1_331' title='bbox 1047 2609 1137 2644; x_wconf 88' lang='lat' dir='ltr'>quae</span> <span class='ocrx_word' id='word_1_332' title='bbox 1168 2598 1306 2644; x_wconf 83' lang='lat' dir='ltr'>publice</span> <span class='ocrx_word' id='word_1_333' title='bbox 1339 2597 1560 2633; x_wconf 88' lang='lat' dir='ltr'>demolienda</span> <span class='ocrx_word' id='word_1_334' title='bbox 1593 2597 1670 2633; x_wconf 89' lang='lat' dir='ltr'>loca</span> <span class='ocrx_word' id='word_1_335' title='bbox 1703 2601 1818 2641; x_wconf 85' lang='lat' dir='ltr'>erunt,</span> 
     </span>
     <span class='ocr_line' id='line_1_40' title="bbox 240 2654 1817 2704; baseline -0.002 -12"><span class='ocrx_word' id='word_1_336' title='bbox 240 2656 378 2704; x_wconf 84' lang='lat' dir='ltr'>publice</span> <span class='ocrx_word' id='word_1_337' title='bbox 409 2655 589 2702; x_wconf 87' lang='lat' dir='ltr'>exportari</span> <span class='ocrx_word' id='word_1_338' title='bbox 623 2656 814 2702; x_wconf 84' lang='lat' dir='ltr'>oportebit,</span> <span class='ocrx_word' id='word_1_339' title='bbox 846 2660 883 2691; x_wconf 83' lang='lat' dir='ltr'>et</span> <span class='ocrx_word' id='word_1_340' title='bbox 915 2666 1057 2702; x_wconf 89' lang='lat' dir='ltr'>quarum</span> <span class='ocrx_word' id='word_1_341' title='bbox 1090 2666 1205 2691; x_wconf 86' lang='lat' dir='ltr'>rerum</span> <span class='ocrx_word' id='word_1_342' title='bbox 1238 2667 1339 2691; x_wconf 88' lang='lat' dir='ltr'>cansa</span> <span class='ocrx_word' id='word_1_343' title='bbox 1363 2655 1496 2703; x_wconf 88' lang='lat' dir='ltr'>plostra</span> <span class='ocrx_word' id='word_1_344' title='bbox 1520 2656 1582 2691; x_wconf 87' lang='lat' dir='ltr'>hac</span> <span class='ocrx_word' id='word_1_345' title='bbox 1605 2655 1687 2700; x_wconf 88' lang='lat' dir='ltr'>lege</span> <span class='ocrx_word' id='word_1_346' title='bbox 1711 2654 1817 2690; x_wconf 90' lang='lat' dir='ltr'>certis</span> 
     </span>
     <span class='ocr_line' id='line_1_41' title="bbox 240 2706 1815 2763; baseline -0.002 -13"><span class='ocrx_word' id='word_1_347' title='bbox 240 2714 458 2758; x_wconf 79' lang='lat' dir='ltr'>hominibus,</span> <span class='ocrx_word' id='word_1_348' title='bbox 499 2712 601 2748; x_wconf 83' lang='lat' dir='ltr'>certis</span> <span class='ocrx_word' id='word_1_349' title='bbox 634 2713 677 2747; x_wconf 92' lang='lat' dir='ltr'>de</span> <span class='ocrx_word' id='word_1_350' title='bbox 711 2714 846 2759; x_wconf 85' lang='lat' dir='ltr'>causis,</span> <span class='ocrx_word' id='word_1_351' title='bbox 889 2725 1020 2760; x_wconf 83' lang='lat' dir='ltr'>agere,</span> <span class='ocrx_word' id='word_1_352' title='bbox 1053 2713 1183 2749; x_wconf 85' lang='lat' dir='ltr'>ducere</span> <span class='ocrx_word' id='word_1_353' title='bbox 1215 2713 1353 2749; x_wconf 88' lang='lat' dir='ltr'>licebit:</span> <span class='ocrx_word' id='word_1_354' title='bbox 1387 2706 1509 2763; x_wconf 58' lang='lat' dir='ltr'>(uk)</span> <span class='ocrx_word' id='word_1_355' title='bbox 1541 2711 1663 2760; x_wconf 90' lang='lat' dir='ltr'>quibus</span> <span class='ocrx_word' id='word_1_356' title='bbox 1694 2711 1815 2748; x_wconf 87' lang='lat' dir='ltr'>diebus</span> 
     </span>
    </p>
   </div>
   <div class='ocr_carea' id='block_1_10' title="bbox 242 2870 1877 2962">
    <p class='ocr_par' dir='ltr' id='par_1_13' title="bbox 242 2870 1877 2962">
     <span class='ocr_line' id='line_1_42' title="bbox 377 2870 1877 2916; baseline -0.001 -11"><span class='ocrx_word' id='word_1_357' title='bbox 377 2871 413 2914; x_wconf 77' lang='lat'>1)</span> <span class='ocrx_word' id='word_1_358' title='bbox 439 2872 493 2905; x_wconf 90' lang='lat' dir='ltr'>Sic</span> <span class='ocrx_word' id='word_1_359' title='bbox 519 2871 581 2905; x_wconf 79' lang='lat' dir='ltr'>tab.</span> <span class='ocrx_word' id='word_1_360' title='bbox 610 2871 738 2905; x_wconf 77' lang='lat' dir='ltr'>Priore-s</span> <span class='ocrx_word' id='word_1_361' title='bbox 762 2873 926 2906; x_wconf 88' lang='lat' dir='ltr'>editores:</span> <span class='ocrx_word' id='word_1_362' title='bbox 951 2873 1106 2916; x_wconf 74' lang='lat' dir='ltr'>plosrnm.</span> <span class='ocrx_word' id='word_1_363' title='bbox 1139 2891 1181 2895; x_wconf 91' lang='lat'>—-</span> <span class='ocrx_word' id='word_1_364' title='bbox 1214 2872 1251 2913; x_wconf 69' lang='lat'>2]</span> <span class='ocrx_word' id='word_1_365' title='bbox 1278 2872 1405 2905; x_wconf 83' lang='lat' dir='ltr'>tabula:</span> <span class='ocrx_word' id='word_1_366' title='bbox 1437 2871 1731 2913; x_wconf 74' lang='lat' dir='ltr'>aedeficandumm,</span> <span class='ocrx_word' id='word_1_367' title='bbox 1756 2870 1814 2904; x_wconf 88' lang='lat' dir='ltr'>sed</span> <span class='ocrx_word' id='word_1_368' title='bbox 1875 2880 1877 2887; x_wconf 67' lang='lat'><strong>¹</strong></span> 
     </span>
     <span class='ocr_line' id='line_1_43' title="bbox 242 2916 1873 2962; baseline -0.001 -12"><span class='ocrx_word' id='word_1_369' title='bbox 242 2918 334 2950; x_wconf 85' lang='lat' dir='ltr'>litera</span> <span class='ocrx_word' id='word_1_370' title='bbox 353 2919 376 2951; x_wconf 89' lang='lat' dir='ltr'>T</span> <span class='ocrx_word' id='word_1_371' title='bbox 393 2929 498 2951; x_wconf 86' lang='lat' dir='ltr'>erasa.</span> <span class='ocrx_word' id='word_1_372' title='bbox 529 2935 568 2939; x_wconf 89' lang='lat'>-—</span> <span class='ocrx_word' id='word_1_373' title='bbox 595 2916 632 2960; x_wconf 86' lang='lat'>3)</span> <span class='ocrx_word' id='word_1_374' title='bbox 658 2918 755 2961; x_wconf 74' lang='lat' dir='ltr'>nugo</span> <span class='ocrx_word' id='word_1_375' title='bbox 774 2919 1017 2953; x_wconf 86' lang='lat' dir='ltr'>emendandum</span> <span class='ocrx_word' id='word_1_376' title='bbox 1044 2919 1193 2952; x_wconf 86' lang='lat' dir='ltr'>coniicit:</span> <span class='ocrx_word' id='word_1_377' title='bbox 1218 2929 1299 2962; x_wconf 81' lang='lat' dir='ltr'>quac</span> <span class='ocrx_word' id='word_1_378' title='bbox 1312 2918 1438 2962; x_wconf 80' lang='lat' dir='ltr'>publice</span> <span class='ocrx_word' id='word_1_379' title='bbox 1454 2917 1672 2950; x_wconf 79' lang='lat' dir='ltr'>‹lenwliendae</span> <span class='ocrx_word' id='word_1_380' title='bbox 1694 2916 1818 2950; x_wconf 75' lang='lat' dir='ltr'>locatae</span> <span class='ocrx_word' id='word_1_381' title='bbox 1870 2940 1873 2950; x_wconf 84' lang='lat'><em>.</em></span> 
     </span>
    </p>
   </div>
   <div class='ocr_carea' id='block_1_11' title="bbox 239 2964 873 3009">
    <p class='ocr_par' dir='ltr' id='par_1_14' title="bbox 239 2964 873 3009">
     <span class='ocr_line' id='line_1_44' title="bbox 239 2964 873 3009; baseline 0.008 -15"><span class='ocrx_word' id='word_1_382' title='bbox 239 2969 349 3004; x_wconf 74' lang='lat' dir='ltr'>erunt,</span> <span class='ocrx_word' id='word_1_383' title='bbox 376 2975 519 3009; x_wconf 84' lang='lat' dir='ltr'>eumque</span> <span class='ocrx_word' id='word_1_384' title='bbox 545 2966 692 3008; x_wconf 79' lang='lat' dir='ltr'>sequitur</span> <span class='ocrx_word' id='word_1_385' title='bbox 718 2964 873 2999; x_wconf 83' lang='lat' dir='ltr'>Dirksen.</span> 
     </span>
    </p>
   </div>
  </div>
 </body>
</html>
