1918 3313
182 175 241 220 64
549 172 651 207 Inscr.
675 179 805 205 sacrae.
851 169 934 214 Cap.
959 170 1016 207 111.
1066 170 1166 205 Tituli
1190 169 1408 215 sepulcrales,

319 283 416 322 441.
475 278 556 319 Diis
586 277 638 319 M.
697 276 774 318 Pro
805 276 918 318 salut.
951 282 991 319 et
1021 277 1286 318 incolumitate
1322 277 1375 318 M.
1407 275 1544 318 Aurel.
1585 274 1780 317 Timothei

185 345 224 383 et
252 341 353 382 Aur.
384 338 541 381 Maximi
571 341 707 377 votum
738 337 977 390 nuncupavit
1008 337 1203 388 solvitque
1234 335 1439 389 Eutyches
1464 347 1605 376 eorum
1628 335 1682 376 lib
1707 346 1781 376 re-

181 400 280 441 tulit.
311 421 368 429 --
398 401 435 437 In
465 397 731 444 Transylvania.
791 397 915 434 Bullet.
947 397 1029 434 dell'
1059 399 1140 434 inst.
1172 398 1267 434 arch.
1304 396 1426 433 1848.
1458 408 1492 444 p.
1528 395 1621 432 185.

318 477 414 515 442.
473 472 519 512 D.
553 470 604 511 M.
636 470 689 510 M.
721 469 910 512 Aurelius
940 471 1139 513 Romanus
1170 475 1211 511 et
1247 469 1415 511 Antistia
1446 468 1649 510 Chresime
1679 481 1782 511 uxor

183 535 267 576 eius
298 533 478 574 fecerunt
508 529 581 570 sibi
612 533 652 569 et
682 528 833 570 libertis
864 530 1094 581 libertabus,
1125 530 1338 583 posterisq.
1372 540 1510 569 eorum
1543 540 1781 569 monumen-

181 598 262 634 tum
294 604 382 633 cum
413 587 588 631 aedificio
621 588 886 641 superposito.
948 589 1033 630 Hoc
1064 593 1194 630 autem
1224 592 1520 629 monumentum
1552 600 1641 628 cum
1668 586 1782 627 aedi-

181 651 270 692 ficio
302 661 432 702 neque
463 647 676 688 mutabitur
707 658 839 699 neque
870 648 1029 688 vaeniet
1058 660 1191 700 neque
1224 647 1432 688 donabitur
1461 658 1594 698 neque
1625 646 1784 701 pignori

184 709 431 762 obligabitur,
463 704 536 747 sed
566 717 642 746 nec
673 704 753 747 ullo
784 704 904 748 modo
946 706 1250 759 abalienabitur,
1292 717 1343 746 ne
1385 704 1435 746 de
1475 705 1635 746 nomine
1666 709 1784 746 exeat

180 767 349 808 familiae
380 777 490 807 suae.
522 786 578 821 .—
610 767 754 804 Romae.
786 766 883 804 Grut.
917 766 1013 815 7¹62,
1047 769 1082 805 5.

318 844 415 881 443.
474 841 525 882 M.
557 838 717 881 Aurelio
760 839 892 896 Augg.
924 841 989 881 lib.
1049 840 1292 896 Elpideforo.
1353 840 1412 881 Eo
1451 839 1542 881 vivo
1585 839 1786 881 concessit

179 901 307 942 locum
348 899 543 953 duplicem
582 898 838 954 sarcofagum
878 900 1111 941 intrantibus
1152 905 1266 953 parte
1308 899 1448 940 dextra
1488 899 1531 938 L.
1573 897 1784 940 Arruntius

178 959 455 1001 Felieissimus.
488 982 544 988 —
576 961 719 998 Romae.
751 960 865 997 Maffei
897 961 984 999 Mus.
1017 961 1101 998 Ver.
1132 973 1166 1010 p.
1199 960 1294 997 319.
1356 961 1452 997 Orel.
1484 959 1609 997 4553.

315 1038 411 1075 444.
472 1034 603 1086 Quieti
633 1039 833 1076 aeternae.
894 1033 1079 1076 Aurelius
1119 1034 1287 1075 Hermes
1319 1039 1359 1075 et
1400 1033 1560 1075 Claudia
1601 1031 1784 1075 Secunda

178 1094 255 1137 hoc
285 1098 580 1135 monumentum
615 1094 810 1148 virgInem
841 1105 886 1134 se
916 1094 1007 1134 vivi.
1048 1097 1377 1147 comparaverunt
1407 1093 1480 1134 sibi
1511 1097 1551 1133 et
1581 1091 1669 1133 filiis
1700 1092 1785 1147 suis

179 1159 219 1195 et
249 1153 399 1195 libertis
429 1152 688 1206 libertabusq.
720 1153 936 1206 posterisq.
968 1165 1121 1194 eorum.
1153 1176 1208 1181 —-
1240 1155 1384 1191 Romae.
1415 1154 1556 1191 Fabret.
1591 1153 1659 1201 53,
1691 1154 1786 1190 308.

319 1232 416 1269 445.
477 1229 520 1270 C.
553 1228 683 1270 Avilio
714 1228 870 1271 Lescho
901 1229 959 1270 Ti.
994 1228 1176 1270 Claudius
1199 1229 1345 1270 Buccio
1368 1227 1606 1269 columbaria
1637 1226 1688 1268 lv
1720 1226 1785 1269 oll.

179 1287 262 1329 VIII
293 1299 339 1330 se
380 1287 473 1329 vivo
506 1300 527 1328 a
569 1288 657 1329 solo
696 1287 744 1328 ad
786 1287 986 1343 fastigium
1028 1288 1223 1341 mancipio
1265 1287 1382 1328 dedit.
1422 1308 1479 1318 -—
1519 1289 1621 1326 Fabr.
1651 1301 1687 1338 p.
1722 1288 1786 1325 10.

179 1350 288 1387 More.
321 1349 398 1386 Stil.
429 1346 680 1386 CCLXXXIII.

320 1426 418 1463 446.
477 1422 646 1464 Baebius
665 1421 863 1464 Gamellus
886 1422 1064 1464 Sassinas
1090 1423 1352 1476 municipibus
1369 1422 1562 1478 singuleis
1579 1420 1785 1473 incoleisq.

178 1481 265 1524 loca
297 1481 525 1535 sepulturae
557 1482 599 1523 C.
632 1481 669 1524 S.
702 1482 741 1523 P.
759 1479 796 1537 ¹)
830 1481 894 1523 dat
926 1487 1040 1523 extra
1082 1482 1322 1522 auctorateis
1361 1486 1400 1523 et
1432 1482 1500 1534 qui
1538 1481 1613 1522 sibi
1642 1480 1786 1533 laqueo

178 1552 316 1582 manus
347 1540 572 1582 attulissent
602 1545 642 1582 et
673 1553 776 1594 quae
807 1545 1013 1593 quaestum
1050 1553 1237 1595 spurcum
1270 1540 1447 1594 professi
1478 1544 1613 1580 essent
1644 1539 1785 1592 singu-

180 1600 253 1641 leis
284 1601 322 1640 in
354 1599 485 1641 fronte
516 1599 556 1640 P.
589 1599 638 1639 X.
671 1600 709 1640 in
743 1611 881 1653 agrum
921 1600 960 1640 P.
993 1600 1040 1640 X.
1073 1601 1175 1640 inter
1215 1604 1375 1652 pontem
1407 1599 1521 1652 Sapis
1553 1603 1593 1638 et
1633 1596 1787 1638 titulum

179 1659 427 1712 superiorem
465 1659 558 1711 quei
599 1662 661 1699 est
700 1658 740 1698 in
781 1658 857 1698 fine
896 1657 1009 1699 fundi
1049 1658 1304 1712 Fangoniani.
1366 1658 1407 1698 In
1450 1657 1620 1710 queibus
1661 1655 1788 1698 loccis

181 1729 299 1758 nemo
329 1717 510 1758 humatus
542 1717 630 1768 erit,
662 1717 729 1769 qui
759 1717 879 1769 volet,
920 1717 995 1758 sibi
1037 1717 1177 1757 vivous
1216 1721 1514 1758 monumentum
1554 1715 1684 1757 faciet.
1745 1714 1788 1755 In

180 1776 347 1829 queibus
377 1775 501 1817 loceis
533 1775 682 1817 humati
713 1780 841 1828 erunt,
872 1775 910 1815 ei
939 1775 986 1816 D.
1020 1775 1063 1815 T.
1079 1773 1120 1830 ²)
1154 1776 1220 1828 qui
1252 1775 1430 1816 humatus
1462 1775 1535 1815 erit
1575 1774 1786 1828 posterisq.

179 1835 266 1876 eius
297 1838 595 1876 monumentum
636 1833 722 1875 fieri
764 1833 908 1875 licebit.
957 1857 1006 1861 —
1049 1837 1165 1885 Prope
1207 1837 1395 1874 Sassinam.
1439 1836 1578 1873 Reines.
1610 1835 1687 1882 vll,
1720 1834 1787 1872 20.

179 1895 321 1934 Fabret.
355 1895 450 1944 673,
487 1895 551 1933 11.
612 1895 697 1932 Mur.
733 1894 858 1943 1773,
890 1896 926 1932 8.
988 1895 1084 1933 Orel.
1116 1895 1242 1932 4403.

315 1973 412 2010 447.
476 1968 629 2024 Corpus
662 1970 706 2010 T.
738 1969 857 2011 Baebi
888 1969 931 2010 L.
963 1968 1005 2010 F.
1037 1969 1128 2010 Fab.
1148 1966 1188 2024 3)
1222 1968 1384 2010 Celeris.
1416 1969 1523 2010 Vixit
1553 1968 1677 2010 amnis
1709 1967 1784 2008 Lll.

182 2028 446 2128 lsnttgnsgkxffl.
495 2028 637 2070 diebus
679 2027 760 2069 XII.
808 2051 864 2057 -
909 2026 994 2068 Ald.
1035 2031 1165 2068 lllauut.
1212 2031 1383 2077 Orthogr.
1425 2043 1459 2079 p.
1502 2030 1569 2068 93.
1628 2029 1784 2067 lllorcell.

319 2167 415 2203 448.
475 2163 605 2205 Locus
635 2175 764 2205 sacer.
795 2162 911 2205 Iussu
943 2163 990 2211 Q.
1023 2162 1161 2204 Batoni
1192 2162 1428 2217 Telesphori
1458 2162 1554 2204 fecit
1585 2162 1630 2210 Q.
1660 2161 1786 2203 Bato-

184 2220 271 2262 nius
302 2221 512 2263 Onesimus
544 2227 712 2275 patrono
743 2222 822 2276 pio.
854 2222 960 2262 Vixit
991 2222 1102 2262 annis
1142 2221 1286 2263 LXXX
1316 2223 1476 2277 integer
1506 2223 1695 2276 integros.
1728 2242 1784 2250 --

183 2282 279 2319 Grut.
310 2294 344 2330 p.
377 2282 471 2320 934.
532 2284 671 2321 Fabret.
703 2296 738 2333 p.
772 2283 866 2320 328.
927 2282 1023 2320 Orel.
1056 2283 1181 2320 4499.

322 2357 417 2393 449.
478 2354 649 2397 Blandus
692 2356 946 2398 Vindalucon.
979 2355 1041 2396 hic
1071 2355 1109 2397 S.
1141 2356 1185 2397 Ε.
1201 2353 1242 2410 ⁴)
1274 2356 1326 2397 fili
1356 2368 1429 2410 pro
1460 2356 1605 2410 pietate
1643 2355 1784 2410 posie-

181 2417 283 2511 ἓξὲξ.
315 2415 496 2523 Εἶδθῖλυξ.
525 2416 717 2510 I7lauracor.
767 2418 862 2455 Orel.
895 2415 1018 2454 5061.
1051 2417 1269 2454 emendatius
1301 2418 1393 2455 Roth
1423 2418 1522 2456 Rom.
1553 2418 1689 2456 Inschr.
1720 2418 1783 2455 des

321 2545 416 2582 450.
475 2542 524 2583 D.
555 2542 608 2583 M.
639 2543 813 2586 Bellinus
854 2544 999 2585 Divixt.
1041 2543 1131 2584 filio.
1168 2568 1218 2573 -—
1251 2547 1420 2584 Basileae.
1464 2546 1616 2584 Gerlach
1655 2546 1782 2584 Histo-

182 2602 299 2640 rische
331 2602 479 2641 Studien
510 2615 545 2652 p.
579 2603 672 2642 325.
733 2606 824 2643 Roth
856 2606 955 2643 Rom.
985 2605 1100 2642 Insch.
1135 2605 1167 2642 d.
1198 2605 1304 2644 Kaut.
1336 2605 1449 2643 Basel.
1480 2618 1514 2654 p.
1550 2604 1615 2643 11.

321 2678 420 2717 451.
481 2675 526 2724 Q.
560 2676 728 2719 Caecilio
768 2679 814 2727 Q.
846 2679 887 2720 F.
928 2678 1218 2720 Fortunaciano
1258 2683 1358 2732 patr.
1401 2682 1480 2732 opt.
1519 2683 1560 2719 et
1599 2677 1780 2720 sanctiss.

184 2732 232 2780 Q.
263 2734 306 2774 V.
323 2731 363 2789 ⁵)
403 2746 493 2776 ann.
532 2734 724 2777 XXXVII.
768 2737 852 2778 dies
890 2737 977 2778 XX.
1017 2737 1062 2778 H.
1094 2736 1131 2779 S.
1163 2736 1208 2778 E.
1254 2738 1292 2780 S.
1326 2738 1369 2779 T.
1402 2738 1445 2779 T.
1487 2736 1530 2778 L.
1547 2734 1587 2793 ὃ)
1630 2760 1686 2767 —
1725 2740 1781 2777 Ex

189 2793 329 2831 schedis
361 2795 522 2833 Vatican.
582 2796 722 2834 Fabret.
753 2810 788 2846 p.
820 2798 915 2836 285.

324 2909 361 2953 1)
387 2918 520 2946 centum
544 2923 604 2947 sua
628 2913 785 2957 pecunia.
812 2931 853 2937 —
879 2912 918 2957 2)
945 2914 1127 2949 dumtaxat.
1151 2928 1196 2934 —
1222 2911 1260 2956 3)
1293 2913 1397 2947 Fabia
1421 2912 1521 2948 tribu.
1560 2930 1601 2936 —
1634 2911 1673 2955 4)
1698 2913 1779 2948 situs

185 2962 248 2991 est.
273 2973 316 2979 -
343 2954 381 3001 5)
405 2961 463 3004 qui
487 2961 581 2995 vixit.
606 2975 652 2982 —
676 2959 715 3004 6)
741 2959 796 2994 hic
818 2962 899 2996 situs
923 2967 985 2998 est.
1033 2960 1082 2997 Sit
1104 2959 1166 2995 tibi
1188 2965 1281 2995 terra
1303 2960 1398 2996 levis.
