1877 3313
120 185 207 227 334
574 179 681 215 Iuser.
704 180 876 225 profanae.
925 179 1008 223 Cap.
1031 178 1072 213 11.
1121 178 1280 213 Tabulae.

119 301 340 330 marmoreae
381 287 640 326 Toriniacensis
677 283 748 340 [de
780 283 981 340 Torigny),
1013 288 1058 325 de
1091 300 1158 335 qua
1191 287 1232 325 V.
1264 298 1370 336 supra
1410 298 1461 324 nr.
1505 285 1627 324 1640.
1668 286 1724 326 Cf.

118 349 333 398 Raynouard
366 348 520 386 Histoire
553 348 599 384 du
631 347 725 385 droit
755 347 942 395 municipal
973 358 1016 383 cn
1047 347 1192 384 Frauce.
1253 346 1351 383 Tom.
1384 345 1409 383 1.
1439 358 1473 394 p.
1506 344 1600 383 220.

119 487 324 523 Edictum
359 487 494 521 Turci
528 485 795 530 Aproniani,
839 486 1070 519 Praefecti
1104 485 1246 529 urbis,
1287 485 1336 519 de
1369 483 1612 530 pecoribus
1645 484 1723 519 sub

689 533 850 578 exagio
877 533 1150 567 vendendis.

264 642 385 680 1718.
447 642 592 680 Tur-eius
624 642 875 691 Apronianus,
916 643 972 690 qui
1013 643 1081 679 suit
1113 653 1204 679 anno
1237 654 1270 690 p.
1303 642 1384 678 Chr.
1417 641 1499 678 329
1532 641 1724 679 secundum

120 701 383 740 Almeloveenii
414 701 626 738 sententiam
659 697 776 753 (Fasti
809 703 984 738 consular.
1017 714 1051 749 p.
1083 695 1193 751 490)
1229 701 1287 737 vel
1314 700 1396 737 353
1426 700 1619 738 seeundum
1646 700 1726 737 Go-

121 761 310 798 dofredum
342 755 411 812 [ad
453 762 476 797 1.
517 761 554 796 4.
597 760 685 797 Cod.
725 760 905 797 Tbeodos.
946 761 991 796 de
1033 754 1181 811 suariis)
1218 760 1421 796 Praefectus
1454 759 1572 805 urbis,
1614 758 1727 807 priori

120 820 240 857 edicto
273 819 403 865 edicit,
435 823 473 855 ut
503 819 642 867 pondus
675 830 844 867 pecorum
876 819 1146 855 vendendorum
1180 823 1345 855 accurate
1377 819 1421 855 ad
1444 817 1612 855 trutinam
1640 817 1724 854 exi-

119 884 225 926 gatur
255 890 372 926 neque
404 877 549 926 amplius
581 877 769 914 sortitione
802 878 951 925 quadam
994 878 1192 914 micantium
1243 877 1460 914 aestimetur.
1502 876 1623 914 Edidit
1647 875 1726 925 pri-

119 950 194 974 mus
226 936 428 974 Mazochius
460 936 494 973 in
525 936 778 984 Epigrammat.
810 937 870 973 foi.
902 936 992 982 XV,
1024 937 1136 972 secuti
1167 941 1248 972 sunt
1279 936 1436 984 Apianus
1472 948 1508 984 p.
1547 934 1631 971 256
1669 934 1728 983 qui

119 996 438 1045 praescriptionem
478 995 696 1043 praeposuit.
760 995 824 1044 „In
863 995 970 1032 horto
1010 995 1205 1031 Cardinalis
1240 995 1276 1031 S.
1318 995 1412 1031 Petri
1455 995 1500 1031 ad
1533 991 1728 1040 vincula“;

119 1055 316 1091 Brissonius
349 1055 394 1091 de
426 1053 585 1091 formulis
626 1053 684 1089 lib.
716 1054 774 1090 111.
806 1066 882 1101 cap.
915 1053 981 1089 20.
1029 1054 1155 1089 Gruter
1186 1066 1220 1101 p.
1254 1053 1348 1089 647.
1398 1054 1558 1101 „Romae
1588 1052 1622 1089 in
1654 1064 1726 1101 pa-

120 1114 207 1150 latio
240 1114 285 1150 ad
316 1118 457 1150 sanctos
489 1112 698 1160 apostolos,
731 1113 849 1148 tabula
881 1111 1131 1157 iiiartnorea“·,
1163 1111 1231 1156 alii,
1262 1123 1352 1159 quos
1384 1111 1505 1148 laudat
1536 1111 1728 1148 llaubold:

121 1172 274 1209 illonum.
306 1172 378 1219 leg.
409 1184 443 1220 p.
476 1170 571 1207 291.
605 1170 832 1207 0111131116.
875 1170 1143 1207 Commentariis
1171 1171 1435 1207 illustraverunt
1461 1181 1539 1206 eum
1563 1169 1730 1218 proxime

124 1231 288 1278 sequenti
329 1232 442 1267 altero
485 1230 604 1267 edicto
648 1230 691 1265 de
733 1229 922 1266 Winckler
965 1229 1145 1277 Epistolae
1177 1229 1267 1265 duae
1300 1229 1343 1265 ad
1376 1229 1491 1265 edicta
1523 1228 1730 1277 Aproniana

124 1289 213 1338 Lips.
250 1289 357 1325 1743
393 1294 428 1325 et
460 1289 493 1325 in
536 1289 610 1325 eius
654 1288 840 1336 Opusculis
874 1288 952 1324 Vol.
994 1288 1017 1324 1.
1051 1300 1084 1336 p.
1120 1287 1200 1323 100
1233 1300 1309 1335 sqq.
1342 1287 1534 1324 Boucbaud
1565 1287 1728 1324 Recher-

123 1349 208 1385 ches
226 1348 442 1395 historiques
465 1359 524 1383 sur
546 1348 596 1383 les
619 1347 710 1383 edits
733 1348 794 1383 des
818 1347 1021 1393 magistrats
1050 1347 1239 1392 Romaim,
1270 1346 1303 1382 in
1333 1345 1604 1383 Commentariis
1626 1345 1725 1382 Aca-

125 1407 216 1443 dem.
257 1407 434 1455 lnscriptt.
475 1406 584 1442 Paris.
625 1406 722 1442 Tom.
754 1406 856 1441 XLV.
900 1417 931 1452 p.
966 1405 1045 1441 457
1067 1417 1165 1452 seqq.
1219 1405 1273 1441 Ex
1306 1405 1433 1442 codice
1475 1404 1731 1441 Riecardianae

124 1465 365 1502 bibliothecae
398 1469 433 1501 et
466 1477 485 1501 e
517 1465 596 1501 cod.
637 1464 878 1500 bibliothecae
917 1463 1023 1499 Paris.
1066 1464 1164 1499 dedit
1208 1468 1314 1511 atque
1357 1463 1527 1512 explicuit
1568 1463 1730 1500 Osannus

124 1524 157 1560 in
190 1524 342 1571 Sylloge
373 1536 406 1571 p.
442 1523 536 1559 510.
583 1522 743 1558 Alterum
775 1522 928 1558 edictum
961 1522 1003 1557 ab
1038 1522 1164 1558 eodem
1209 1522 1418 1570 Aproniano
1449 1523 1651 1571 profectum
1685 1521 1730 1558 de

123 1583 247 1619 suariis
288 1582 419 1631 primus
462 1581 573 1618 edidit
614 1581 694 1617 Ald.
726 1580 897 1617 Manutius
931 1581 982 1616 De
1015 1581 1248 1628 orthograph.
1280 1581 1344 1617 Ed.
1377 1581 1419 1617 11.
1452 1593 1484 1629 p.
1519 1580 1612 1618 591.
1644 1580 1728 1629 ple-

124 1652 271 1688 rumque
303 1652 381 1677 cum
413 1640 473 1677 illo
505 1639 628 1687 priore
661 1639 906 1685 coniunctum,
938 1643 974 1674 ut
1005 1639 1098 1686 apud
1132 1639 1340 1686 Gruterum,
1372 1639 1596 1687 Brissonium,
1627 1638 1728 1676 Hau-

126 1700 275 1737 boldum
307 1699 344 1736 11.
376 1711 426 1735 cc.

270 1772 333 1813 Ex
372 1772 605 1813 auctoritate
645 1771 762 1812 'l‘urei
804 1771 1020 1824 Aproniani
1053 1771 1096 1810 Y.
1131 1770 1171 1811 C.
1202 1770 1396 1811 Praefecti
1429 1772 1552 1813 urbis.

264 1832 376 1872 Ratio
410 1830 544 1871 docuit
575 1830 737 1871 utilitate
768 1829 975 1881 suadente,
1007 1829 1294 1871 consuetudine
1326 1830 1495 1870 micandi
1524 1833 1733 1881 summota,

127 1890 202 1933 sub
235 1891 377 1944 exagio
410 1890 539 1942 potius
573 1902 718 1942 pecora
757 1887 932 1929 vendere
965 1900 1081 1941 quam
1124 1888 1254 1942 digitis
1295 1889 1443 1929 micare
1484 1888 1730 1930 colludenti-

125 1946 254 2002 bus¹)
279 1947 451 1998 tradere,
484 1945 583 2000 ut2]
616 1946 792 1999 adpenso
821 1959 982 1999 pecore,
1014 1947 1153 1999 capite,
1186 1946 1349 2000 pedibus
1383 1952 1421 1987 ct
1455 1959 1555 1988 sevo
1571 1943 1613 2001 ¹⁹³)
1645 1946 1733 1988 lae-

126 2004 285 2061 tante4)
318 2012 358 2047 et
389 2007 591 2059 subgulari
624 2006 728 2046 lanio
761 2005 1008 2055 cedentibus,
1039 2005 1189 2057 reliqna
1223 2018 1316 2046 caro
1342 2018 1430 2047 cum
1462 2005 1565 2058 pelle
1597 2009 1637 2045 et
1666 2005 1732 2045 in-

127 2067 300 2107 teraneis
331 2065 510 2118 proficiat
542 2064 750 2114 venditori,
783 2064 856 2105 sub
890 2068 1105 2116 conspectu
1127 2063 1284 2116 publico
1305 2063 1380 2104 fide
1403 2063 1592 2117 ponderis
1616 2075 1732 2105 com-

128 2125 317 2179 probata,
349 2129 390 2164 ut
429 2128 615 2176 ‹luantum
655 2135 750 2164 caro
793 2123 914 2163 occisi
953 2122 1110 2176 pecoris
1142 2121 1339 2175 adpendat
1379 2128 1418 2163 ct
1460 2127 1588 2164 emtor
1629 2122 1734 2164 norit

130 2189 169 2224 et
200 2182 406 2233 venditor,
446 2182 663 2223 eonmiodis
696 2181 875 2221 omuibus
908 2185 945 2220 et
977 2179 1123 2233 praeda
1155 2180 1357 2233 damnata,
1390 2194 1506 2235 quam
1537 2181 1732 2232 tribunus,

129 2241 324 2293 officium,
365 2241 623 2282 cancellarius
665 2245 704 2281 et
744 2240 875 2280 scriba
914 2239 962 2280 de
1005 2240 1194 2292 pecuariis
1237 2252 1383 2292 capere
1427 2243 1732 2282 consueverant.

131 2301 242 2349 Quae
272 2300 397 2341 forma
428 2299 623 2340 interdicti
666 2303 702 2339 et
736 2298 1004 2351 dispositionis
1045 2297 1118 2338 sul)
1160 2297 1279 2351 gladii
1321 2298 1498 2351 periculo
1537 2302 1731 2352 perpetuo

130 2357 389 2402 custodienda
419 2357 633 2398 mandatur.

274 2436 395 2474 1719.
455 2433 515 2474 Ex
548 2433 780 2474 auctoritate
814 2433 930 2474 Turci
961 2432 1176 2486 Aproniani
1208 2432 1251 2472 V.
1284 2432 1324 2473 C.
1356 2433 1482 2474 Praes.
1514 2433 1600 2475 urb.

269 2492 379 2534 Licet
420 2491 585 2533 formam
626 2491 892 2545 dispositionis
933 2496 1020 2532 acta
1060 2491 1307 2541 contineant,
1355 2491 1403 2532 ad
1441 2491 1559 2533 fidem
1600 2496 1731 2533 tamen

130 2555 336 2604 gestorum
366 2551 519 2604 plenius
552 2551 740 2592 memoria
782 2549 1010 2591 tradendam
1052 2549 1219 2591 tabulam
1260 2549 1405 2602 placuit
1445 2549 1587 2605 adfigi,
1627 2562 1732 2604 quae

130 2610 349 2663 publicaret
380 2609 559 2650 ordinem
591 2621 738 2650 rerum.

271 2668 402 2717 Quom
431 2668 588 2710 suarios
618 2667 842 2709 rideremus
873 2667 1024 2709 damnis
1046 2665 1239 2718 adfectos,
1270 2665 1516 2719 providimus
1536 2667 1596 2710 his
1615 2667 1731 2710 leva-

273 2841 310 2886 1)
343 2844 416 2877 cod.
451 2843 552 2877 Paris.
586 2843 851 2877 cumladencibus.
883 2843 1067 2877 Bouehaud
1101 2843 1215 2877 nescio
1249 2842 1356 2876 unde:
1395 2842 1648 2877 conlucentibus.
1686 2860 1727 2866 —-

133 2887 173 2930 2)
200 2895 228 2922 et
252 2890 343 2924 Grut.
370 2901 412 2924 ex
438 2901 547 2936 eoque
572 2889 738 2924 Haubold.
765 2890 853 2924 male
879 2900 941 2934 pro
965 2896 1008 2923 uc.
1045 2908 1084 2913 —
1121 2887 1159 2932 3)
1185 2889 1262 2923 cod.
1288 2889 1363 2923 Par.
1388 2900 1491 2923 saevo.
1522 2906 1565 2912 —
1590 2891 1629 2931 4)
1653 2889 1730 2924 cod.

133 2934 298 2969 Ricciard.
325 2937 466 2977 latence‚·
490 2937 632 2981 Appian.
658 2937 805 2971 lactente.
843 2936 906 2970 Pro
923 2936 1090 2982 sanulm·i
1106 2935 1308 2970 Bouchaud:
1333 2935 1529 2979 suhiuqulari
1553 2937 1668 2972 nescio
1685 2946 1730 2970 an

138 2987 268 3017 temere
292 2990 406 3027 ponat.
441 2983 603 3029 Idemque
628 2994 690 3027 pro
714 2983 878 3018 venditori
900 2994 966 3018 nec
996 2984 1189 3018 necessario
1213 2983 1365 3018 coniicit:
1396 2983 1519 3018 enuort‘.
