1877 3313
497 192 527 235 ξ.
554 192 586 226 4.
635 190 881 236 Imperatorum
906 190 1027 225 Edicta
1053 196 1086 225 et
1110 191 1297 237 Rescripta.
1622 188 1711 234 307

453 340 490 380 §2
522 336 557 374 4.
619 337 891 392 Imperatorum
920 336 1057 373 Edicta
1089 342 1123 374 el
1154 337 1360 385 Rescripta.

218 462 403 498 Sanctio
428 464 710 508 pragmatica
737 463 1004 507 Vespasiani
1030 463 1079 496 ad
1107 464 1340 498 civitatem
1365 463 1591 500 Sabotam.

245 560 368 598 1703.
431 561 563 597 Tabula
596 572 702 597 aerea
737 561 779 596 ad
813 561 983 597 Canetum
1018 560 1187 608 oppidum
1219 561 1294 598 sive
1324 561 1417 598 circa
1439 563 1591 610 Mallaga
1613 561 1712 600 Can-

101 624 206 666 nate,
238 631 330 668 quae
362 619 447 656 olim
480 620 642 665 Sabora,
681 631 700 655 a
733 619 865 656 rustico
898 623 1020 655 arante
1052 624 1207 667 reperta.
1269 620 1489 658 Ediderunt:
1532 621 1713 658 Fabricius

99 680 318 715 Monument.
349 678 410 715 IV.
443 690 477 726 p.
509 677 579 714 20.
637 678 808 714 Gruterus
841 679 945 714 Thes.
978 690 1010 726 p.
1047 677 1141 724 164,
1178 678 1215 725 1,
1276 680 1325 716 Io.
1358 680 1513 717 Mariana
1547 680 1715 729 Hispania

100 738 263 774 illustrat.
295 738 392 774 Tom.
424 737 467 773 ΙΙ.
500 749 533 785 p.
567 736 675 782 2963
707 737 769 773 Tb.
801 737 852 773 Io.
883 737 1041 784 Pigeaud
1065 738 1274 775 Dissertatio
1298 739 1341 774 de
1363 739 1585 787 Vespasiano
1611 739 1716 776 eius-

101 808 170 844 que
201 795 488 844 iurisprudentia.
531 796 644 842 Lugd.
677 796 751 832 Bat.
789 795 913 841 1762,
956 796 993 832 4.
1035 808 1069 844 p.
1104 797 1168 832 74.
1226 797 1267 834 A.
1301 797 1339 834 G.
1373 798 1518 835 Cramer
1549 799 1603 834 De
1635 798 1715 835 Ve-

100 855 280 903 spasiano.
312 854 432 892 Ienae.
469 853 591 891 1785.
625 855 661 891 8.
692 867 727 903 p.
761 854 856 891 204.
891 855 970 902 alii,
1011 866 1099 903 quos
1133 861 1317 893 enumerat
1354 856 1531 896 Haubold.
1561 857 1716 894 Monum.

100 915 174 961 leg.
208 926 243 963 p.
276 913 372 950 226.

242 995 337 1047 Imp.
372 992 484 1035 Caes.
518 994 790 1048 Vespasianus
832 993 935 1048 Aug.
968 995 1077 1035 Pont.
1111 1008 1212 1036 max.
1246 996 1352 1036 Trib.
1386 1001 1465 1050 pot.
1498 993 1591 1037 VIII.
1623 995 1716 1050 Imp.

38 1056 41 1057 ⁷
101 1053 189 1095 XX.
225 1053 316 1095 Cos.
348 1051 412 1093 IX.
432 1051 466 1108 ¹]
500 1052 538 1095 S.
572 1051 676 1108 11²)
707 1052 771 1094 IIII
788 1053 882 1094 viris
914 1059 953 1094 et
983 1054 1274 1095 Decurionibus
1305 1055 1496 1096 Saboren.

242 1123 339 1165 Cum
374 1123 505 1165 multis
549 1123 842 1165 difficultatibus
885 1125 1082 1165 civitatem
1099 1122 1137 1178 3]
1172 1130 1345 1166 vestram
1386 1126 1461 1166 iarn
1494 1126 1621 1178 premi
1650 1126 1719 1167 in-

102 1182 264 1233 dicetis,
308 1183 492 1236 permitto
525 1183 662 1232 vobis,
696 1183 879 1236 oppidum
912 1184 986 1224 sub
1019 1185 1178 1225 nomine
1209 1197 1300 1225 meo
1333 1189 1377 1225 ut
1409 1184 1525 1226 voltis
1556 1186 1594 1226 in
1625 1185 1717 1238 pla-

102 1239 302 1296 niciem4)
336 1247 562 1282 exstruere.
625 1241 857 1296 Vectigalia,
889 1254 988 1294 quae
1020 1255 1041 1282 a
1074 1242 1164 1282 divo
1196 1242 1381 1296 Augusto
1413 1244 1619 1296 accepisse
1651 1243 1719 1284 di-

102 1301 212 1352 citis,
256 1300 449 1341 custodio.
493 1301 533 1342 Si
565 1313 641 1352 qua
673 1313 775 1341 nova
819 1299 978 1341 adicere
1011 1301 1149 1351 voltis,
1192 1300 1241 1340 de
1274 1301 1333 1342 liis
1364 1299 1584 1357 Procos.⁵)
1617 1315 1719 1356 pro-

105 1359 210 1399 vinc.
245 1358 356 1400 adire
390 1358 544 1400 debetis
560 1357 623 1413 6);
657 1372 737 1413 ego
769 1360 872 1398 enim
903 1371 1101 1412 responso
1133 1360 1241 1412 prius
1272 1360 1319 1400 ab
1350 1372 1399 1400 co
1440 1373 1520 1402 non
1552 1365 1720 1415 accepto

103 1416 352 1459 constituere
383 1417 475 1458 nihil
507 1430 680 1470 possum.
743 1417 960 1458 Decretum
994 1417 1073 1458 VIII
1105 1418 1181 1459 kal.
1215 1418 1389 1460 easdem.
1422 1419 1576 1461 Valete.

246 1486 286 1529 C.
320 1487 440 1529 Corn.
474 1488 664 1540 Severus,
696 1487 734 1528 M
766 1488 977 1542 Septimius
1011 1488 1169 1531 Coelius
1200 1488 1231 1530 II
1247 1489 1321 1530 viri
1353 1489 1393 1531 P.
1426 1489 1465 1531 P.
1496 1489 1539 1530 F.
1572 1489 1613 1532 C.
1629 1487 1670 1546 7)

209 1628 496 1674 Rescriptum
521 1628 798 1674 Vespasiani
825 1630 874 1664 ad
902 1641 989 1663 rem
1016 1629 1240 1675 publicam
1267 1631 1613 1666 Vanacinorum.

250 1726 374 1764 1704.
433 1727 625 1776 Repertum
667 1727 702 1764 in
744 1727 870 1765 lamina
913 1739 1020 1765 aerea
1056 1728 1089 1764 in
1132 1728 1213 1766 vico
1254 1729 1387 1777 plagae
1428 1729 1719 1778 septentrionalis

103 1784 239 1822 insulae
271 1785 452 1823 Corsicae.
499 1786 716 1823 Ediderunt:
759 1787 972 1824 Muratorius
1015 1787 1119 1824 Thes.
1157 1787 1263 1824 inser.
1305 1789 1342 1825 T.
1375 1788 1417 1825 11.
1459 1801 1492 1837 p.
1529 1787 1651 1826 1091.
1684 1793 1720 1826 et

101 1844 139 1881 T.
170 1844 230 1881 IV.
263 1857 297 1894 p.
330 1843 426 1881 204.
473 1845 535 1882 Tb.
567 1844 619 1882 Io.
651 1845 810 1892 Pigeaud
854 1846 894 1882 D.
927 1846 972 1882 de
1004 1846 1238 1894 Vespasiano.
1270 1847 1382 1894 Lugd.
1415 1848 1489 1885 Bat.
1525 1846 1647 1885 1762.
1680 1848 1719 1887 4.

103 1915 137 1951 p.
172 1902 236 1940 75.
285 1903 449 1940 Haubold
481 1903 635 1941 Monum.
666 1904 773 1952 legal.
806 1917 839 1953 p.
872 1904 967 1942 228.
1016 1904 1126 1942 Orell.
1158 1904 1283 1942 4031.

243 1983 336 2037 Imp.
370 1982 518 2024 Caesar
550 1983 820 2037 Vespasianus
853 1983 1059 2039 Augustus
1091 1985 1387 2039 magistratibus
1409 1990 1449 2027 et
1465 1985 1720 2028 senatoribus

104 2041 394 2083 Vanacinorum
426 2042 595 2083 salutem
628 2043 730 2084 dicit.

244 2112 448 2153 OtacIliuin
487 2112 674 2168 Sagittam
715 2114 881 2155 amicum
926 2119 966 2155 et
1006 2120 1306 2168 procuratorem
1347 2127 1477 2156 meum
1520 2115 1572 2157 ita
1603 2115 1719 2158 vobis

102 2171 338 2225 praefuisse,
371 2176 413 2212 ut
443 2173 710 2213 testimonium
742 2178 919 2214 vestrum
953 2179 1187 2226 mercretur,
1221 2173 1411 2215 delector.

244 2242 304 2283 De
338 2243 616 2284 controversia
647 2243 804 2295 finium,
837 2257 952 2297 quam
985 2245 1137 2285 habetis
1170 2258 1257 2286 cum
1289 2244 1499 2297 MarianiS,
1530 2243 1720 2298 pendenti

103 2313 156 2340 ex
186 2301 232 2341 iis
264 2302 385 2355 agris,
418 2313 518 2354 quos
551 2315 574 2343 a
606 2308 872 2356 procuratore
904 2317 992 2344 meo
1024 2303 1189 2345 Publilio
1221 2303 1449 2345 Memoriale
1481 2304 1646 2356 emistis,
1676 2308 1719 2345 ut

103 2358 233 2400 finiret
250 2360 435 2401 Claudius
461 2360 643 2403 Clemens
661 2366 900 2415 procurator
921 2374 1048 2413 meus,
1080 2363 1224 2416 scripsi
1251 2363 1288 2403 ei
1304 2367 1343 2403 et
1360 2375 1587 2404 mensorem
1616 2363 1717 2404 misi.

242 2430 444 2472 Beneficia
475 2432 618 2472 tributa
651 2433 765 2472 vobis
797 2445 820 2473 a
851 2432 941 2473 divo
972 2432 1154 2485 Augusto
1194 2437 1284 2486 post
1315 2434 1524 2487 septimum
1565 2445 1718 2474 consu-

104 2487 234 2540 latum,
268 2502 373 2543 quae
404 2490 443 2530 in
475 2494 654 2544 tempora
687 2490 835 2531 Galbae
867 2492 1084 2532 retinuistis
1117 2491 1322 2533 confirmo.

245 2559 424 2615 Egerunt
454 2561 600 2616 legati.-
639 2561 811 2603 Lasemo
844 2561 1016 2603 Leucani
1048 2561 1089 2603 F.
1122 2562 1278 2604 sacerd.
1311 2562 1416 2617 Aug.
1438 2562 1578 2604 Eunus
1609 2562 1718 2605 Tos—

245 2726 283 2769 1)
309 2737 338 2759 a.
366 2737 396 2760 u.
424 2737 452 2759 c.
478 2726 556 2760 832.
583 2738 612 2760 a.
640 2726 717 2760 Chr.
744 2727 798 2760 79.
836 2745 875 2749 —
910 2725 950 2769 2)
976 2727 1119 2761 salutem
1153 2727 1243 2761 dicit.
1269 2726 1368 2772 Apud
1400 2726 1584 2760 Marianam
1614 2727 1716 2770 plene

106 2773 228 2817 scripta
251 2772 409 2816 leguntur
434 2778 468 2807 et
497 2773 568 2807 aliis
601 2774 766 2807 numeris:
800 2774 951 2817 pontifex·
975 2775 1162 2818 mamimus,
1195 2774 1382 2808 tribuniciae
1410 2775 1575 2818 'potestatis
1603 2773 1718 2809 V1111.

105 2818 184 2862 imp.
209 2819 318 2853 XIIX.
344 2832 407 2853 cos.
438 2818 531 2853 VIII.
557 2820 696 2854 salutem
730 2820 811 2853 dicit
833 2820 907 2854 ΙΙΙΙ
916 2822 999 2854 viris
1024 2828 1053 2854 ec
1076 2821 1301 2855 decurionibus
1335 2820 1573 2855 Saborensz'um.
1606 2839 1648 2845 -—
1675 2820 1715 2864 3)

106 2875 168 2907 pro
193 2867 355 2899 civitatem
380 2866 550 2900 Mariana:
584 2860 804 2910 infirmitatem
830 2874 864 2900 et
889 2879 967 2901 mox
991 2870 1063 2902 sine
1089 2870 1166 2902 iam.
1203 2886 1243 2891 —-
1278 2866 1316 2910 4)
1342 2868 1379 2900 in
1411 2866 1550 2911 planum
1574 2868 1715 2903 Marian.

109 2927 150 2933 —
180 2911 218 2954 5)
241 2913 467 2957 proconsulem
491 2915 616 2947 omisso
642 2914 811 2947 vocabulo
834 2916 985 2958 provinc.
1012 2916 1150 2948 Marian.
1186 2933 1226 2938 —-
1260 2912 1299 2956 6)
1324 2913 1481 2948 debebitis.
1506 2914 1643 2950 Marian.
1671 2934 1714 2940 —

108 2954 146 2998 ¹7)
171 2960 312 3000 pecunIa
337 2960 472 3004 publica
496 2960 689 2996 faciundum
715 2967 931 2997 curaverunt.
968 2961 1035 2997 Sed
1060 2962 1226 2997 Mariana:
1257 2960 1388 3006 publica
1408 2962 1553 3006 pecunia
1577 2963 1615 2998 z'n
1638 2973 1716 2999 aere

106 3003 306 3043 inciderunt.

1403 3066 1461 3111 20
1476 3066 1504 3093 95
