1918 3313
490 142 521 184 §.
549 142 578 177 1.
628 141 795 177 Locorum
822 147 855 176 et
879 152 994 177 rerum
1020 155 1195 179 sacrarum
1221 146 1462 182 dedicationes.
1729 147 1786 191 37

839 354 1025 420 Caput
1061 356 1122 404 ΙΙ.

764 590 1200 626 TABULAE.

431 715 468 754 §-
499 710 528 748 1.
589 710 771 748 Locorum
803 718 838 749 ee
867 724 996 749 rerum
1027 725 1228 751 sacrarum
1260 715 1531 753 dedicationes.

310 828 404 865 361.
467 827 511 868 L.
546 826 701 869 Aienus
733 827 776 868 L.
809 828 849 869 F.
885 828 932 877 Q.
965 828 1174 870 Baebatius
1202 829 1291 871 Sex.
1313 830 1355 872 F.
1385 830 1525 871 aedem
1556 829 1785 873 dedicarun.

163 886 269 928 Iovis
300 886 435 927 Liberi
467 885 644 927 Fui-fone
678 886 725 927 A.
759 887 805 927 D.
838 887 885 928 lll
917 887 1005 929 Idus
1039 889 1269 937 Quinctileis
1302 889 1344 930 L.
1376 890 1548 941 Pisone,
1579 889 1627 931 A.
1662 890 1786 932 Gabi-

163 946 230 988 nio
263 944 353 987 Cos.
376 942 411 999 ¹)
446 958 585 986 mense
616 946 782 987 Flusare
815 947 1050 989 comolateis
1066 946 1107 1002 ²)
1143 949 1254 989 olleis
1287 948 1467 1003 legibus,
1507 948 1609 990 illeis
1639 950 1785 1004 regio-

164 1005 280 1046 nibus
314 1005 396 1045 utei
429 1010 636 1045 extremae
671 1005 906 1058 undaequae
922 1003 962 1062 3)
1006 1007 1135 1061 lapide
1168 1007 1269 1048 facta
1309 1009 1503 1061 hoiusque
1535 1007 1645 1049 aedis
1685 1021 1786 1064 ergo

163 1065 246 1106 utei
278 1065 371 1117 quei
403 1063 451 1104 ad
485 1077 570 1105 eam
605 1063 718 1104 aede.
751 1065 960 1118 scalasque
993 1066 1142 1119 lapides
1165 1067 1406 1108 tauctuendo
1436 1067 1648 1109 columnae
1681 1071 1786 1110 stant

163 1125 262 1164 citra
294 1123 423 1164 scalas
455 1123 504 1164 ad
538 1123 678 1163 aedem
717 1136 860 1165 versus
901 1126 1134 1178 stipitesque
1166 1126 1276 1166 aedis
1309 1126 1448 1167 humus
1461 1124 1503 1181 ⁴)
1535 1127 1787 1168 tabulamen-

163 1187 280 1235 taque
303 1183 382 1223 utei
412 1188 593 1238 tangere,
617 1183 782 1233 sarcire,
806 1189 962 1236 tegere,
987 1184 1202 1234 devehere,
1236 1184 1429 1239 deligere,
1462 1185 1648 1227 mandare
1675 1186 1785 1228 ferro

163 1239 319 1296 oeti5),
352 1254 625 1295 promovere,
655 1242 812 1282 referre
847 1243 988 1295 fasque
1020 1249 1120 1283 esto.
1184 1243 1250 1285 Sei
1283 1244 1391 1296 quod
1423 1244 1472 1284 ad
1515 1257 1601 1285 eam
1644 1245 1786 1286 aedem

163 1301 307 1342 donum
340 1301 470 1341 datum
504 1301 690 1341 donatum
719 1300 1026 1353 dedicatumque
1051 1303 1139 1352 erit,
1162 1303 1241 1342 utei
1264 1303 1379 1343 liceat.
1403 1304 1495 1352 oeli,
1516 1303 1784 1354 venumdare;

161 1361 254 1401 ubei
286 1372 432 1400 venum
466 1359 596 1400 datum
632 1359 729 1410 erit,
772 1358 809 1398 id
853 1359 1062 1413 profanum
1107 1365 1217 1410 esto;
1262 1360 1436 1402 venditio
1470 1361 1614 1404 locatio
1646 1363 1784 1404 aedilis

161 1423 262 1470 esto,
296 1431 416 1472 quem
451 1431 570 1472 quom
604 1431 681 1471 que
704 1418 841 1458 veiens
876 1419 1046 1460 Fursens
1074 1419 1256 1471 fecerint,
1290 1421 1396 1473 quod
1424 1433 1469 1461 se
1501 1422 1675 1462 sentiunt
1696 1435 1784 1463 eam

158 1491 245 1520 rem
277 1479 364 1519 sine
396 1478 570 1529 scelere,
603 1479 689 1519 sine
722 1478 902 1530 piacu103
935 1479 1007 1519 alis
1041 1491 1090 1519 nc
1124 1484 1297 1532 potesto.
1362 1479 1476 1528 Quae
1509 1481 1680 1534 pequnia
1711 1494 1784 1522 re-

160 1542 275 1591 cepta
307 1537 394 1588 erit,
428 1550 475 1577 ea
508 1538 681 1590 pequnia
713 1550 861 1586 emere,
896 1537 1140 1593 conducere,
1172 1539 1322 1589 locare,
1355 1540 1450 1580 dare
1470 1539 1577 1592 quod
1607 1540 1647 1581 id
1674 1545 1781 1581 tem-

157 1597 264 1651 plum
298 1596 440 1637 metius
474 1596 681 1637 honestius
720 1598 796 1637 seit
839 1597 980 1646 liceto;
1022 1610 1124 1650 quae
1167 1599 1338 1652 pequnia
1382 1599 1430 1639 ad
1473 1611 1541 1640 eas
1583 1611 1650 1640 res
1693 1599 1781 1642 data

159 1657 259 1706 erit,
301 1655 474 1709 profana
506 1660 595 1697 esto
639 1655 745 1709 quod
790 1656 832 1696 D.
875 1654 982 1711 Me)
1017 1670 1095 1698 non
1130 1659 1204 1698 erit
1236 1656 1395 1698 factum.
1460 1657 1574 1707 Quod
1607 1664 1782 1713 emptum

159 1716 234 1756 erit
275 1727 369 1756 aere
411 1720 477 1756 aut
522 1720 692 1769 argento
736 1728 784 1756 ea
827 1717 999 1768 pequnia
1042 1716 1088 1757 ad
1131 1716 1168 1757 id
1211 1718 1397 1771 templum
1439 1717 1527 1758 data
1570 1719 1644 1759 erit
1676 1717 1783 1772 quod

159 1779 338 1829 emptum
371 1775 459 1826 erit,
492 1775 550 1815 eis
589 1775 709 1815 rebus
753 1774 893 1815 eadem
937 1775 1003 1816 lex
1041 1781 1129 1817 esto
1172 1777 1313 1829 quasei
1353 1777 1412 1818 sei
1455 1776 1678 1819 dedicatum
1718 1778 1781 1819 sit.

157 1834 222 1876 Sei
254 1835 322 1888 qui
355 1833 442 1874 heic
472 1846 629 1875 sacrum
661 1836 918 1888 surupuerit,
960 1834 1110 1875 Aedilis
1143 1835 1317 1876 multatio
1358 1840 1469 1886 esto,
1505 1838 1640 1889 quanti
1671 1836 1784 1879 volet

156 1893 276 1947 idque
319 1894 458 1934 veicus
490 1894 553 1934 Mi.
586 1906 679 1947 pars
713 1893 920 1935 Fit'eltares
952 1895 1011 1935 sei
1043 1895 1251 1947 apsolvere
1284 1895 1419 1935 volent
1458 1896 1544 1937 sive
1586 1896 1783 1937 condem—

157 1965 274 2004 nare,
305 1952 436 1994 liceto.
501 1953 567 1994 Sei
600 1953 694 2005 quei
726 1952 774 1993 ad
807 1953 884 1994 huo
926 1954 1110 2007 templum
1152 1967 1237 1994 rem
1280 1953 1477 1995 deivinam
1518 1954 1661 1996 fecerit
1699 1955 1783 1996 Iovi

156 2012 302 2054 Libero
335 2016 400 2053 aut
431 2012 534 2053 Iovis
577 2011 727 2062 Genio,
769 2011 908 2065 pelleis
951 2014 1061 2054 coria
1104 2012 1207 2054 fanei
1250 2017 1381 2054 sunto.
1413 2037 1468 2043 —
1500 2017 1539 2052 In
1572 2017 1710 2066 oppido
1742 2017 1781 2054 S.

156 2073 322 2111 Nicandri
354 2085 470 2123 prope
505 2074 674 2122 Aquilam
707 2085 753 2109 ex
785 2075 971 2122 parietinis
1003 2075 1188 2119 Furfonis,
1230 2075 1326 2111 cuius
1372 2076 1465 2111 nulla
1508 2077 1642 2113 mentio
1686 2076 1781 2124 apud

157 2134 331 2170 Mannert.
378 2133 533 2170 Fabi-eu.
566 2145 599 2182 p.
634 2133 729 2170 612.
777 2134 901 2170 Murat.
937 2135 1034 2180 587,
1072 2133 1106 2171 1.
1141 2133 1305 2170 D'Orvill.
1339 2134 1470 2171 Sicula.
1503 2135 1538 2171 P.
1570 2135 1602 2172 11
1625 2147 1659 2184 p.
1684 2135 1779 2172 595.

158 2192 254 2230 Orel.
287 2192 416 2229 2488.
465 2192 630 2229 Haubold
664 2193 756 2230 Mon.
791 2193 862 2240 leg.
894 2205 927 2242 p.
957 2193 1053 2231 141.
1100 2194 1226 2240 Egger
1259 2193 1330 2230 Lat.
1363 2206 1467 2230 serm.
1500 2194 1601 2242 reliq.
1624 2207 1658 2243 p.
1681 2194 1778 2232 281.

299 2270 395 2306 362.
458 2267 502 2308 Τ.
545 2267 694 2309 Statilio
739 2268 895 2319 Tauro,
947 2268 989 2309 L.
1043 2268 1182 2309 Cassio
1224 2267 1407 2322 Longino
1451 2267 1541 2309 Cos.
1559 2265 1601 2324 ⁷)
1643 2269 1692 2310 X.
1732 2269 1777 2310 Κ.

158 2326 320 2368 Octobr.
353 2326 510 2367 Numini
542 2326 713 2380 Augusti
752 2332 889 2368 votum
931 2333 1161 2381 susceptum
1193 2339 1215 2367 a
1247 2326 1365 2380 plebe
1387 2327 1708 2370 Narbonensium
1739 2329 1778 2369 in

156 2390 407 2440 perpetuom.
471 2385 586 2433 Quod
618 2387 764 2427 bonum
799 2385 896 2426 felix
926 2386 1180 2438 faustumque
1219 2387 1271 2426 sit
1302 2385 1393 2440 Imp.
1427 2386 1587 2428 Caesari
1619 2387 1706 2428 Divi
1736 2387 1777 2428 F.

157 2445 344 2499 Augusto
375 2445 416 2485 P.
449 2445 489 2485 P.
521 2444 700 2486 Pontifici
732 2447 917 2497 maximo,
950 2446 1055 2486 Trib.
1089 2449 1230 2498 potest.
1264 2445 1440 2486 XXXIV.
1465 2447 1638 2500 coniugi,
1673 2446 1777 2486 libe-

156 2505 226 2555 ris,
259 2504 451 2559 gentique
484 2504 570 2545 eius
602 2504 761 2545 Senatui
804 2505 1032 2558 Populoque
1073 2504 1253 2545 Romano
1287 2510 1326 2545 et
1358 2505 1511 2547 colonis
1553 2505 1776 2557 incolisque

159 2562 198 2603 C.
229 2563 256 2604 1.
291 2563 330 2604 P.
364 2563 408 2604 N.
441 2564 492 2605 M.
507 2559 548 2618 3)
582 2564 650 2616 qui
683 2576 727 2604 se
759 2565 908 2604 numini
941 2565 1025 2603 eius
1068 2563 1357 2617 imperpetuum
1401 2563 1570 2605 colendo
1612 2564 1775 2618 obliga-

157 2628 314 2674 verunt,
345 2622 461 2664 Plebs
492 2622 815 2664 Narbonensium
847 2636 955 2663 aram
986 2622 1173 2663 Narbone
1205 2623 1244 2664 in
1276 2622 1368 2665 foro
1401 2624 1544 2678 posuit,
1576 2621 1625 2664 ad
1657 2635 1774 2676 quam

300 2802 336 2848 1)
362 2805 401 2839 U.
428 2817 458 2839 c.
484 2805 562 2839 695.
591 2823 632 2828 —
661 2804 698 2849 2)
725 2817 800 2840 cum
828 2805 916 2840 tatis.
944 2823 986 2828 —
1013 2803 1051 2847 3)
1079 2805 1236 2851 undiqne.
1273 2824 1316 2829 —
1348 2803 1387 2848 4)
1421 2805 1486 2850 leg.
1517 2804 1622 2839 huius.
1655 2822 1701 2828 —-
1733 2804 1772 2849 5)

158 2850 473 2887 Construendumae
506 2853 667 2886 mandare
698 2854 790 2896 ferro
823 2850 962 2895 (dativ.)
998 2862 1041 2885 an
1073 2852 1139 2898 leg.
1171 2854 1334 2887 mundare
1355 2854 1464 2896 ferro,
1500 2853 1576 2887 vel:
1599 2854 1774 2897 mundare,

155 2900 247 2942 ferre
271 2897 355 2941 (oeli
379 2910 440 2945 pro
464 2898 561 2943 mis?
609 2899 700 2934 Oret.
729 2920 769 2924 -
797 2899 834 2943 6)
862 2900 940 2933 dolo
977 2899 1077 2933 malo.
1111 2917 1156 2922 —-
1191 2900 1230 2944 7)
1257 2899 1294 2934 U.
1321 2912 1351 2935 e.
1379 2900 1457 2935 764.
1483 2911 1516 2945 p.
1541 2900 1620 2936 Chr.
1646 2900 1701 2935 11.
1726 2917 1772 2923 -

159 2944 198 2989 8)
224 2947 377 2981 coloniae
403 2947 509 2981 Iuliae
535 2947 698 2982 Paternae
723 2947 892 2982 Narbonis
918 2946 1039 2982 Martii.
