1877 3313
397 168 429 211 §.
454 167 487 204 2.
536 168 574 204 In
598 168 760 204 aedificiis
783 167 929 214 publicis
953 167 1071 203 Italiae
1097 173 1130 202 et
1154 167 1417 213 provinciarum.
1641 165 1725 211 149

120 275 246 318 Genio
279 275 461 318 coloniae
493 280 533 316 et
562 276 794 317 colonorum
826 275 991 317 honoris
1024 287 1157 328 causa,
1189 273 1295 328 quod
1316 277 1513 329 perpetuo
1545 271 1725 315 feliciter.

119 338 241 376 Nolae.
289 338 387 375 Grut.
416 351 450 387 p.
485 337 578 374 109.
624 339 732 374 lllorc.
767 337 831 386 Op.
863 349 920 385 ep.
953 337 996 374 II.
1033 337 1127 373 135.

263 413 384 452 1287.
446 411 486 452 C.
518 411 710 453 Aemilius
743 410 781 452 C.
814 411 855 451 F.
877 411 992 465 Serg.
1013 407 1048 465 1)
1070 411 1301 452 Homulinus
1323 410 1422 451 Dec.
1445 408 1520 450 col.
1543 407 1667 449 Murs.
1682 405 1725 462 2)

120 471 171 513 ob
201 470 396 512 honorem
428 470 646 512 flaminatus
678 471 864 511 tabernas
897 469 924 509 L
959 482 1044 510 cum
1076 470 1294 523 porticibus
1327 468 1547 522 duplicibus
1568 466 1599 507 II
1621 467 1726 519 quib.

119 535 320 571 mercatus
353 535 541 583 ageretur
570 529 739 582 pecunia
770 541 842 569 sua
872 527 978 568 fecit.
1011 552 1067 558 —-
1097 531 1222 568 Essek.
1274 529 1550 568 Schoenvisner.
1582 527 1728 576 Antiqq.

120 592 244 629 Sabar.
276 603 310 639 p.
343 590 410 627 29.
461 590 520 627 Or.
555 589 680 627 3281.

263 666 384 703 1288.
443 664 484 704 P.
516 664 669 718 Magius
708 663 749 704 P.
782 663 822 703 F.
859 662 904 711 Q.
948 662 1140 704 Minucius
1178 663 1221 703 L.
1261 663 1302 704 F.
1337 659 1483 716 Ces.³)
1524 659 1727 701 basilicam

72 726 74 729 ’
118 723 194 764 fac.
228 724 378 764 curavit
410 722 459 763 de
491 734 575 764 sen.
609 719 770 777 senff)
803 744 858 750 —
891 723 1024 761 Catacii
1055 725 1089 761 in
1121 724 1273 761 Bruttiis.
1305 725 1406 762 Fabr.
1433 735 1468 773 p.
1491 721 1586 760 241.
1617 722 1728 759 More.

119 785 196 822 Stil.
229 784 448 821 CCXXVIII.

264 859 386 898 1289.
448 857 490 898 L.
523 856 666 898 Ateius
699 857 750 898 Μ.
782 856 823 897 F.
858 856 992 910 Capito
1024 857 1214 898 Duomvir
1241 857 1381 910 Quinq
1397 853 1436 911 5)
1470 855 1631 905 curiam,
1663 858 1730 894 ta-

118 901 328 963 bularium,
360 916 597 966 scenarium,
630 916 904 957 subsellarium
928 916 1017 957 loco
1048 918 1200 970 piivato
1234 916 1282 955 de
1314 929 1384 957 sua
1415 914 1584 969 pecunia
1615 911 1656 953 C.
1686 912 1728 953 C.

118 976 166 1017 N.
199 975 240 1016 F
256 973 297 1030 6)
331 976 529 1025 coeravit,
561 976 749 1028 porticus,
783 974 969 1015 cenacula
1003 988 1054 1015 ex
1086 975 1354 1016 Decurionum
1387 973 1549 1014 decreto
1582 971 1632 1012 de
1658 983 1728 1012 sua

117 1035 285 1088 pecunia
308 1034 350 1075 C.
374 1033 414 1074 C.
438 1034 483 1075 N.
501 1031 540 1089 6)
566 1033 749 1074 faciunda
775 1034 965 1086 coeravit,
987 1033 1116 1086 idenq.
1139 1034 1332 1087 probavit.
1366 1055 1422 1062 —-—
1454 1034 1576 1072 castel
1596 1043 1730 1071 nuovo.

119 1096 242 1133 Marini
275 1096 348 1133 Aui
380 1096 422 1132 ΙΙ.
454 1108 489 1144 p.
523 1095 616 1131 528.
664 1095 722 1132 Or.
757 1094 881 1131 2600.

263 1170 384 1208 1290.
446 1168 514 1209 Iul.
557 1168 765 1209 Nemesius
807 1167 1039 1209 Nomentan.
1082 1169 1170 1208 vice
1212 1168 1264 1208 M.
1306 1167 1441 1208 Aurel.
1482 1166 1575 1220 Imp.
1618 1178 1732 1207 sacra

119 1228 291 1269 Belicam
323 1228 490 1282 gubern.
522 1228 764 1281 praetorium
798 1228 836 1267 in
870 1227 965 1267 urbe
997 1227 1166 1277 Munda,
1209 1239 1287 1280 quo
1319 1232 1454 1279 patres
1488 1230 1526 1266 et
1557 1238 1646 1278 pop.
1680 1225 1730 1265 ob

119 1299 244 1340 remp.
262 1287 337 1327 rite
356 1285 548 1327 administ.
568 1298 735 1326 conven.
753 1285 838 1326 fieri
861 1285 987 1326 mand.
1019 1308 1074 1313 ——
1106 1288 1256 1324 Mundae
1278 1288 1312 1324 iu
1336 1287 1432 1335 Hisp.
1465 1286 1561 1323 Grut.
1583 1299 1617 1335 p.
1639 1285 1732 1323 168.

263 1365 385 1402 1291.
447 1363 490 1403 T.
523 1361 764 1415 Pompullius
797 1362 838 1402 L.
871 1362 912 1402 F.
946 1362 1099 1415 Lappa,
1140 1361 1170 1401 II
1203 1362 1284 1412 vir,
1327 1361 1470 1413 Quinq.
1504 1360 1612 1400 Trib.
1654 1359 1732 1400 mil.

120 1435 142 1463 a
183 1421 331 1476 populo
372 1420 501 1462 Praef.
544 1420 644 1461 fabr.
687 1433 740 1460 ex
780 1426 1020 1461 testamento
1064 1421 1202 1460 atrium
1245 1421 1529 1461 auctionarium
1567 1418 1654 1458 fieri
1693 1423 1733 1459 et

119 1481 358 1522 Mercurium
389 1481 614 1532 Augustum
647 1492 802 1519 sacrum
835 1480 927 1532 poni
958 1480 1073 1520 iussit
1114 1480 1303 1520 arbitratu
1341 1478 1548 1532 Epaphrae
1588 1477 1732 1519 liberti.

119 1562 176 1570 ω·-
208 1542 334 1579 Corae.
367 1542 474 1578 More.
519 1541 595 1577 Stil.
629 1541 914 1578 CCXXXXVHI.
947 1553 992 1577 ex
1025 1541 1217 1578 Giovenaz.
1249 1541 1329 1577 Mss.

263 1617 384 1665 1292.
446 1613 485 1655 C.
525 1614 717 1655 Caecilius
763 1614 807 1662 Q.
843 1615 882 1655 F.
917 1614 999 1655 Gal.
1015 1612 1054 1669 τ)
1097 1614 1231 1656 Gallus
1273 1614 1361 1654 hab.
1405 1625 1552 1667 equum
1582 1609 1734 1668 pub.8)

107 1673 219 1715 Aed.
252 1673 339 1715 hab.
372 1675 445 1714 iur.
479 1673 554 1714 dic.
587 1669 693 1728 oft)
726 1674 929 1727 Propraet.
963 1672 1092 1714 Praef.
1125 1686 1212 1727 pro.
1245 1672 1292 1714 ΙΙΙ
1314 1674 1376 1713 vir
1396 1671 1461 1713 llll
1482 1672 1609 1712 Praef.
1633 1671 1758 1728 fabr.-

119 1732 209 1774 Cos.
241 1732 283 1773 ll.
316 1737 356 1773 et
386 1732 513 1773 Praet.
544 1732 587 1773 II.
621 1731 707 1772 hab.
741 1745 828 1774 orn.
862 1732 1005 1785 Quinq.
1039 1731 1082 1773 D.
1115 1733 1160 1772 D.
1182 1729 1238 1782 10)
1283 1744 1335 1772 ex
1364 1732 1398 1771 V
1431 1730 1604 1772 decuriis
1635 1731 1734 1771 Dec.

119 1791 178 1832 ΠΙ.
212 1791 537 1844 Quinquennalis,
568 1790 696 1831 Praef.
729 1792 755 1832 I.
787 1791 834 1831 D.
868 1791 1065 1832 Rusicadi.
1099 1791 1256 1832 Flamen
1286 1790 1363 1831 divi
1385 1785 1480 1841 Iulii,
1512 1787 1733 1843 nomini¹¹)

120 1863 193 1892 suo
226 1855 265 1891 et
295 1851 504 1892 Proxiniae
535 1849 585 1891 Μ.
617 1850 658 1890 F.
690 1850 881 1891 Proculae
924 1851 1063 1890 uxoris
1106 1862 1204 1890 suae
1237 1854 1275 1890 et
1306 1849 1357 1890 fil.
1401 1848 1534 1890 Gallae
1567 1852 1606 1888 et
1637 1847 1736 1889 Galli

121 1914 161 1949 et
193 1909 468 1950 Coruncaniae
499 1914 538 1950 et
568 1908 792 1963 Nigellinae
824 1909 994 1949 tribunal
1026 1913 1066 1949 et
1095 1913 1237 1950 rostra.
1270 1907 1307 1949 S.
1341 1908 1381 1948 P.
1414 1908 1455 1948 F.
1486 1907 1528 1948 C.
1560 1930 1616 1937 ——
1648 1909 1734 1946 Phi-

120 1970 281 2020 lippville
314 1965 550 2022 [Rusicada).
584 1971 709 2007 Clarae
740 1971 873 2007 Musee.
905 1970 983 2007 livr.
1020 1970 1083 2007 13.
1114 1971 1163 2018 pl.
1194 1969 1380 2006 LXXXIV.
1419 1968 1512 2005 103.

265 2046 387 2083 1293.
447 2043 491 2085 Ε.
536 2044 727 2084 Caecilius
771 2044 816 2092 Q.
860 2043 956 2084 Gall.
977 2041 1032 2098 ¹3)
1075 2043 1207 2085 Gallus
1251 2043 1288 2086 S.
1330 2043 1371 2084 P.
1392 2040 1448 2097 ¹⁴]
1490 2065 1545 2071 ——
1586 2044 1734 2081 Ibidem.

121 2117 237 2202 ἳιέἕθ
252 2105 433 2201 ἕνοκίιηε
464 2106 743 2154 praecedentem
774 2105 922 2142 titulum.
956 2106 1080 2142 Clarae
1111 2107 1242 2142 Musee.
1274 2105 1350 2142 livr.
1387 2103 1450 2142 13.
1478 2105 1526 2153 pl.
1547 2102 1735 2141 LXXXIV.

266 2241 388 2278 1294.
450 2238 492 2279 C.
525 2237 693 2280 Sennius
727 2223 779 2279 (3.Χ
799 2238 838 2279 F.
871 2238 958 2279 Vol.
977 2235 1033 2294 ¹⁵)
1066 2237 1230 2280 Sabinus
1262 2237 1389 2278 Praef.
1422 2237 1521 2278 fabr.
1541 2233 1597 2291 16)
1630 2235 1735 2277 bali-

122 2310 256 2349 neum,
287 2310 490 2350 campum,
522 2299 699 2351 porticus
731 2310 777 2338 ac
808 2309 932 2351 aquas
963 2297 1105 2350 iusque
1137 2309 1273 2337 earum
1306 2309 1497 2349 aquarum
1530 2296 1624 2336 tubo
1657 2294 1736 2335 du—

123 2356 338 2397 cendarum
371 2357 424 2397 ita
455 2362 496 2397 ut
527 2361 638 2397 recte
676 2356 901 2409 praefluere
933 2357 1084 2409 possint
1123 2356 1271 2396 vicanis
1303 2355 1584 2396 Albinensibus
1616 2353 1662 2394 D.
1695 2352 1734 2394 S.

123 2416 171 2456 D.
192 2412 247 2471 ¹⁷)
280 2436 336 2444 --
368 2417 557 2463 Albiunae,
590 2418 649 2466 qui
681 2418 779 2454 vicus
804 2422 880 2454 erat
901 2419 1156 2465 Allobrogum,
1187 2429 1279 2454 nunc
1302 2417 1408 2464 Alby.
1439 2417 1561 2453 lllurat.
1583 2427 1617 2464 p.
1637 2414 1736 2453 485.

125 2476 220 2514 Orel.
257 2476 348 2513 199.
395 2477 506 2513 More.
539 2477 616 2514 Stil.
650 2476 860 2513 CCLXXXI.

266 2637 302 2682 1)
329 2639 447 2682 Sergia
472 2638 572 2673 tribu.
608 2656 649 2662 —-
684 2637 726 2682 2)
763 2639 902 2672 decurio
935 2639 1090 2672 coloniae
1123 2638 1268 2671 Mursiae
1295 2634 1367 2678 (ubi
1395 2646 1483 2669 nunc
1509 2640 1561 2669 est
1584 2634 1733 2692 Ersek.).

126 2705 166 2709 —
194 2684 232 2729 3)
261 2685 390 2720 Censor
416 2692 569 2731 uterque.
597 2703 639 2708 —-
668 2684 705 2728 4)
731 2686 873 2719 Senatus
899 2689 1076 2720 sententia
1105 2702 1145 2706 -
1174 2684 1210 2726 5)
1239 2684 1300 2725 Qui
1294 2683 1514 2728 mquennalis.
1540 2700 1582 2704 —
1617 2681 1655 2725 6)
1681 2686 1734 2717 ci-

124 2734 220 2767 vibus
247 2733 356 2767 Casti-i
381 2735 462 2766 novi
488 2733 688 2766 faciundum.
717 2751 758 2755 —
786 2732 824 2776 7)
851 2733 981 2766 Galeria
1002 2740 1040 2766 tri
1036 2734 1101 2765 bu.
1129 2748 1169 2753 —
1196 2728 1234 2771 8)
1263 2730 1390 2762 babens
1410 2741 1543 2774 equum
1551 2729 1734 2773 publicum.

126 2779 164 2823 9)
191 2781 351 2814 fortasse:
387 2780 502 2813 aedilis
538 2780 667 2813 habens
703 2781 781 2813 iuris
816 2780 952 2813 dicundi
978 2782 1101 2824 quinqu
1084 2777 1343 2818 uennalitatem3
1377 2777 1435 2810 sed
1463 2776 1585 2822 aliquid
1610 2777 1736 2812 turbati

126 2827 266 2861 subesse
291 2828 436 2861 videtur.
463 2844 507 2848 —-
533 2825 594 2869 10)
615 2827 741 2860 habens
759 2833 956 2860 ornamenta
975 2824 1269 2870 quinquennalicia
1284 2825 1501 2857 decurionum
1517 2825 1666 2858 decreto.
1688 2842 1734 2849 --

127 2874 188 2914 11)
214 2876 262 2907 sic
288 2885 365 2918 pro.
394 2885 482 2907 nomi
488 2885 540 2907 ne.
569 2892 610 2896 —
639 2872 697 2916 12)
724 2885 783 2907 sua
809 2875 950 2917 pecunia
977 2872 1130 2905 faciunda
1158 2873 1299 2904 curavit.
1332 2888 1377 2893 —
1412 2868 1472 2914 13)
1497 2870 1610 2912 Quinti
1634 2872 1733 2914 fitius,

128 2920 260 2954 Galeria
286 2921 385 2954 tribu.
410 2937 454 2942 -—
483 2918 542 2962 14)
569 2932 628 2954 sua
653 2923 808 2964 pecunia.
837 2939 878 2944 -—-
908 2917 966 2960 15)
992 2918 1136 2952 Voltinia
1155 2918 1255 2952 tribu.
1283 2934 1323 2940 —-
1353 2917 1412 2961 16)
1430 2918 1626 2953 Praefectus
1654 2918 1734 2953 fab-

128 2977 256 3003 rorum.
282 2985 328 2992 -—
355 2965 415 3010 1¹7]
443 2967 487 3002 de
513 2978 575 3001 suo
601 2967 705 3002 dedit.
