1877 3313
193 152 279 197 434
755 149 858 186 Inscr.
881 149 1046 197 poeticae.
1094 149 1230 187 Sacrae.

467 257 643 300 Virtutes
674 257 833 311 generis
863 258 974 299 mieis
994 254 1029 312 ¹)
1059 257 1234 298 moribus
1266 257 1510 299 accumulavi

561 316 797 371 Progeniem
830 317 961 370 genui,
993 316 1096 357 facta
1127 317 1247 369 patris
1278 317 1409 369 petiei.

391 373 582 417 Maiorum
615 376 776 428 optenui
806 375 963 415 laudeni
994 379 1036 415 ut
1068 375 1166 415 sibei
1197 387 1259 414 me
1291 387 1383 416 esse
1415 379 1590 418 creatum

563 433 778 475 Laetentur
789 447 801 484 3
833 434 997 487 stirpem
1028 433 1242 474 nobilitavit
1270 433 1410 476 honor.

191 562 330 598 Tituli
361 562 644 608 sepulcrales
677 563 842 615 ordine.
866 562 1100 642 seclundum
1133 572 1293 596 versus
1328 562 1531 597 initiales
1565 562 1783 607 alphabe-

814 610 1161 653 ticorispositi.

332 708 454 745 1937.
513 704 689 746 Memmia
719 704 747 744 Ι.
778 703 820 744 L.
850 702 980 744 Anna.

188 764 249 808 Ac
277 764 400 807 veluti
430 764 608 805 formosa
636 767 789 813 rosast,
831 775 919 803 cum
951 765 1129 815 tempore
1160 761 1312 816 prodit,

148 843 167 860 ι
326 823 485 865 Arescit
516 826 626 863 certo
656 826 835 874 tempore
866 820 958 861 inde
989 833 1088 872 suo,

188 883 253 928 Sic
281 887 326 924 tu
355 881 520 935 coepisti
550 881 674 934 primo
704 876 931 931 formosa2)
965 878 1090 921 videri

325 941 536 993 Tempore,
566 939 637 980 sed
669 939 797 979 subito
830 937 976 979 desinis
1009 950 1099 979 esse
1131 950 1230 978 mea.

187 999 272 1042 Hoc
302 998 456 1043 Stabilis
487 1002 578 1039 tuus
609 994 764 1051 heul3]
797 1009 874 1049 quo
904 1008 1066 1049 possum
1097 1008 1260 1037 munere
1291 1007 1427 1050 parvo,

325 1058 552 1109 Prosequor
591 1061 708 1108 atque
745 1060 860 1107 opto:
902 1055 956 1095 Sit
997 1056 1064 1095 tibi
1105 1060 1211 1096 terra
1242 1055 1353 1095 levis.
1384 1078 1441 1084 —
1472 1057 1615 1094 Romae.
1656 1057 1779 1093 Murat.

191 1120 356 1167 1795,8.
388 1118 584 1165 Antholog.
615 1117 728 1153 Burni.
760 1117 818 1152 lv.
854 1115 946 1153 152.
976 1117 1111 1162 Meyer.
1147 1115 1267 1152 1281.
1301 1116 1428 1153 Osann.
1459 1116 1600 1163 Syllog.
1629 1128 1664 1165 p.
1686 1116 1781 1153 457.

185 1177 387 1229 Exscripsit
416 1177 461 1214 de
492 1187 668 1213 marmore
699 1175 935 1211 Kellermann.
967 1175 1061 1223 apud
1091 1175 1187 1211 Ialm.
1220 1175 1325 1223 Spec.
1355 1187 1412 1223 ep.
1442 1186 1477 1223 p.
1513 1174 1605 1211 108.

328 1253 452 1291 1938.
512 1248 579 1290 Cn.
611 1247 799 1289 Taracius
832 1247 899 1288 Cn.
931 1247 971 1288 F.
1003 1248 1057 1288 vi.
1076 1260 1140 1289 an.
1159 1247 1247 1289 XX.
1269 1248 1372 1289 Ossa
1403 1247 1487 1290 eius
1507 1247 1570 1290 hic
1586 1249 1660 1290 sita
1677 1252 1779 1290 sunt.

319 1309 433 1352 Eheu
460 1308 538 1349 heu
580 1307 719 1348 Taraci
758 1311 800 1346 ut
832 1306 977 1347 acerbo
1020 1319 1064 1346 es
1106 1306 1259 1347 deditus
1300 1306 1405 1348 sato:

319 1369 409 1410 Non
440 1378 540 1408 aevo
572 1371 735 1407 exsacto
767 1365 858 1405 vitai
888 1377 933 1405 es
966 1365 1130 1405 traditus
1162 1365 1305 1414 morti3

321 1426 402 1469 Sed
433 1439 520 1466 cum
561 1429 600 1465 te
632 1424 763 1464 decuit
794 1423 941 1464 florere
972 1427 1100 1463 aetate
1131 1425 1292 1464 iuventa
1306 1420 1372 1476 4),

318 1483 528 1526 Interieisti
568 1487 607 1523 et
637 1482 782 1534 liquisti
812 1482 849 1521 in
891 1482 1142 1522 moeroribus
1174 1486 1349 1522 matrem.
1382 1504 1437 1511 -—
1468 1484 1585 1522 Ardit.
1614 1485 1667 1521 De
1696 1484 1781 1521 Vas.

179 1546 282 1584 Locr.
310 1558 348 1595 p.
382 1544 446 1583 19.
478 1544 632 1582 Morcell.
664 1542 829 1593 Παρεργ.
861 1542 976 1579 Praef.
1008 1542 1074 1591 Op.
1096 1542 1209 1590 epigr.
1234 1543 1275 1578 V.
1300 1555 1334 1591 p.
1356 1542 1449 1580 VIII.
1468 1543 1615 1581 Anthol.
1647 1544 1780 1590 Meyer.

325 1679 453 1718 1939.
513 1675 636 1717 Fluxa
667 1679 731 1716 aut
761 1679 935 1729 syrmata
968 1673 1140 1715 bacchini
1181 1673 1335 1716 coturni

317 1736 389 1778 Hic
418 1735 599 1776 Phoebus
628 1734 699 1774 fuit
730 1733 788 1774 his
819 1733 1017 1786 superbus
1049 1733 1190 1773 euhan.

317 1793 455 1837 Plaudi
496 1794 580 1834 istis
621 1792 812 1846 populare
851 1791 996 1845 volgus
1037 1791 1209 1843 umbris,

316 1852 357 1896 Si
397 1865 483 1895 sum
514 1851 655 1904 dignus
686 1850 814 1891 adhuc
844 1849 982 1891 favore
1013 1855 1150 1890 vestro

313 1911 355 1954 Si
385 1916 477 1965 post
506 1910 679 1963 praemia
709 1908 923 1961 rixuviasq.
941 1905 979 1962 ⁵)
1011 1912 1178 1959 vestras,

283 1970 365 2010 -Ut
395 1971 470 2010 tiro
511 1982 556 2009 ao
596 1967 705 2009 rudis
747 1968 785 2007 in
829 1967 961 2019 quiete
1000 1967 1098 2007 viro.
1130 1991 1187 1996 ——
1218 1967 1375 2005 Puteolis
1415 1967 1450 2005 in
1491 1966 1708 2005 monasterio
1739 1967 1776 2005 S.

175 2030 364 2071 Francisci.
406 2032 467 2068 Th.
498 2030 689 2067 Mommsen
721 2028 754 2065 in
786 2029 918 2076 Bergk.
949 2027 1151 2064 zeitschrift
1180 2028 1204 2065 f.
1236 2028 1278 2064 A.
1309 2026 1371 2064 W.
1408 2026 1530 2064 1846.
1561 2026 1619 2063 Nr.
1652 2025 1718 2063 38.

277 2107 399 2146 1940.
459 2103 532 2145 Hic
562 2115 640 2156 ego
672 2102 738 2154 qui
768 2102 854 2142 sine
885 2113 986 2142 voce
1015 2100 1160 2153 loquor
1191 2100 1240 2141 de
1270 2111 1467 2142 marmore
1496 2111 1630 2152 caeso,

512 2161 634 2202 Natus
666 2162 704 2201 in
736 2160 911 2214 egregiis
943 2158 1135 2200 Trallibus
1168 2172 1219 2199 ex
1251 2160 1357 2210 Asia,

454 2220 595 2262 Omnia
624 2219 807 2259 Baiarum
838 2218 1000 2259 lustravi
1030 2219 1182 2258 moenia
1213 2230 1334 2271 saepe

511 2279 678 2331 Propter
707 2289 828 2329 aquas
859 2275 1006 2317 calidas
1038 2275 1279 2327 deliciasque
1310 2275 1441 2316 maris.

455 2335 573 2378 Cuius
605 2335 848 2376 honorificae
878 2335 981 2375 vitae
1013 2345 1092 2374 non
1122 2334 1329 2373 immemor
1358 2333 1476 2374 heres

512 2394 806 2447 Quinquaginta
837 2393 936 2433 meis
967 2391 1134 2433 millibus
1164 2397 1206 2432 ut
1236 2391 1344 2432 volui

451 2453 560 2495 Hanc
591 2452 731 2493 aedem
762 2452 894 2504 posuit
925 2451 1144 2502 struxitque
1159 2447 1199 2504 ⁶)
1231 2450 1446 2492 novissima
1475 2448 1617 2504 templa

511 2511 692 2552 Manibus
725 2514 764 2551 et
795 2510 918 2550 cineri
948 2509 1215 2562 posteriisque
1228 2505 1268 2562 ⁷)
1303 2509 1412 2549 meis.

456 2569 534 2612 Sed
566 2574 605 2611 te
636 2569 702 2623 qui
730 2568 832 2623 legis
863 2567 962 2609 haec
993 2571 1143 2609 tantum
1172 2578 1330 2620 precor,
1361 2571 1404 2608 ut
1434 2565 1526 2608 mihi
1555 2565 1686 2607 dicas:

316 2715 354 2760 1)
379 2716 637 2760 monosyllabon
662 2715 906 2758 pronuntiatur.
934 2731 975 2738 —-
1001 2711 1040 2756 2)
1066 2713 1102 2746 In
1127 2712 1240 2757 lapide
1263 2716 1332 2745 est:
1354 2712 1516 2753 fot-nwssa
1539 2709 1644 2744 Anna
1656 2709 1771 2744 videri.

178 2780 223 2786 —-
248 2762 287 2808 3)
312 2764 410 2808 Lapis
435 2763 553 2797 habet:
579 2762 665 2796 eheu.
703 2762 761 2795 His
786 2762 876 2795 vitiis
901 2760 942 2794 ab
968 2770 1010 2793 eo
1036 2770 1153 2793 versus
1177 2763 1353 2802 corruptos
1386 2769 1461 2791 esse
1486 2757 1664 2791 arbitratur
1687 2756 1769 2790 Kel-

176 2811 390 2853 lermannus,
423 2811 480 2856 qui
504 2809 608 2852 lapidi
633 2810 842 2853 epigramma
866 2806 999 2840 aliunde
1031 2812 1174 2840 sumtum
1207 2804 1458 2839 inscribendum
1481 2806 1624 2837 curavit.
1657 2820 1698 2826 —
1731 2800 1771 2845 4)

178 2868 222 2890 an
245 2856 420 2892 iuventae?
445 2857 571 2900 Meyer.
597 2873 639 2878 —
666 2856 704 2897 5)
728 2854 884 2888 riaezzviae
909 2853 1019 2887 adhuc
1043 2854 1248 2896 incognitum
1271 2850 1485 2886 vocabulum.
1522 2850 1605 2884 Sunt
1630 2850 1686 2895 qui
1709 2859 1771 2882 co-

177 2905 334 2937 niiciant:
365 2903 510 2937 rimulas.
546 2920 587 2927 --
621 2899 660 2944 6)
685 2901 784 2946 Lapis
807 2900 908 2934 habet
941 2899 1139 2944 sti-uscidque.
1172 2916 1214 2924 —
1247 2895 1286 2942 ¹7)
1311 2908 1372 2942 pro
1394 2897 1550 2943 posteris:
1580 2897 1770 2932 terminatio

178 2958 247 2985 una
269 2949 399 2994 syllaba
422 2949 589 2996 producta
612 2954 677 2992 est,
700 2954 737 2983 ut
760 2958 879 2984 versus
902 2946 1010 2982 fieret.
