1877 3313
121 181 205 223 386
571 175 674 211 Inscr.
700 175 873 221 profanae.
922 173 1003 219 Cap.
1029 172 1068 209 ΙΙ.
1118 173 1276 209 Tabulae.

123 285 316 341 [Beitrage
348 296 409 322 zur
439 284 566 322 Kuude
598 284 661 322 des
703 289 791 322 rom.
835 285 973 321 Rechts.
1005 296 1039 332 p.
1072 282 1154 319 216
1187 277 1313 334 sqq),
1354 281 1413 330 qui
1454 282 1498 319 ad
1529 282 1716 320 locationis

121 347 345 394 vectigalium
376 345 494 391 legem
528 356 546 379 a
578 343 770 391 publicanis
801 344 983 380 redemtae
1014 343 1196 390 pertinere
1229 347 1335 389 atque
1365 353 1441 378 rem
1467 342 1619 378 locatam
1645 354 1718 379 vo-

121 406 248 442 cabulo
281 403 468 441 cretulenti
499 402 692 450 significari
731 402 882 439 coniicit.
930 401 1080 448 Recepit
1120 400 1340 437 Hauboldius
1371 400 1464 436 inter
1494 400 1719 437 Monumenta

120 464 251 511 legalia
281 475 313 499 n.
346 461 504 498 XXXVI.
536 473 570 509 p.
605 460 697 497 177.
737 462 801 497 sub
843 461 912 496 hoc
956 459 1078 495 titulo:
1119 459 1224 506 Legis
1256 459 1301 495 de
1342 458 1519 505 magistris
1551 470 1719 506 aquarum

121 523 380 570 fragmentum,
411 531 561 566 eumque
594 519 751 566 sequitur
794 520 917 566 Egger
947 519 1060 554 Serm.
1091 518 1194 565 reliq.
1225 529 1307 566 pag.
1341 517 1436 553 359.
1467 517 1645 565 Exposuit
1675 517 1721 553 de

120 581 191 617 hoc
222 580 312 627 legis
344 579 547 625 fragmento
581 578 619 614 G.
650 578 691 614 H.
725 578 765 613 H.
796 577 943 613 Iordans
976 576 1008 612 in
1041 576 1297 612 Dissertatione
1330 576 1375 612 de
1406 575 1554 623 publicis
1585 575 1722 612 urbium

63 689 67 693 .
120 639 253 675 Romae
294 642 331 674 et
371 636 696 684 Constantinopolis
740 634 1028 682 aquaeductibus,
1101 635 1256 671 Bonnae.
1303 634 1424 671 1845.
1464 634 1501 671 8.
1539 646 1623 682 pag.
1657 633 1722 670 87.

122 709 222 744 seqq.
254 697 312 744 qui
344 697 388 732 de
419 694 703 744 praescriptione
734 694 826 740 legis
858 695 901 730 ab
933 693 1137 730 Hauboldio
1171 693 1290 730 addita
1321 693 1372 730 sic
1402 692 1557 730 indicat:
1605 693 1723 742 „haec

121 755 305 803 inscriptio
337 749 408 805 (de
439 754 613 800 magistris
646 747 838 803 aquarum]
873 764 915 788 an
946 763 1032 788 vera
1065 751 1121 797 sit,
1152 763 1222 789 non
1249 755 1400 789 constat.
1459 752 1498 787 In
1528 751 1607 799 ipso
1631 751 1723 788 enim

121 814 214 862 legis
246 814 450 861 fragmento
481 813 725 848 tantummodo
760 810 953 857 collegium
981 821 1111 858 aquae,
1142 822 1209 847 nec
1231 808 1306 848 ullo
1329 810 1399 847 alio
1423 809 1722 859 appositoverbo

122 872 283 920 Magistri
319 871 567 917 nominantur,
607 882 723 918 neque
763 881 910 916 usquam
951 870 984 905 in
1026 869 1242 916 antiquitatis
1282 868 1521 907 monumentis
1564 867 1724 916 Magistri

124 942 291 978 aquarum
335 929 580 975 inveniuntur,
622 933 660 964 ut
692 929 734 964 de
770 928 968 965 huiusmodi
1011 939 1154 964 munere
1187 928 1342 965 certiora
1373 927 1491 965 afferri
1534 931 1722 975 nequeant.

123 990 292 1026 Attamen
329 989 387 1036 qui
419 992 538 1025 nostra
571 988 604 1024 in
637 988 721 1034 lege
753 986 908 1033 Magistri
939 990 1262 1023 commemorantur
1293 986 1524 1023 Curatoribus
1556 997 1724 1034 aquarum

122 1048 295 1096 proximi,
332 1058 403 1083 non
435 1051 550 1083 autem
583 1046 630 1082 uti
662 1046 710 1082 illi
741 1045 869 1092 singuli
901 1045 1020 1092 fuisse,
1052 1046 1115 1081 sed
1149 1045 1341 1092 collegium
1372 1045 1538 1081 videntur
1567 1044 1724 1082 ell'ecise.

123 1106 295 1154 Equidem
323 1104 484 1154 suspicor
506 1105 572 1141 hos
604 1104 791 1150 Magistros
824 1104 931 1140 fuisse
965 1115 1041 1149 eos,
1073 1104 1197 1151 quibus
1228 1103 1391 1140 custodia
1423 1104 1588 1141 ductuum
1620 1114 1724 1140 com-

123 1165 225 1202 missa
259 1168 378 1211 esset,
420 1167 607 1211 antequam
647 1163 833 1208 Augustus
873 1162 1063 1199 Curatores
1107 1174 1276 1209 aquarum
1315 1161 1563 1200 instituisset.“
1626 1162 1725 1206 Quae

125 1223 242 1261 onmia
273 1234 367 1260 nuuc
395 1222 527 1271 primus
569 1220 770 1258 doctissime
803 1221 1029 1270 explanavit,
1071 1221 1234 1268 legisque
1273 1222 1509 1269 fragmentum
1546 1220 1726 1270 supplevit

123 1281 338 1319 Rudorffius.
401 1275 492 1331 (Die
524 1284 748 1327 sogenannte
781 1280 840 1316 lex
873 1280 917 1316 de
950 1279 1125 1326 magistris
1158 1291 1349 1327 aquarum,
1387 1279 1468 1317 eine
1499 1279 1726 1316 altromische

123 1340 484 1386 Brunnenordnung3
514 1339 568 1375 in:
601 1339 762 1385 Saviguy
794 1338 995 1375 Zeitschrist
1026 1339 1048 1374 f.
1080 1338 1117 1374 R.
1149 1338 1210 1374 W.
1243 1338 1303 1374 Bd.
1335 1338 1412 1375 XV.
1444 1338 1484 1375 H.
1517 1338 1554 1375 2.
1579 1351 1614 1386 p.
1641 1337 1723 1374 203

125 1393 269 1450 seqq),
300 1399 397 1434 cuius
431 1397 615 1434 doctrinae
648 1398 798 1433 fructum
830 1397 863 1433 in
895 1408 991 1432 usum
1019 1400 1176 1432 nostrum
1205 1397 1456 1434 convertimus.
1501 1398 1617 1434 Antea
1643 1397 1726 1446 ple-

126 1469 276 1504 rumque
307 1457 397 1503 legis
431 1468 449 1491 a
481 1457 614 1503 populo
646 1456 738 1493 latae
772 1459 807 1491 et
839 1456 978 1501 quidem
1010 1456 1054 1490 de
1086 1455 1262 1502 magistris
1294 1467 1462 1503 aquarum
1490 1455 1728 1503 fragmentum

127 1516 348 1561 habebatur,
380 1514 581 1550 Rudorss'ius
613 1519 738 1550 contra
771 1514 1013 1558 demonstrat,
1055 1514 1235 1561 pertinere
1267 1514 1502 1561 fragmentum
1535 1515 1578 1550 ad
1609 1515 1727 1562 legem

128 1586 147 1610 a
180 1573 341 1621 collegio
373 1572 491 1619 aliquo
525 1584 637 1619 aquae
668 1573 742 1609 sive
785 1572 942 1619 collegio
985 1572 1210 1608 fontanorum
1241 1576 1406 1609 statutam
1445 1568 1578 1623 („eine
1609 1573 1726 1609 Brun-

125 1625 434 1682 iieiiordziung“]‚
457 1630 553 1666 cuius
575 1630 682 1678 ipsius
705 1630 865 1677 magistri
886 1630 919 1666 in
947 1630 1073 1666 eodem
1097 1635 1429 1667 commemorentur.
1459 1631 1726 1680 Supplementa,

127 1703 217 1739 quae
247 1690 430 1727 Rudorffio
463 1689 659 1735 debentur,
690 1693 857 1737 typorum
888 1688 1012 1725 formis
1045 1688 1200 1725 discreta
1232 1689 1450 1726 exhibemus.

268 1787 616 1798 .............
648 1756 765 1797 multa
797 1761 884 1796 esto
914 1754 960 1796 A.
993 1756 1037 1796 D.
1060 1754 1096 1810 ¹)

266 1816 343 1856 Cui
370 1817 629 1869 fontanorum
658 1815 931 1867 maqisterium
964 1828 1016 1855 ex
1045 1814 1088 1854 H.
1121 1814 1163 1855 L.
1179 1812 1218 1868 ²]
1252 1827 1418 1870 capere,
1446 1827 1593 1870 gerere
1623 1815 1725 1857 lice-

126 1875 205 1926 bit,
246 1876 282 1915 si
312 1876 348 1914 is
378 1874 569 1927 vteaqisler
597 1874 731 1926 factus
762 1878 971 1914 creatusoe
999 1874 1143 1926 fucrit,
1186 1873 1267 1914 luci
1291 1874 1430 1926 palam
1471 1875 1510 1915 in
1543 1875 1724 1928 conlegio

129 1946 257 1987 aquae
287 1933 387 1974 intra
419 1931 699 1986 palicabulum,
733 1945 813 1985 quo
845 1930 908 1973 die
938 1933 1208 1986 magisterium
1239 1934 1354 1986 cepit,
1384 1934 1520 1974 iurato
1549 1934 1594 1974 in
1623 1933 1726 1974 hanc

128 1993 263 2046 Iegem.

269 2050 344 2099 Qui
373 2050 535 2091 hoiusce
567 2049 723 2103 conlegi
766 2048 872 2102 quod
905 2048 1089 2103 quidquid
1131 2054 1248 2090 tenus
1264 2047 1304 2104 3)
1336 2062 1429 2091 sese
1471 2051 1579 2092 venit
1623 2050 1727 2091 male

133 2111 274 2163 eyisse,
307 2121 471 2162 quemve
501 2109 698 2148 cccbversus
727 2106 777 2148 H.
808 2108 852 2148 L.
883 2107 1031 2149 fecisse
1061 2109 1250 2149 scientem
1283 2109 1328 2149 D.
1359 2109 1411 2150 M.
1443 2109 1482 2150 in
1523 2121 1598 2151 suo
1639 2121 1726 2151 ma-

133 2169 300 2223 gisterio
332 2179 509 2219 suosque
539 2167 789 2219 prohibuisse
820 2167 986 2215 (licetur,
1017 2167 1053 2206 is
1084 2167 1125 2206 ἰιι
1155 2169 1200 2206 H.
1233 2166 1278 2207 L.
1311 2168 1458 2209 iurato.
1501 2167 1555 2209 Νὶ
1584 2168 1726 2209 iuras-

130 2227 180 2268 sit
211 2226 257 2267 A.
288 2226 334 2266 D.
355 2223 391 2278 ¹]
424 2225 542 2266 multa
573 2229 673 2266 esto.

271 2284 350 2333 Qua·
379 2285 437 2323 ila
466 2284 524 2323 11τὲ
553 2283 592 2323 S.
624 2283 665 2323 S.
698 2283 742 2324 E.
756 2281 799 2337 4)
829 2285 1141 2333 maturaverit,
1173 2284 1209 2323 is
1228 2285 1418 2337 magister
1447 2285 1488 2326 ni
1518 2290 1604 2326 esto
1637 2285 1727 2326 nive

131 2343 362 2397 suffragium
391 2342 499 2382 inito.
531 2342 570 2382 Si
592 2343 678 2394 quis
711 2342 902 2383 adversus
934 2355 982 2383 ea
1012 2342 1122 2394 faxit,
1152 2342 1273 2384 multa
1297 2348 1379 2384 esto
1398 2344 1456 2384 ila
1476 2345 1535 2384 uti
1551 2344 1593 2384 S.
1614 2344 1654 2384 S.
1677 2343 1727 2384 E.

272 2400 352 2450 Qui
392 2413 475 2441 non
514 2405 630 2440 trans
668 2413 781 2442 mare
821 2413 1045 2455 peregreve
1061 2398 1102 2456 ⁵)
1141 2400 1300 2454 longius
1332 2402 1372 2442 P.
1388 2399 1430 2456 ⁶]
1477 2401 1584 2443 CXX
1625 2403 1726 2456 reip.

137 2472 260 2503 causa
291 2460 379 2513 erit,
410 2459 443 2500 is
474 2459 752 2514 magistrorum
783 2461 954 2501 comitiis
983 2460 1132 2501 adesto.
1179 2459 1233 2500 Νι·
1263 2460 1452 2514 adfuerit,
1483 2461 1607 2502 multa
1637 2465 1728 2504 esto

132 2519 182 2561 A.
212 2519 257 2560 L.
276 2515 316 2572 ⁷)

277 2644 313 2688 1)
340 2647 462 2680 assium
490 2644 579 2687 (veh
611 2644 715 2688 acris)
751 2648 1021 2692 quingentorum.
1055 2665 1099 2671 —-
1131 2646 1169 2689 2)
1195 2658 1235 2680 ex
1268 2647 1332 2681 hac
1361 2648 1450 2691 lege.
1486 2665 1527 2672 ·-
1561 2647 1599 2691 3]
1624 2649 1728 2684 verba

135 2694 218 2737 quod
241 2693 397 2737 quidquid
420 2704 520 2727 sensu
554 2694 732 2726 commodo
757 2695 857 2738 plane
883 2700 1008 2728 carent.
1041 2694 1232 2728 Rudorffius
1257 2695 1289 2728 in
1315 2694 1428 2728 tabula
1459 2694 1544 2740 legis
1569 2698 1728 2740 scriptum

136 2741 236 2773 fuisse
268 2741 474 2783 suspicatur:
507 2739 546 2780 Q.
572 2739 611 2780 Q.
637 2739 676 2780 Q.
702 2740 740 2777 (i.
765 2752 795 2774 e.
828 2741 1171 2785 quinquennalitatem
1203 2738 1306 2785 quae]
1331 2752 1350 2774 a
1374 2744 1616 2786 transcriptore
1641 2743 1729 2776 male

136 2786 347 2820 intellectum
371 2792 406 2820 et
430 2787 480 2820 his
505 2785 619 2820 verbis
645 2786 744 2830 (quod
759 2788 930 2831 quidquid)
948 2788 1161 2831 explicatum.
1196 2787 1277 2821 Post
1292 2788 1449 2831 quidquid
1464 2790 1539 2822 cod.
1557 2789 1728 2823 Barbetiu.

137 2831 239 2866 habet
261 2844 383 2877 penus,
419 2833 509 2878 quod
532 2832 725 2867 Rudorl'fius
757 2845 856 2879 quum
891 2836 1094 2878 praepositio
1126 2845 1224 2879 penes
1247 2845 1322 2867 cum
1346 2834 1452 2868 verbo
1478 2836 1638 2869 veniendi
1660 2846 1729 2869 non

138 2879 216 2911 satis
241 2880 417 2913 commode
441 2882 610 2922 iungatur,
635 2880 764 2913 retinxit
787 2882 822 2914 in
845 2886 944 2915 tenus.
970 2898 1012 2903 —
1038 2879 1077 2923 4)
1102 2891 1203 2925 supra
1219 2882 1380 2924 scriptum
1398 2887 1458 2914 est.
1487 2899 1527 2905 -
1552 2881 1592 2925 5)
1610 2892 1730 2916 enen-

140 2923 232 2977 darit
254 2925 406 2960 Rudorff.
431 2926 543 2960 codex
566 2926 703 2962 exhibet
723 2938 883 2972 perqqere.
908 2945 952 2954 —-
977 2926 1016 2970 6)
1041 2938 1158 2972 passus
1182 2933 1315 2963 centum
1339 2928 1457 2972 viginti
1480 2928 1595 2964 millia.
1621 2944 1663 2953 —-
1689 2927 1729 2971 ¹7)

139 2980 260 3005 assium
279 2974 540 3019 quiquagenum.
