1918 3313
152 173 211 216 48
622 165 726 200 Inscr.
750 175 879 199 sacrae.
929 163 1010 210 Cap.
1036 164 1076 199 11.
1125 163 1286 199 Tabulae.

154 290 324 320 marmar
354 277 435 318 sins
466 275 672 315 incurrere
703 271 742 312 in
772 270 945 324 pleores.
988 271 1098 312 Neve
1130 271 1269 312 luerve
1300 283 1469 313 marmar
1499 272 1582 313 sins
1612 272 1749 313 incur-

156 349 248 378 rere
278 338 319 377 in
359 335 527 389 pleores.
588 330 699 370 Neve
741 329 878 371 luerve
920 343 1088 372 masmar
1127 331 1210 370 sins
1251 330 1459 371 incurrere
1499 331 1537 370 in
1580 331 1751 384 pleores.

153 396 269 437 Satur
299 394 428 435 sufere
461 391 563 432 Mars
595 389 710 429 limen
742 389 813 429 sali
843 394 903 430 sta
936 390 1094 430 herber.
1156 388 1272 430 Satur
1313 388 1446 430 furere
1487 388 1593 430 Mars
1634 389 1753 430 limen

154 454 225 496 sali
254 458 314 495 sta
345 451 501 493 berber.
562 447 678 489 Satur
709 446 838 489 fufere
869 448 974 489 Mars
1007 448 1124 488 limen
1156 447 1226 488 sali
1258 451 1318 488 sta
1350 448 1509 488 herber.
1572 447 1754 490 Semunis

159 512 323 554 alternei
369 506 575 558 advocapit
620 510 796 547 conc-tos.
869 507 1049 548 Semunis
1097 506 1266 546 alternei
1318 506 1527 560 advocapit
1578 511 1753 556 conctos.

151 571 329 613 Semunis
360 566 521 609 alternei
563 563 772 618 advocapit
812 570 989 607 conctos.
1053 566 1250 618 Triumpe.
1315 565 1523 619 Triumpe,
1555 565 1754 618 Triumpe‚

155 630 359 682 Triumpe,
400 625 594 676 Triumpe.
656 623 750 664 Post
789 623 1091 677 tripodationem
1133 623 1276 664 deinde
1319 624 1434 678 signo
1477 623 1567 665 dato
1610 624 1755 677 publici

153 688 385 729 introierunt
417 688 454 723 et
483 681 637 723 libellos
669 687 922 737 receperunt.
955 705 1010 711 —-
1042 686 1125 722 Tab.
1157 685 1242 722 XLI.
1276 698 1305 722 a.
1336 685 1457 722 Marini
1488 686 1514 722 I.
1545 697 1579 734 p.
1611 684 1709 724 CLX.

291 764 444 803 Fratres
496 759 614 799 arval.
666 758 704 799 in
753 758 828 800 luc.
877 759 923 800 D.
976 759 1021 800 D.
1043 757 1078 813 1)
1134 760 1197 800 via
1250 759 1382 813 Camp.
1437 759 1540 813 apud
1586 759 1661 813 lap.
1706 759 1753 800 V.

152 835 265 864 conv.
282 819 322 875 ²)
353 831 424 874 per
455 818 495 859 C.
528 818 643 858 Poro.
677 817 852 858 Priscum
882 818 984 872 Mag.
1020 823 1060 858 et
1091 818 1142 858 ibi
1174 819 1278 858 imm.
1295 815 1335 873 3)
1369 818 1476 871 quod
1509 819 1548 858 vi
1575 822 1754 872 tempes-

152 887 217 923 tat.
249 881 328 921 ictu
358 877 503 918 fulmin.
536 872 722 931 arbon-‚O
754 879 856 917 sacr.
886 876 962 917 luci
993 877 1037 916 D.
1071 876 1114 917 D.
1147 881 1276 917 attact.
1299 877 1455 917 arduer.
1481 889 1590 930 earq.
1620 878 1753 918 arbor.

154 939 357 981 eruendar.
406 931 555 989 ferr.⁵)
602 934 838 989 perdendar.
887 934 1115 976 adolendar.
1164 935 1470 977 commolendar.
1513 937 1605 977 item
1646 935 1754 976 aliar.

150 996 424 1040 restituendar.
457 1007 576 1035 causa
608 994 820 1047 operisque
852 994 1082 1046 incohandi‚
1127 1006 1219 1034 arae
1251 994 1457 1046 temporat.
1491 1007 1591 1036 sacr.
1625 994 1673 1035 D.
1704 994 1752 1035 D.

151 1051 406 1108 reficiend.⁰)
439 1053 524 1094 eius
556 1054 614 1093 rei
645 1065 765 1094 causa
796 1052 907 1093 lustr.
941 1054 1044 1093 miss.
1086 1053 1384 1093 suovetaurilib.
1426 1055 1567 1095 maior.
1584 1051 1619 1105 ⁷)
1660 1054 1754 1094 item

150 1120 239 1157 ante
271 1113 355 1154 aed.
390 1113 436 1154 D.
469 1110 514 1152 D.
546 1112 589 1152 B.
621 1112 661 1153 F.
704 1107 808 1166 ΑΒ)
851 1112 967 1152 iunct.
1009 1111 1053 1151 N.
1086 1109 1128 1151 ll.
1156 1112 1247 1151 item
1280 1111 1328 1152 ad
1360 1124 1416 1152 ar.
1452 1116 1620 1166 tempor.
1683 1112 1752 1153 Dis

151 1173 218 1215 inf.
250 1173 286 1214 S.
319 1168 414 1225 S.⁹)
446 1170 524 1212 lan.
557 1171 659 1211 Patr.
691 1171 802 1211 ariet.
843 1169 884 1210 ll.
907 1166 962 1224 ¹⁰)
1002 1168 1085 1211 Iovi
1123 1171 1282 1211 verbec.
1318 1169 1357 1211 ll.
1400 1170 1513 1211 Marti
1544 1171 1648 1212 Patri
1678 1170 1754 1212 Ult.

150 1246 205 1274 ar.
235 1232 280 1272 N.
312 1230 355 1271 11.
376 1228 432 1285 ¹¹)
464 1230 550 1271 sive
584 1230 666 1270 Deo
698 1229 784 1270 sive
814 1229 925 1270 Deae
956 1229 1065 1270 verb.
1098 1228 1141 1269 Il.
1177 1229 1256 1270 lun.
1290 1229 1334 1269 D.
1366 1229 1413 1270 D.
1447 1242 1512 1270 ov.
1533 1227 1588 1284 12)
1630 1229 1678 1271 N.
1709 1228 1753 1271 11.

150 1291 326 1346 Virginib
359 1288 434 1330 div.
467 1301 530 1330 ov,
562 1288 608 1329 N.
642 1289 682 1329 ll.
724 1288 831 1328 Fam.
875 1288 951 1328 div.
994 1288 1105 1328 verb.
1138 1287 1185 1328 N.
1217 1288 1258 1329 11.
1282 1285 1336 1342 ¹³)
1379 1287 1507 1329 Larib.
1550 1288 1662 1329 verb.
1703 1287 1752 1330 N.

147 1350 189 1392 ll.
222 1350 367 1391 Vestae
397 1349 511 1390 Matri
543 1360 605 1389 ov.
636 1348 678 1388 ll.
714 1347 856 1387 Vestae
888 1346 998 1387 deor.
1032 1346 1234 1399 dearumq.
1268 1359 1330 1387 ov,
1363 1346 1405 1387 ll.
1439 1348 1531 1388 item
1570 1346 1752 1388 adolend.

153 1410 281 1462 coinq.
313 1420 376 1449 ov.
408 1404 525 1460 11.¹⁴)
559 1411 597 1447 et
629 1410 720 1447 ante
752 1405 908 1446 Caesar.
943 1405 1068 1445 Genio
1110 1405 1155 1445 D.
1187 1405 1231 1446 N.
1254 1403 1310 1460 ¹⁵)
1353 1406 1494 1448 Severi
1535 1404 1753 1447 Alexandri

151 1468 254 1522 Aug.
286 1467 328 1508 Τ.
361 1466 407 1506 Α.
429 1462 484 1521 ¹⁶)
517 1466 608 1506 item
638 1465 748 1506 Divis
779 1464 826 1504 N.
859 1464 944 1505 XX.
979 1464 1139 1504 verbec.
1171 1464 1257 1505 XX.

288 1525 337 1567 lV
368 1525 422 1566 ld.
455 1525 549 1566 Dec.
581 1524 722 1565 fratres
753 1523 873 1564 arval.
906 1527 942 1564 in
976 1523 1065 1564 luco
1097 1523 1206 1563 Deae
1235 1523 1329 1564 Diae
1351 1523 1413 1565 via
1435 1522 1628 1577 Campana
1650 1521 1752 1577 apud

149 1586 223 1640 lap.
257 1586 287 1625 V
320 1596 535 1625 convener.
569 1596 641 1636 per
673 1582 712 1624 C.
743 1583 855 1623 Porc.
889 1583 1062 1623 Priscum
1105 1581 1209 1636 Mag.
1243 1587 1283 1622 et
1313 1583 1365 1622 ibi
1406 1583 1599 1624 immolav.
1642 1581 1752 1636 quod

149 1646 195 1686 ab
226 1645 305 1685 ictu
337 1643 508 1684 fulminis
539 1643 705 1683 arbores
736 1640 815 1682 luci
845 1643 950 1682 sacri
982 1641 1025 1680 D.
1060 1641 1104 1681 D.
1138 1646 1305 1681 attactae
1344 1640 1548 1682 arduerint
1589 1653 1752 1682 earum-

150 1716 229 1757 que
260 1703 443 1744 arborum
475 1701 782 1743 adolefactarum
820 1705 860 1741 et
901 1699 1241 1753 coinquendarum
1273 1704 1313 1740 et
1343 1701 1383 1740 in
1415 1712 1465 1741 eo
1505 1700 1595 1742 luco
1635 1712 1752 1742 sacro

153 1763 251 1803 aliae
282 1763 358 1803 sint
389 1761 588 1814 repositae
621 1764 660 1799 et
691 1772 784 1800 arae
816 1759 1018 1812 temporal.
1051 1759 1249 1809 resectae,
1282 1759 1375 1799 ferri
1407 1758 1518 1799 effer.
1539 1755 1597 1813 ¹⁷)
1639 1758 1752 1800 huius

149 1833 257 1874 oper.
290 1819 455 1874 perfecti
488 1832 604 1860 causa
637 1819 800 1860 lustrum
833 1819 994 1859 missum
1025 1817 1320 1858 suovetaurilib.
1352 1817 1565 1858 maioribus
1606 1821 1647 1857 et
1677 1829 1752 1858 ce·-

151 1884 236 1920 tera
267 1880 312 1928 Q.
343 1880 380 1920 S.
403 1876 454 1933 18)
489 1878 651 1920 Adsuer.
684 1878 723 1918 P.
757 1876 891 1918 Aelius
932 1876 1191 1918 Secundinus.
1224 1877 1268 1917 T.
1300 1875 1353 1917 Fl.
1395 1875 1668 1926 Archesilaus,
1699 1874 1751 1917 Μ.

150 1938 243 1980 Fab.
274 1938 526 1989 Fortunatus,
558 1937 607 1978 M.
641 1936 756 1979 Saen.
788 1935 977 1977 Donatus.

289 1997 419 2038 Fusco
451 1996 480 2036 ll
513 2002 552 2037 et
582 1996 734 2037 Dextro
767 1994 855 2036 Cos.
887 1994 983 2035 Xlll.
1018 1995 1062 2034 Κ.
1095 1994 1182 2035 Mai.
1244 1994 1284 2035 ln
1317 1994 1408 2035 luco
1441 1993 1550 2035 Deae
1581 1993 1678 2034 Diae
1710 1992 1750 2034 P.

150 2055 189 2098 F.
221 2056 326 2111 Mag.
358 2055 384 2095 l.
419 2056 531 2097 Porci
562 2055 684 2096 Prisci
716 2055 766 2096 ob
798 2053 895 2094 ferri
927 2053 1151 2094 inlationem
1192 2054 1374 2107 scriptur.
1408 2058 1446 2093 et
1487 2051 1673 2106 scalptur.
1692 2046 1751 2107 ¹⁹)

152 2127 334 2155 marmor.
368 2127 498 2155 causa.
532 2113 676 2155 immol.
710 2115 795 2167 ipso
827 2109 1005 2167 Mag.²⁰)
1047 2125 1208 2166 porcam
1241 2118 1281 2152 et
1323 2124 1489 2166 agnam,
1531 2110 1670 2152 struib.
1713 2114 1754 2151 et

150 2173 275 2224 fertis,
315 2178 352 2212 et
384 2179 495 2213 extas
527 2171 677 2213 reddid.
710 2172 758 2213 ad
790 2184 895 2213 aram
928 2172 1234 2212 ministrantibus
1265 2171 1412 2211 Public.
1446 2174 1484 2209 et
1526 2169 1753 2224 praesenti-

151 2232 228 2273 bus
260 2244 280 2272 a
311 2233 434 2272 sacris
466 2232 510 2272 D.
542 2229 661 2286 N.2¹)
695 2231 797 2286 Aug.
829 2231 923 2272 Item
955 2230 1167 2271 immolavit
1197 2229 1247 2271 ob
1270 2229 1364 2270 ferri
1387 2228 1597 2269 elationem
1618 2228 1752 2281 scrip-

153 2295 266 2332 turae
299 2294 337 2330 et
367 2290 550 2343 scalptur.
584 2295 622 2331 et
654 2291 787 2343 operis
819 2289 983 2344 perfecti
1015 2289 1071 2329 lll.
1103 2289 1203 2330 Non.
1236 2288 1323 2329 Mai.
1355 2300 1429 2340 per
1458 2287 1572 2328 Porc.
1616 2286 1752 2328 Philo-

147 2348 231 2402 log.
264 2347 380 2389 Galat.
415 2354 453 2389 et
494 2361 566 2402 per
596 2346 816 2404 Public.²²)
858 2347 965 2390 fratr.
1007 2348 1208 2389 arvalium.
1250 2370 1304 2377 —
1346 2349 1429 2386 Tab.
1469 2347 1589 2386 xLut.
1631 2347 1752 2386 Maria.

295 2535 330 2580 1)
358 2536 451 2570 Deae
477 2536 570 2571 Diae.
599 2555 636 2560 —
665 2537 703 2580 2)
731 2542 973 2572 convenerunt.
1002 2555 1040 2560 —
1069 2536 1108 2579 3)
1128 2536 1396 2570 immolaverunt.
1425 2553 1463 2557 —
1491 2532 1530 2578 4)
1557 2533 1751 2568 arbores...

153 2589 297 2617 attactae
323 2584 502 2618 arduerint.
530 2603 569 2607 —
598 2584 635 2622 5)
654 2586 809 2618 arborum
829 2585 1052 2618 eruendarum
1073 2584 1172 2617 ferro.
1193 2601 1233 2605 —
1253 2581 1292 2625 6)
1310 2581 1513 2626 temporales
1531 2592 1647 2614 sacrae
1665 2580 1753 2614 deae

155 2632 232 2664 diae
245 2631 459 2664 reficiendae.
478 2648 522 2653 -—-
540 2630 577 2671 7)
594 2631 730 2665 lustrum
749 2635 885 2666 missum
899 2631 1181 2665 suovetaurilibus
1202 2629 1395 2663 maioribus.
1413 2645 1456 2650 —
1475 2628 1513 2669 8)
1535 2634 1613 2662 ante
1630 2628 1750 2662 aedem

153 2677 247 2712 Deae
273 2678 356 2711 Diae
382 2678 488 2711 boves
514 2677 654 2711 feminas
681 2691 761 2712 auro
788 2682 926 2713 iunctas.
953 2697 991 2701 —-
1022 2676 1060 2719 9)
1081 2678 1120 2710 ad
1140 2688 1214 2710 aras
1232 2676 1437 2720 temporales
1456 2675 1517 2708 diis
1535 2675 1621 2709 infra
1637 2676 1751 2713 scrin-

158 2726 208 2757 tis.
233 2740 277 2746 —-
305 2724 365 2768 10)
380 2725 459 2758 Iano
486 2724 575 2758 Patri
602 2727 721 2758 arietes
747 2727 788 2759 ΙΙ.
818 2744 858 2748 -
887 2726 946 2768 11)
972 2725 1078 2758 Ultori
1099 2726 1220 2758 arietes
1246 2733 1385 2757 numero
1412 2723 1507 2756 duos.
1534 2739 1576 2745 —
1605 2721 1665 2764 12)
1691 2720 1750 2755 lu-

153 2771 231 2804 noni
257 2771 348 2805 Deae
373 2771 467 2805 Diae.
496 2788 536 2794 —-
567 2772 625 2813 13)
652 2771 794 2806 Famulis
822 2773 909 2806 divis
935 2783 1099 2805 verveces
1125 2781 1265 2805 numero
1291 2771 1384 2803 duos.
1414 2787 1454 2792 —
1484 2768 1543 2811 14)
1569 2770 1646 2802 item
1665 2768 1751 2802 ndo-

154 2818 276 2851 lendae
301 2818 530 2862 coinquendae
556 2829 638 2852 oves
665 2818 703 2851 ll.
730 2836 772 2840 —
803 2818 859 2861 15)
887 2820 1012 2853 domini
1045 2819 1162 2852 nostri.
1198 2835 1238 2841 —
1276 2816 1334 2859 16)
1360 2823 1490 2850 taurum
1517 2822 1681 2849 auratum.
1707 2831 1749 2838 -

154 2865 214 2906 17)
239 2864 412 2898 efferendi.
439 2884 479 2889 —
510 2863 569 2907 18)
595 2876 682 2910 quae
707 2877 818 2909 supra.
847 2885 887 2890 —
919 2865 977 2908 19)
1010 2867 1196 2909 scripturae
1221 2870 1256 2898 et
1279 2863 1481 2908 scalpturae.
1520 2879 1561 2885 ——
1597 2861 1660 2903 20)
1686 2862 1751 2894 im·

153 2910 304 2945 molante
329 2913 402 2956 ipso
427 2914 599 2957 magistro.
627 2929 667 2934 -—
695 2912 756 2954 21)
782 2913 907 2947 domiui
933 2914 1037 2948 nostri
1062 2912 1217 2957 Augusti.
1243 2929 1282 2934 —-
1310 2909 1372 2954 22)
1397 2920 1458 2955 per
1484 2908 1639 2942 Porcium
1665 2906 1751 2942 Phi-

153 2957 303 3003 Iologum
329 2959 512 2994 calatorem
537 2965 570 2994 et
595 2969 656 3004 per
681 2958 847 2995 Publicos.
