1918 3313
317 146 350 190 §-
375 146 410 183 2.
457 146 657 192 Festorum‚
682 147 920 184 sacrificiorum
945 153 981 183 et
1004 159 1179 185 sacrorum
1205 150 1423 195 collegiorum
1449 152 1537 184 acta.
1681 145 1740 191 49

269 256 365 294 384.
425 252 546 309 Impp.
579 255 731 297 Licinio
762 255 973 296 Valeriano
1005 254 1111 311 Aug.
1142 256 1205 299 IV.
1237 256 1388 299 Licinio
1426 253 1603 299 Gallieno
1635 254 1741 312 Aug.

127 310 186 354 111.
220 310 311 355 Cos.
332 311 371 368 1)
402 313 532 355 Idibus
563 314 713 356 Martis.

268 371 384 421 Quod
417 378 601 426 coeptum
632 372 750 415 studi.
782 372 971 415 Iuvenum
1013 374 1214 416 Cultorum
1253 375 1318 417 dei
1348 375 1528 418 Herculis
1568 375 1744 417 maiores

127 431 353 473 retulerunt
383 437 592 486 patronum
625 433 911 486 cooptandum,
958 433 1046 486 plus
1078 447 1285 488 speramus
1325 434 1520 477 beneficia
1555 435 1746 476 uberiora

128 502 252 544 posse
285 492 590 544 consequituros
623 492 737 533 cuius
769 492 808 532 in
840 493 1059 545 praeterito
1099 506 1262 535 summa.
1296 493 1564 548 dignationem
1605 494 1744 536 sensi-

126 562 213 591 mus
246 555 287 590 et
323 550 416 591 ideo
458 555 692 604 cooptamus
734 550 920 592 Rutilium
962 552 1163 594 Viatorem
1205 558 1415 607 patronum
1455 566 1545 595 cum
1584 553 1633 595 iis
1675 553 1747 607 qui

125 608 231 649 infra
270 608 338 651 SS.
379 609 551 650 Nonium
596 609 850 650 Gratilianum
884 611 925 651 C.
969 611 1015 652 V.
1048 617 1087 652 et
1128 612 1337 667 Egnatium
1378 612 1593 654 Sattianum
1624 611 1666 653 C.
1698 612 1745 654 V.

127 667 345 721 plerosque
376 667 605 721 splendidos
638 669 795 722 equites
827 669 1030 712 Romanos
1063 676 1102 712 et
1135 671 1386 712 concuriales
1425 672 1604 713 eiusdem
1646 672 1745 713 Via-

126 726 239 779 toris,
271 727 339 779 qui
370 739 445 767 nos
488 726 718 781 dignatione
759 740 831 769 sua
864 733 905 769 et
937 731 1075 772 merita
1115 735 1439 784 provocaverunt
1481 730 1630 773 offerre
1671 743 1746 784 per

127 785 359 826 Numerium
390 785 675 827 Numerianum
707 785 825 828 Attic.
860 792 900 828 et
931 790 1102 830 maiores
1137 803 1289 832 eorum.
1322 813 1378 819 -
1409 793 1448 830 In
1480 794 1601 831 tabula
1633 804 1747 830 aenea

125 847 324 885 Benevent.
357 852 490 896 repert.
551 849 622 885 Fea
654 849 803 886 Framm.
836 850 870 886 di
908 850 989 888 fast.
1022 864 1058 900 p.
1093 851 1160 889 62.
1202 853 1360 890 Gazzera
1392 852 1427 890 in
1458 852 1630 891 Memorio
1663 850 1746 890 dell'

127 907 248 945 accad.
280 907 315 945 di
346 907 491 945 Turino.
523 908 560 945 T.
592 908 738 947 XXXV.
770 921 804 957 p.
838 910 904 946 88.

466 1013 583 1062 Acta
620 1015 801 1078 collegii
837 1014 1099 1080 Aesculapii
1136 1023 1180 1065 et
1217 1017 1410 1082 Hygiae.

270 1133 367 1171 385.
426 1130 555 1173 Salvia
587 1131 627 1172 C.
661 1131 702 1173 F.
735 1132 965 1174 Marcellina
997 1134 1048 1175 ob
1081 1135 1311 1176 memoriam
1334 1135 1388 1176 Fl.
1411 1134 1613 1189 Apollonii
1633 1136 1747 1178 Proc.

127 1189 234 1245 Aug.
251 1187 292 1245 ²)
326 1190 393 1244 qui
424 1190 495 1231 fuit
527 1204 548 1232 a
579 1191 850 1244 pinacothecis
883 1197 922 1232 ct
944 1192 1145 1246 Capitonis
1177 1193 1281 1248 Aug.
1314 1194 1355 1235 L.
1377 1191 1612 1249 Adiutor.3)
1645 1196 1748 1247 eius,

132 1250 261 1290 mariti
293 1251 355 1291 sui
387 1251 522 1303 optimi
554 1251 730 1304 piissimi,
764 1250 913 1291 donum
946 1251 1055 1292 dedit
1086 1253 1257 1306 collegio
1280 1252 1512 1307 Aesculapii
1533 1259 1572 1295 et
1593 1254 1748 1309 Hygiae

126 1309 256 1350 locum
289 1307 494 1349 aediculae
526 1321 614 1349 cum
656 1309 826 1364 pergula
859 1314 898 1349 ct
940 1311 1099 1364 signum
1141 1324 1408 1353 marmoreum
1449 1312 1679 1366 Aesculapii
1710 1317 1751 1354 et

127 1367 316 1409 solarium
348 1372 497 1408 tectum
530 1368 727 1419 iunctum,
759 1369 797 1408 in
832 1381 912 1421 quo
948 1369 1116 1422 populus
1149 1370 1308 1425 collegii
1339 1370 1376 1412 S.
1409 1370 1446 1413 S.
1463 1369 1504 1426 4)
1547 1372 1750 1425 epuletur,

127 1425 235 1480 quod
267 1431 328 1468 est
358 1428 420 1467 via
451 1426 577 1480 Appia
609 1426 656 1468 ad
689 1427 825 1468 Martis
858 1428 959 1468 intra
991 1428 1212 1470 milliarium
1243 1429 1320 1470 let
1349 1429 1381 1470 ll
1412 1431 1459 1471 ab
1492 1431 1591 1472 urbe
1614 1432 1750 1473 eunti-

128 1486 201 1527 bus
233 1491 346 1539 parte
377 1485 490 1527 laeva
521 1487 625 1527 inter
655 1487 806 1528 adfines
838 1486 994 1528 Vibium
1028 1488 1286 1529 Calocaerum
1320 1493 1359 1529 ct
1389 1489 1592 1543 populum.

266 1545 364 1586 Item
396 1545 535 1586 eadem
579 1545 811 1587 Marcellina
852 1546 1024 1602 collegio
1056 1547 1096 1590 S.
1131 1547 1170 1590 S.
1203 1547 1310 1588 dedit
1354 1547 1595 1603 donavitque
1626 1549 1687 1593 HS
1718 1549 1749 1591 L

125 1603 179 1646 M.
212 1601 308 1655 52⁵)
341 1603 566 1646 hominibus
599 1605 646 1646 N.
662 1602 702 1661 ὓ)
736 1605 805 1646 LX
835 1606 908 1646 sub
940 1606 1014 1647 hac
1052 1605 1309 1659 condicione,
1350 1612 1393 1648 ut
1424 1621 1475 1649 ne
1506 1610 1642 1664 plures
1674 1608 1750 1651 ad·-

127 1663 315 1718 legantur
347 1676 464 1717 quam
497 1677 686 1706 numerus
718 1665 756 1708 S.
789 1664 827 1706 S.
862 1670 901 1706 et
933 1669 975 1706 ut
1006 1666 1045 1706 in
1078 1666 1208 1708 locum
1235 1666 1518 1710 defunctorum
1549 1669 1639 1710 loca
1670 1682 1749 1709 ve-

126 1723 234 1765 niant
266 1728 303 1764 et
335 1722 451 1764 liberi
481 1723 729 1779 adlegantur,
760 1724 824 1765 vel
856 1725 981 1777 siquis
1024 1725 1154 1766 locum
1196 1739 1312 1768 suurn
1345 1726 1485 1781 legare
1517 1728 1626 1769 volet
1666 1728 1747 1770 filio

126 1783 192 1824 vel
222 1782 335 1824 fratri
365 1783 431 1824 vel
461 1783 603 1825 liberto
637 1783 851 1835 dumtaxat,
884 1789 928 1825 ut
958 1783 1103 1825 inferat
1145 1785 1263 1827 arkae
1294 1786 1342 1826 N.
1358 1783 1397 1840 7)
1440 1786 1636 1829 dimidiam
1678 1787 1748 1830 fu-

126 1843 291 1884 neratici
302 1856 314 1893 3
347 1847 387 1883 et
417 1855 469 1883 ne
502 1855 589 1884 eam
622 1844 832 1896 pecuniam
866 1843 904 1886 S.
939 1843 976 1886 S.
1010 1844 1132 1885 velint
1163 1845 1202 1885 in
1236 1844 1335 1886 alios
1367 1858 1466 1887 usus
1494 1851 1749 1901 convertere,

125 1901 198 1943 sed
229 1907 272 1944 ut
304 1914 357 1942 ex
388 1902 521 1944 usuris
554 1903 642 1944 eius
675 1915 852 1944 summae
886 1902 1028 1944 diebus
1061 1903 1162 1944 infra
1196 1905 1358 1959 scriptis
1400 1905 1535 1947 locum
1578 1905 1750 1948 confre-

125 1966 345 2015 quentare3
387 1974 441 2002 ex
471 1960 601 2003 reditu
644 1962 730 2003 eius
773 1975 952 2004 summae
992 1962 1136 2016 siquod
1180 1965 1502 2018 comparaverint
1544 1965 1746 2019 sportulas

123 2020 309 2062 hominib.
341 2017 440 2076 ᾖε)
471 2020 543 2062 LX
575 2033 628 2062 ex
659 2020 823 2063 decreto
856 2022 1149 2073 universorum,
1183 2023 1291 2076 quod
1312 2028 1471 2079 gestum
1495 2030 1555 2066 est
1578 2026 1618 2066 in
1640 2029 1749 2066 tem-

122 2079 190 2134 plo
221 2080 412 2121 Divorum
443 2081 482 2121 in
515 2079 615 2121 aede
648 2080 727 2121 divi
764 2080 839 2122 Titi
879 2086 1082 2123 conventu
1123 2082 1242 2136 pleno
1286 2084 1352 2136 qui
1393 2081 1479 2125 dies
1520 2083 1594 2125 fuit
1633 2085 1662 2130 V
1692 2083 1747 2125 Id.

124 2138 238 2180 Mart.
270 2139 421 2181 Bruttio
452 2140 672 2180 Praesente
704 2145 743 2181 et
772 2140 884 2182 Iunio
916 2141 1055 2182 Rufino
1088 2140 1176 2182 Cos.
1194 2138 1235 2196 9)
1268 2143 1324 2182 uti
1364 2142 1443 2190 'im-1
1484 2143 1529 2184 K.
1563 2143 1649 2185 Oct.
1684 2142 1749 2185 die

124 2197 354 2240 felicissimo
379 2199 426 2239 N.
446 2195 500 2253 ¹⁰)
523 2198 713 2240 Antonini
735 2198 839 2254 Aug.
863 2199 892 2245 N*
911 2198 967 2255 11)
989 2201 1043 2241 Pii
1074 2200 1115 2241 Ρ.
1147 2201 1186 2241 Ρ.
1219 2203 1422 2254 sportulas
1455 2201 1678 2245 dividerent
1708 2204 1750 2243 in

123 2258 273 2311 templo
305 2258 495 2300 Divorum
527 2259 564 2298 in
597 2258 698 2299 aede
730 2259 809 2299 divi
851 2260 926 2300 Titi
960 2260 1000 2300 C.
1034 2259 1149 2301 Ofilio
1180 2260 1357 2302 Hermeti
1390 2262 1435 2310 Q.
1470 2263 1516 2311 Q.
1548 2263 1589 2304 P.
1628 2263 1669 2304 Ρ.
1688 2259 1746 2316 12)

123 2317 190 2358 vel
221 2317 288 2371 qui
319 2323 415 2359 tunc
448 2318 522 2358 erit
555 2317 608 2358 -X
631 2315 686 2372 13)
720 2319 778 2359 ΙΙΙ.
811 2316 926 2359 Aelio
959 2319 1111 2360 Zenoni
1141 2320 1242 2373 patri
1283 2320 1442 2375 collegii
1476 2321 1529 2363 ·X·
1564 2321 1623 2363 111.
1655 2321 1749 2366 Sat-

122 2376 212 2418 viae
232 2377 485 2418 Marcellinae
507 2379 623 2418 matri
645 2378 804 2434 collegii
821 2378 876 2419 -X-
898 2377 957 2420 Ill.
980 2379 1087 2420 Imm.
1110 2379 1212 2434 sing.
1231 2375 1288 2435 14)
1313 2380 1369 2421 -Χ-
1401 2380 1432 2422 11
1455 2380 1546 2423 Cur.
1568 2381 1670 2437 sing.
1691 2378 1747 2435 ¹⁵)

137 2435 196 2477 ·X·
227 2436 256 2477 Π
285 2436 434 2490 populo
466 2437 558 2491 sing
593 2436 648 2478 -X-
682 2437 709 2478 l.

264 2494 359 2536 ltem
391 2495 442 2549 pl.
463 2493 519 2550 16)
553 2508 612 2550 pr.
656 2495 758 2537 Non.
790 2496 892 2538 Nov.
926 2497 974 2538 N.
995 2493 1049 2552 17)
1084 2496 1244 2553 collegi.
1277 2497 1501 2541 dividerent
1533 2512 1586 2541 ex
1615 2499 1748 2542 reditu

124 2552 163 2596 S.
193 2553 233 2598 S.
265 2554 315 2596 ad
345 2554 482 2596 Martis
513 2555 553 2596 in
584 2555 762 2597 scholam
798 2556 846 2598 N.
868 2553 924 2612 18)
957 2556 1234 2611 praesentibus
1276 2557 1323 2607 Q.
1357 2559 1403 2608 Q.
1442 2558 1496 2600 ·X·
1533 2559 1594 2601 VI.
1634 2558 1745 2602 Imm.

265 2719 303 2765 1)
328 2721 410 2755 Post
434 2720 511 2756 Chr.
538 2722 616 2756 256.
643 2739 685 2746 -
712 2720 751 2764 2)
777 2723 1009 2766 procuratoris
1035 2721 1190 2767 Augusti.
1214 2740 1260 2746 —
1286 2721 1325 2767 3)
1351 2723 1499 2769 Augusti
1524 2723 1639 2758 liberti
1665 2724 1744 2760 adi-

127 2768 242 2802 utoris.
268 2785 313 2790 ——
338 2766 378 2811 4)
404 2780 507 2813 supra
533 2771 663 2813 scripti.
700 2787 741 2792 -
779 2770 818 2813 5)
845 2781 1028 2803 nummum.
1065 2788 1107 2793 —-
1142 2768 1180 2813 6)
1206 2782 1360 2806 numero.
1388 2790 1428 2795 —
1458 2769 1496 2814 7)
1522 2778 1673 2807 nostrae.
1700 2791 1743 2796 -—-

124 2812 164 2857 8)
190 2827 343 2851 numero.
368 2832 414 2838 —-
439 2816 479 2860 9)
497 2827 530 2861 p.
549 2815 626 2851 Chr.
650 2817 725 2851 153.
753 2834 795 2839 -
825 2815 885 2859 10)
911 2817 1023 2851 natali.
1048 2834 1093 2839 -
1119 2817 1181 2861 11)
1209 2821 1323 2853 nostri.
1352 2836 1394 2842 ·—-
1423 2817 1484 2861 12)
1502 2820 1746 2864 quinquennali

124 2870 303 2907 perpetuo.
332 2881 374 2886 -—
400 2861 461 2906 13)
489 2864 658 2898 denarios.
686 2882 728 2888 —
755 2861 817 2907 14)
836 2864 1041 2898 immunibus
1066 2865 1219 2909 singulis.
1255 2885 1298 2890 —
1336 2864 1396 2908 15)
1423 2867 1637 2902 curatoribus
1671 2869 1743 2902 sin-

124 2909 221 2953 gulis.
247 2910 405 2945 Ceterum
429 2910 616 2945 verborum
649 2912 804 2946 ordinem
838 2909 896 2953 (ut
918 2911 1201 2956 confrequentare.
1235 2915 1284 2947 uti
1308 2911 1512 2956 dividerent)
1546 2925 1615 2949 non
1649 2921 1745 2951 recte

124 2957 312 3000 procedere
337 2958 552 2993 manifestum
576 2964 638 2994 est.
665 2977 708 2983 —-
736 2956 797 3002 16)
822 2960 960 3004 placuit.
988 2976 1030 2983 -
1058 2957 1118 3004 17)
1142 2960 1258 2996 natali.
1284 2977 1329 2983 —
1355 2958 1416 3005 18)
1442 2967 1604 2997 nostram.

183 3012 265 3048 zell,
283 3015 406 3049 inscriptt.
425 3016 544 3044 delectus.
1502 3020 1532 3065 4
