1877 3313
197 156 283 199 314
645 153 746 189 Inscr.
771 154 945 198 profanae,
995 152 1075 199 Cap.
1102 153 1141 188 ΙΙ.
1189 153 1345 189 Tabulae.

196 260 495 304 conversatione
528 264 752 311 tractantur,
782 261 820 302 in
852 265 996 301 tantum
1028 272 1072 301 se
1102 260 1294 301 licentiam
1327 259 1530 302 diffudisse
1553 261 1783 314 pretiorum,

193 326 235 361 ut
266 319 453 360 effrenata
484 319 602 360 libido
633 318 830 372 rapiendi,
867 331 941 358 nec
971 331 1103 359 rerum
1136 319 1260 371 copia,
1292 331 1367 359 nee
1398 331 1587 360 annorum
1618 320 1782 360 uberta-

193 379 295 418 tibus
326 379 589 431 mitigaretur-3
621 382 661 417 ut
693 377 805 429 plane
838 377 1030 416 eiusmodi
1053 376 1230 426 hominis,
1264 389 1363 429 quos
1391 377 1486 417 haec
1509 377 1637 417 officia
1660 390 1782 417 exer-

195 438 292 476 citos
323 435 488 483 habent,
532 434 689 475 dubium
730 448 808 475 non
839 436 888 475 sit
919 447 1064 487 senper
1094 435 1268 487 pendere
1299 436 1452 486 animo,
1498 448 1544 475 ac
1586 436 1698 475 etiam
1729 435 1780 475 de

192 493 365 534 siderum
397 494 565 533 motibus
608 506 721 533 auras
752 494 854 546 ipsas
886 497 1222 546 tempestatesque
1254 497 1412 545 captare
1423 507 1434 542 3
1474 505 1604 545 nequ-e
1634 493 1782 546 iniqui-

193 556 272 592 tate
302 565 373 592 sua
404 552 558 604 perpeti
588 563 719 603 posse,
751 551 799 591 ad
830 563 938 603 spem
971 551 1129 604 frugum
1162 551 1380 591 suturarum
1410 551 1590 591 inundari
1620 552 1782 603 superi-

191 614 281 650 acto
311 611 459 650 semine
474 607 513 663 ⁶)
549 621 641 649 arra
673 609 819 649 l'elieia:
863 613 903 648 ut
935 609 1000 661 qui
1033 609 1305 649 detrimentum
1337 610 1396 649 sui
1429 610 1652 649 existiment
1683 609 1782 649 caeli

189 669 311 720 ipsius
344 668 658 720 temperamentis
701 667 971 707 abundantiam
1014 667 1133 707 rebus
1174 667 1410 719 provenire3
1442 673 1481 707 et
1512 668 1652 720 quibus
1683 679 1782 707 sen-

189 739 262 779 per
292 726 459 766 studium
491 731 551 766 est
582 726 619 765 in
651 730 855 778 quaestum
887 725 1043 765 trahere
1076 726 1189 765 etiam
1223 725 1413 765 beneficia
1445 725 1596 775 divina,
1627 738 1674 765 ac
1702 737 1781 777 pu-

190 784 315 824 blicae
348 783 542 824 felicitatis
573 784 790 824 afluentiam
822 784 1042 837 stringere,
1075 795 1294 836 rursusque
1326 784 1436 824 annis
1468 783 1664 823 sterilibus
1685 784 1782 835 fru-

187 856 280 895 qum
310 843 578 882 contractibus
610 842 738 893 adque
766 843 985 882 institorum
1012 841 1150 882 osl'iciis
1173 842 1398 881 nundinari:
1433 842 1497 893 qui
1523 841 1668 895 singuli
1694 854 1781 881 ma-

188 901 303 941 ximis
335 900 476 940 divitiis
509 899 755 950 diffluentes,
796 912 896 951 quae
934 900 1047 939 etiam
1081 900 1311 952 populosam
1342 900 1475 939 Asiam
1507 900 1670 952 explere
1700 912 1781 952 po—

188 959 365 1008 tuissent,
394 963 672 999 consectentur
693 958 855 1011 peculia,
887 963 924 997 et
956 958 1208 998 lacerati-ices
1236 958 1498 997 centensimas
1530 970 1781 1010 persequan-

189 1017 284 1057 tur?
330 1016 477 1057 Eorum
508 1017 691 1056 avaritiae
723 1015 880 1056 modum
912 1017 1048 1065 statui,
1081 1016 1341 1068 provinciales
1374 1016 1518 1064 nostri,
1561 1018 1780 1056 communis

188 1074 435 1115 humanitatis
477 1075 577 1114 ratio
619 1073 838 1126 persuadet.
898 1073 973 1113 Sed
1016 1075 1086 1114 iam
1128 1075 1240 1113 etiam
1274 1075 1377 1126 ipsas
1410 1085 1574 1124 causas,
1618 1086 1781 1126 quarum

187 1134 405 1173 necessitas
437 1133 590 1173 tandem
623 1129 860 1185 proicereT)
893 1131 957 1171 diu
990 1131 1179 1184 prolatam
1212 1132 1433 1184 patientiam
1467 1131 1663 1184 conpulit,
1702 1145 1780 1171 ex-

185 1191 335 1244 plicare
368 1191 578 1239 ‹lebemus3
621 1195 659 1230 ut
701 1192 877 1242 quamvis
910 1189 1066 1229 difficile
1098 1191 1146 1229 sit
1179 1195 1258 1230 toto
1296 1190 1400 1243 ,orbe
1441 1190 1640 1229 avaritiam
1683 1202 1780 1230 sae-

186 1236 551 1302 vientem⁴speciali
582 1252 838 1300 argumento,
879 1248 939 1287 xel
972 1247 1075 1287 facto
1107 1249 1236 1300 potius
1268 1248 1460 1298 revelari,
1503 1248 1622 1288 tutior
1654 1252 1780 1288 tamen

185 1307 438 1361 intellegatur
469 1306 633 1348 remedii
666 1307 904 1356 constitutio,
937 1320 1024 1346 cum
1056 1307 1411 1358 intemperatissimi
1447 1306 1626 1346 homines
1659 1318 1779 1346 men-

185 1366 276 1405 tium
303 1378 463 1406 suarum
492 1364 718 1405 indomitam
749 1365 1002 1415 cupiditatem
1044 1365 1316 1418 designatione
1329 1361 1371 1418 8)
1409 1363 1572 1416 quadam
1606 1369 1644 1404 et
1675 1365 1779 1405 notis

184 1428 377 1476 cogentur
409 1435 642 1476 agnoscere.
705 1423 798 1470 Quis
842 1435 941 1476 ergo
969 1423 1118 1462 nesciat
1159 1422 1383 1462 utilitatibus
1415 1421 1579 1475 publicis
1611 1422 1778 1462 insidia-

187 1484 325 1522 tricem
357 1481 569 1531 audaciam,
603 1492 844 1533 (piacumque
877 1482 1075 1520 exercitus
1109 1486 1268 1520 nostros
1300 1480 1414 1533 dirigi
1446 1481 1664 1521 communis
1687 1493 1778 1522 om-

185 1540 289 1579 nium
321 1540 424 1580 salus
455 1539 644 1592 postulat,
688 1551 764 1578 nou
805 1551 875 1591 per
907 1540 1014 1579 vicos
1047 1538 1163 1579 modo
1196 1544 1261 1579 aut
1294 1538 1458 1592 oppida,
1500 1537 1572 1578 sed
1602 1539 1640 1578 in
1673 1539 1779 1580 omni

184 1598 313 1638 itineri
343 1599 471 1638 animo
504 1597 689 1638 sectionis
722 1609 953 1642 occurrere;
985 1598 1108 1649 pretia
1139 1597 1335 1637 venalium
1368 1609 1511 1646 rerum,
1543 1609 1622 1637 non
1646 1597 1778 1649 quad-

185 1656 298 1708 ruplo
321 1661 386 1696 aut
406 1656 563 1707 octuplo
585 1656 714 1694 minus
736 1655 928 1694 exhibere
941 1653 993 1708 ⁹),
1018 1661 1058 1696 ut
1086 1655 1162 1694 tale
1189 1656 1318 1695 scelus
1344 1655 1595 1707 capitationis
1619 1656 1658 1695 et
1687 1654 1780 1696 facti

186 1714 383 1766 explicare
416 1714 604 1754 humanae
636 1713 792 1765 linguae
823 1714 921 1753 ratio
954 1726 1030 1753 non
1063 1714 1207 1766 possit:
1247 1714 1415 1766 denique
1447 1712 1662 1763 interdum,
1695 1713 1780 1753 dis-

186 1773 376 1812 tractione
409 1773 520 1811 unius
552 1772 622 1821 rei,
655 1771 838 1811 donativo
869 1771 1025 1811 militem
1058 1772 1333 1824 stipendioque
1364 1771 1521 1824 privari,
1554 1775 1592 1810 et
1624 1783 1779 1812 omnem

182 1830 301 1870 totius
333 1830 439 1871 orbis
470 1829 517 1869 ad
545 1829 796 1870 sustinendos
828 1830 1028 1869 exereitus
1053 1830 1298 1871 collationem
1329 1828 1569 1869 detestandis
1602 1830 1778 1881 quaesti-

186 1888 258 1927 bus
299 1888 559 1940 diripientium
601 1887 768 1935 cedere;
808 1892 851 1927 ut
891 1900 938 1927 ea
974 1889 1161 1939 praemia
1201 1901 1303 1940 quae
1351 1893 1443 1928 sunt
1484 1887 1638 1927 divitiae
1670 1900 1778 1936 suae,

184 1950 224 1985 et
245 1947 428 1986 emeritos
452 1946 608 1985 labores
632 1946 759 1986 militis
792 1947 911 1985 nostri
943 1947 1164 1986 sectoribus
1193 1947 1362 1986 omnium
1390 1945 1587 1986 coniferre
1607 1945 1776 1986 videan-

187 2008 272 2052 tur3
305 2017 382 2056 quo
416 2003 723 2056 depraedatores
741 2001 795 2058 ¹⁰)
829 2004 948 2056 ipsius
976 2005 1032 2043 rei
1062 2004 1240 2055 publicae
1269 2010 1412 2045 tantum
1441 2005 1478 2043 in
1506 2003 1591 2044 dies
1616 2005 1779 2056 rapiant,

183 2067 370 2114 quantum
402 2062 549 2102 habere
571 2063 755 2114 gestiant.
787 2062 853 2102 His
881 2062 1073 2111 (minibus,
1107 2075 1207 2113 quae
1234 2075 1350 2114 supra
1378 2061 1651 2114 conprehensa
1672 2068 1777 2112 sunt,

184 2121 284 2160 iuste
317 2133 362 2159 ac
396 2121 531 2160 merito
566 2122 753 2172 permoti,
785 2125 821 2159 et
855 2133 941 2159 eum
975 2121 1050 2159 iam
1083 2121 1164 2172 ipsa
1193 2120 1408 2160 humanitas
1437 2121 1640 2173 deprecari
1664 2119 1778 2161 vide-

183 2183 314 2218 retur:
359 2190 437 2218 non
469 2179 593 2230 pretia
633 2178 823 2218 venalium
857 2190 987 2218 rerum
1021 2176 1177 2231 (neque
1209 2179 1310 2218 enim
1343 2179 1427 2218 sieri
1458 2178 1495 2217 id
1527 2179 1669 2219 iustum
1700 2191 1777 2231 pu-

184 2240 310 2286 tatur,
352 2248 439 2276 cum
482 2236 670 2288 plurimae
712 2236 902 2276 interdum
944 2237 1172 2288 provinciae
1204 2236 1386 2276 felicitate
1419 2241 1575 2289 optatae
1607 2236 1777 2288 vilitatis,

184 2299 224 2334 et
255 2294 363 2334 velut
405 2294 573 2346 quodam
613 2294 822 2335 affluentiae
862 2294 1068 2346 privilegio
1100 2292 1368 2348 glorientur),
1399 2294 1469 2334 sed
1501 2293 1658 2334 modum
1690 2299 1776 2335 sta—

182 2351 368 2392 tuendum
402 2364 489 2392 esse
517 2353 761 2401 censuimus;
793 2357 834 2393 ut
859 2365 946 2392 cum
970 2353 1026 2392 vis
1049 2352 1176 2404 aliqua
1199 2353 1370 2393 caritatis
1393 2357 1619 2405 emergeret
1645 2349 1777 2406 (quod

184 2410 235 2449 dii
267 2422 382 2450 omen
414 2409 713 2463 averterentl)‚
746 2411 927 2460 avaritia,
970 2422 1072 2462 quae
1106 2410 1213 2450 vetut
1244 2411 1388 2463 campis
1421 2410 1586 2462 quadam
1616 2411 1776 2451 inmen-

183 2468 299 2509 sitate
331 2467 481 2508 diffusis
502 2466 573 2522 ¹¹),
607 2469 732 2508 teneri
765 2481 843 2509 non
875 2473 1039 2521 poterat,
1071 2469 1205 2509 statuti
1236 2471 1359 2509 nostri
1391 2468 1532 2509 finibus
1563 2473 1602 2509 et
1632 2469 1776 2509 mode-

321 2605 359 2649 6)
385 2607 432 2640 Ita
458 2608 608 2651 suppleov
648 2608 682 2641 In
709 2609 761 2642 ed.
795 2610 940 2642 variatur
972 2609 1212 2653 suppleturque
1238 2610 1302 2642 sic:
1337 2615 1392 2642 aul
1415 2620 1501 2653 spem
1529 2609 1660 2652 fraqam
1682 2609 1775 2651 fulu-

180 2665 293 2686 rarnm
317 2655 471 2686 innovari
496 2661 551 2686 aut
575 2666 671 2698 super
695 2666 797 2687 rennos
825 2666 994 2699 prosperos
1019 2667 1103 2688 arva
1125 2656 1250 2696 felicia.
1277 2673 1319 2677 —
1345 2654 1383 2697 7]
1409 2656 1456 2688 Ita
1479 2655 1639 2698 suppleo:
1665 2666 1775 2699 neque

182 2701 270 2733 enim
296 2700 375 2733 mihi
400 2701 525 2744 placuit
551 2702 765 2743 interponere
790 2703 843 2741 ad,
868 2708 903 2734 ut
920 2701 1039 2734 deinde
1057 2702 1259 2735 scriberetur
1275 2703 1500 2744 provisionem.
1527 2701 1658 2734 Liceret
1674 2704 1774 2735 etiam

183 2747 341 2789 supplere
366 2747 576 2790 proculcare,
600 2748 777 2790 prodicere,
802 2749 992 2792 profanare,
1016 2749 1202 2792 prolliyare,
1240 2759 1464 2791 prorumpere,
1487 2759 1670 2791 prosecat-e,
1693 2760 1774 2792 pro-

180 2798 300 2832 terere,
341 2793 548 2835 protrudere,
581 2794 786 2836 propellere,
819 2794 1020 2838 proturbare.
1062 2795 1214 2837 Namque
1247 2797 1278 2828 in
1312 2796 1525 2827 vitiosissimo
1553 2794 1651 2826 edicti
1678 2795 1774 2828 huius

182 2837 256 2870 stilo
282 2839 416 2884 quidvis
442 2839 514 2872 fere
539 2839 697 2872 hariolari
725 2840 812 2873 licet.
839 2858 882 2863 --
907 2838 944 2881 8)
972 2840 1037 2872 Alii
1063 2842 1219 2884 supplent
1240 2842 1399 2883 ferociam
1421 2841 1657 2883 qulam-natione.
1696 2841 1775 2874 illibi

184 2883 279 2917 aliter
304 2887 423 2918 visum.
451 2903 491 2908 --
520 2886 557 2928 9)
584 2886 630 2918 lta
659 2886 735 2919 mihi
761 2886 986 2930 supplendum
1012 2887 1177 2920 suadebat
1202 2887 1320 2930 lapidis
1340 2888 1448 2920 extriti
1465 2889 1616 2930 spatium.
1644 2905 1683 2910 -—
1714 2886 1773 2928 10)

182 2928 244 2962 Ed.
272 2931 363 2966 addit
388 2931 655 2978 supplementum
681 2932 765 2966 orbis
791 2939 836 2973 et,
863 2933 949 2977 quod
977 2935 1116 2976 spatium
1144 2934 1262 2976 lapidis
1288 2943 1352 2966 non
1378 2934 1509 2977 patitur.
1538 2951 1576 2956 -—
1606 2931 1667 2974 11)
1693 2932 1771 2977 Lap.
