1918 3313
526 162 557 204 §.
584 162 616 197 1.
665 163 819 198 Virorum
843 163 1067 208 ingenuorum
1093 168 1127 197 et
1150 163 1358 198 libertorum.
1688 162 1745 204 69

139 279 228 308 ann.
261 266 337 308 Vll.
371 266 594 309 Corneliam
625 269 829 323 Helpidem
861 268 1118 310 conlibertam
1150 274 1189 310 et
1217 267 1460 322 Callitychen
1480 272 1643 309 matrem
1666 281 1746 310 eo-

138 339 225 368 rum
259 330 297 366 et
331 325 370 367 C.
402 327 626 368 Pinnarium
659 328 885 369 Gemenum.
918 351 974 356 ——
1006 331 1116 378 Spon.
1138 331 1232 367 Misc.
1255 344 1288 379 p.
1312 330 1407 367 226.
1451 330 1560 366 More.
1584 330 1626 366 Π.
1653 329 1745 368 112.

279 405 375 442 498.
436 402 478 443 C.
520 403 694 445 Poblicio
736 404 778 444 L.
811 405 851 444 F.
885 403 1025 444 Bibulo
1070 403 1166 444 Aed.
1214 405 1264 457 pl.
1306 404 1467 445 honoris
1509 403 1745 455 virtutisque

139 472 280 501 caussa
311 465 473 502 senatus
506 462 686 503 consulto
726 463 897 515 populiq.
941 466 1052 502 iussu
1093 462 1204 503 locus
1250 467 1504 504 monumento
1546 473 1625 513 quo
1658 462 1746 514 ipse

137 520 366 573 posterique
399 520 485 560 eius
516 519 759 561 inferrentur
789 521 945 574 publice
980 520 1094 560 datus
1127 526 1200 562 est.
1241 545 1296 550 -
1339 525 1481 560 Romae.
1514 522 1745 559 Montfaucon

138 582 221 617 Ant.
253 580 295 617 V.
327 593 360 629 p.
397 580 490 618 126.
536 582 670 618 Morcel
702 582 777 618 Stil.
811 582 963 618 CCXVI.
1011 582 1105 618 Oret.
1138 582 1264 619 4683.
1319 583 1471 628 Platner‚
1503 581 1641 618 Bunsen
1674 586 1741 618 etc.

137 639 340 676 Bescbreib.
373 640 489 676 Roms.
520 639 580 676 Ill.
617 639 649 676 1.
680 652 715 688 p.
749 640 813 677 36.
861 641 1000 676 Becker
1031 644 1118 677 rom.
1152 642 1304 678 Altertb.
1337 641 1361 677 I.
1395 640 1490 678 413.

276 715 374 752 499.
434 713 483 753 M.
516 713 676 753 Postilio
710 712 868 754 Aratori
900 714 1042 754 amicit.
1075 714 1240 755 foedere
1272 715 1453 755 honorib.
1486 713 1639 766 donisq.
1667 725 1744 755 co-

137 770 285 812 mulato
305 769 341 826 ¹)
375 770 417 811 L.
451 770 624 812 Cincinn.
659 770 697 812 C.
731 772 776 812 D.
793 770 833 826 2]
868 785 889 812 e
912 773 1010 812 vivis
1032 772 1195 813 discess.
1221 773 1295 813 boc
1318 777 1571 813 monumento
1595 784 1740 813 munus

137 830 417 883 complevit...
461 853 517 858 ——-
558 833 596 869 In
629 845 714 869 urna
757 834 940 870 cineraria.
985 834 1110 880 Lajard
1153 835 1221 870 Sur
1253 846 1320 870 une
1352 846 1438 870 urne
1483 833 1655 870 cineraire
1698 834 1745 869 du

136 893 257 928 musee
291 892 335 928 de
367 891 503 938 Rouen,
537 891 592 928 in:
625 892 811 929 Memoires
847 893 890 929 de
922 892 1060 929 l'Acad.
1084 893 1115 928 d.
1149 892 1306 941 inscript.
1339 894 1435 929 Tom.
1468 892 1545 929 XV.
1577 885 1743 944 (1842)

275 1026 370 1063 500.
430 1023 475 1063 D.
508 1024 558 1064 M.
592 1023 633 1063 L.
666 1024 906 1077 Pomponius
940 1024 1081 1065 Cladus
1123 1029 1162 1064 et
1195 1024 1357 1065 Claudia
1399 1023 1584 1065 Parhesia
1626 1023 1744 1065 fece-

135 1087 226 1122 runt
257 1082 330 1122 sibi
363 1087 402 1121 et
434 1083 514 1122 suis
546 1084 798 1135 posterisque
843 1095 980 1123 eorum
1022 1088 1061 1123 et
1101 1083 1152 1123 M.
1187 1084 1372 1131 Quintino
1407 1082 1635 1125 Claudiano.
1670 1082 1745 1123 Ol-

134 1141 263 1239 ?arlprrpt
287 1140 447 1237 N1..5{lg
481 1141 529 1181 ab
560 1141 638 1182 imo
670 1142 707 1181 in
739 1153 892 1182 summo
935 1154 1024 1183 cum
1066 1141 1318 1182 obrendario.
1356 1165 1405 1170 -
1442 1144 1537 1181 Grut.
1577 1143 1744 1191 784,16.

266 1230 274 1239 .
366 1229 375 1248 ‚
438 1230 446 1238 .

278 1277 372 1315 501.
433 1275 594 1326 Liberti,
627 1275 794 1316 libertae
826 1276 948 1316 Prisci
980 1274 1085 1329 Aug.
1117 1275 1160 1316 L.
1194 1274 1382 1316 Gamiani.
1415 1276 1476 1317 Ex
1508 1280 1744 1317 testamento

135 1334 348 1389 descriptu.
382 1335 432 1375 ita
465 1339 505 1374 ut
537 1339 692 1374 cautum
725 1339 808 1374 erat
840 1335 1103 1386 subscripser.

271 1393 402 1433 Locus
434 1393 675 1433 monumenti
708 1393 793 1432 sive
825 1405 923 1445 ager
955 1398 1015 1433 est
1048 1393 1108 1432 via
1142 1392 1246 1433 latin.
1281 1393 1330 1433 ad
1364 1393 1572 1434 miliarium
1599 1394 1644 1434 V.
1670 1406 1747 1434 su-

132 1464 204 1505 pra
234 1456 393 1505 pontem
435 1450 484 1491 ad
523 1452 803 1491 monimentum
848 1451 955 1491 Gami
1000 1451 1182 1491 Caesaris
1226 1450 1502 1504 Agathocli-ani
1534 1452 1607 1504 do,
1650 1452 1743 1506 lego

134 1511 281 1551 libertis
314 1510 410 1550 meis
443 1510 649 1562 utriusque
680 1522 823 1550 sexsus
866 1510 1121 1562 posterisque
1164 1521 1303 1550 eorum
1337 1515 1376 1550 et
1406 1511 1451 1551 iis
1486 1523 1586 1564 quos
1628 1524 1746 1552 manu

132 1569 230 1610 mitti
262 1569 401 1623 rogavi
432 1569 565 1621 ibique
597 1569 799 1609 tabernam
830 1568 915 1608 fieri
947 1570 1066 1621 inque
1101 1581 1187 1609 eam
1209 1570 1387 1610 consumi
1411 1569 1481 1610 HS.
1506 1570 1550 1609 N.
1575 1567 1743 1623 10003)

135 1628 322 1668 arbitratu
363 1626 628 1682 Agathangeli
669 1627 874 1667 colliberti.
915 1649 970 1655 -—
1011 1630 1131 1667 Marin.
1172 1630 1249 1667 Atti
1282 1631 1389 1667 arval.
1422 1643 1455 1679 p.
1489 1630 1585 1668 270.
1632 1631 1743 1669 More.

136 1689 201 1738 Op.
235 1700 291 1737 ep.
323 1688 366 1725 Π.
402 1687 494 1726 115.

275 1764 369 1801 502.
429 1762 475 1802 D.
509 1763 559 1803 M.
591 1762 711 1803 lulius
743 1763 943 1804 Primosus
977 1767 1015 1802 et
1046 1762 1140 1803 Iulia
1182 1763 1359 1804 Primosa
1398 1768 1438 1804 et
1468 1762 1562 1804 Iulia
1592 1763 1744 1804 Helene

135 1824 174 1861 et
205 1820 276 1862 sib.
311 1826 351 1861 et
381 1822 517 1861 suibus
531 1819 573 1872 4)
607 1826 646 1862 et
668 1821 819 1862 libertis
842 1821 1140 1874 libertabusque
1162 1823 1413 1875 posterisque
1437 1834 1598 1871 eoruin3
1630 1834 1742 1863 muro

135 1879 316 1931 cinctum,
348 1880 386 1920 in
420 1879 549 1920 fronte
580 1880 607 1920 P
622 1911 723 1920 .....
756 1881 797 1920 in
830 1893 926 1935 agro
959 1880 1000 1921 P.
1032 1880 1194 1920 XXXX.
1232 1905 1281 1909 —
1314 1884 1461 1929 Romae,
1494 1884 1537 1919 ad
1569 1884 1620 1921 St.
1647 1884 1744 1922 Paul.

135 1945 236 1978 extra
269 1952 398 1978 muros.
447 1941 606 1978 Gerhard
640 1942 877 1988 Denkmiiler,
909 1939 1167 1989 Forschungen
1205 1941 1324 1978 1849.
1357 1954 1391 1990 p.
1424 1942 1519 1979 304.

276 2017 370 2054 503.
428 2015 512 2055 Diis
543 2015 734 2057 Manibus.
770 2016 815 2063 O.
847 2016 1076 2069 Propertius
1108 2014 1312 2057 Secundus
1345 2014 1441 2055 fecit
1473 2015 1547 2056 sibi
1579 2019 1617 2055 et
1636 2015 1742 2056 Pro-

132 2074 283 2126 pertiae
315 2074 546 2127 Trypliosae
578 2079 743 2126 patrone
777 2087 874 2114 suae
907 2075 1011 2114 bene
1042 2074 1207 2114 merenti
1244 2078 1283 2113 et
1314 2074 1542 2126 Propertiae
1575 2074 1743 2128 Dynami

133 2132 298 2173 libertae
330 2138 368 2172 et
400 2133 672 2173 contubernali
705 2134 987 2173 sanctissimae.
1021 2155 1076 2161 —-—
1109 2136 1251 2171 Romae.
1285 2135 1381 2171 Grut.
1413 2147 1446 2184 p.
1480 2135 1576 2171 952.
1623 2136 1743 2184 Haupt

134 2194 225 2229 iiber
255 2193 312 2230 die
343 2193 475 2230 Namen
509 2194 571 2229 des
604 2194 768 2230 Dicliters
802 2194 1021 2242 Propertius,
1055 2194 1219 2230 Berichte
1250 2195 1340 2230 uber
1373 2194 1430 2229 die
1459 2194 1652 2232 Verbandl.
1676 2195 1741 2232 der

134 2252 328 2289 Gesellsch.
362 2252 394 2289 d.
427 2252 679 2289 Wissenschst.
711 2265 753 2289 zu
785 2253 941 2301 Leipzig.
974 2253 1099 2290 Philol.
1133 2252 1214 2291 hist.
1247 2252 1297 2289 Cl.
1329 2264 1362 2301 p.
1396 2251 1492 2288 264.

276 2328 369 2364 504.
430 2326 499 2366 Dis
531 2326 724 2367 Manibus.
759 2326 802 2366 L.
836 2325 998 2367 Aurelio
1030 2326 1237 2379 Propertio
1277 2325 1319 2365 L.
1352 2326 1380 2366 F
1394 2357 1519 2366 ......
1551 2324 1653 2366 Aed.
1683 2325 1743 2368 1111

133 2384 205 2424 vir.
235 2382 261 2424 1.
293 2385 340 2424 D.
372 2384 543 2424 iter....
578 2384 747 2432 Quin...
782 2385 832 2425 ob
865 2385 1044 2426 dedic...
1079 2384 1153 2424 ded
1169 2416 1297 2425 ......
1330 2384 1404 2426 HS.
1438 2383 1531 2425 Cen.
1559 2385 1602 2425 L.
1624 2384 1669 2426 D.
1692 2385 1738 2426 D.

133 2442 178 2482 D.
211 2466 265 2471 —
297 2445 475 2482 Ameriae.
508 2447 535 2481 E
568 2447 648 2482 cod.
690 2447 870 2483 Barberin.
918 2447 1015 2483 Grut.
1058 2459 1089 2494 p.
1126 2445 1246 2482 1103.
1294 2447 1507 2491 Mommsen,
1550 2447 1638 2482 iiber
1681 2446 1740 2484 die

134 2503 345 2541 Inschriften
378 2515 448 2540 von
482 2505 642 2550 Ameria,
673 2505 837 2541 Berichte
871 2506 959 2541 ‘uber
991 2506 1024 2541 d.
1058 2505 1249 2542 Verhandl.
1280 2505 1344 2541 der
1366 2505 1556 2541 Gesellscb.
1580 2505 1612 2542 d.
1628 2504 1739 2543 Wiss.

135 2572 180 2600 zu
211 2563 367 2611 Leipzig.
415 2563 538 2600 Pliilol.
572 2563 652 2600 hist.
685 2563 736 2602 Cl.
769 2564 794 2600 Ι.
826 2576 861 2612 p.
895 2563 991 2601 266.

277 2639 372 2675 505.
432 2636 508 2676 Dis
539 2636 731 2677 Manibus
761 2637 982 2677 Secundini
1014 2648 1132 2676 ...na
1145 2668 1246 2678 .....
1288 2636 1498 2678 Secundini
1529 2635 1667 2678 Securi
1698 2640 1740 2680 et

134 2694 293 2735 Publiae
325 2696 490 2736 Pacatae
512 2696 693 2749 coniugis
725 2695 937 2737 Secundini
969 2695 1155 2736 Aventini
1186 2700 1224 2737 et
1253 2696 1296 2737 L.
1331 2696 1468 2738 Saccio
1494 2694 1678 2737 Modesto
1698 2702 1739 2738 et

134 2752 330 2795 Modestio
362 2753 574 2794 Macedoni
606 2753 684 2795 filio
718 2755 802 2795 eius
946 2753 1195 2796 Secundinus
1226 2754 1444 2795 Aventinus
1472 2759 1511 2794 et
1536 2754 1738 2796 Secundi·-

274 2905 312 2949 1)
337 2918 417 2950 pro:
444 2906 624 2940 cumulato.
657 2921 702 2928 -—-
735 2904 774 2949 2)
801 2906 984 2940 clarissimo
1010 2904 1199 2941 decurioni.
1235 2924 1277 2930 ——
1312 2903 1350 2948 3)
1383 2907 1558 2940 sestertior
1581 2917 1736 2941 nummos

137 2952 263 2987 50000.
291 2971 332 2976 —
359 2952 398 2997 4)
423 2964 504 2998 pro:
529 2955 606 2987 suis.
633 2953 809 2988 Similiter:
836 2952 946 2986 filibus
971 2953 1046 2987 suis.
1065 2952 1154 2988 Grut.
1172 2965 1204 2998 p.
1223 2954 1301 2988 553.
1320 2952 1493 2989 amicibus.
1510 2953 1614 2989 Orell.
1630 2954 1734 2989 4681.
