1877 3313
165 173 250 216 358
609 169 714 204 Inscr.
740 169 914 214 profanae.
963 167 1112 212 Cap,11.
1161 166 1322 202 Tabulae.

165 294 200 330 p.
226 274 321 330 91),
345 282 382 315 et
401 289 513 326 nuper
533 277 764 323 Hamiltonus‚
788 278 846 326 qui
869 278 986 315 denuo
1008 276 1230 325 transcripsit
1254 270 1498 329 (Researches
1516 276 1549 314 in
1571 275 1658 314 Asia
1685 277 1765 316 min.

165 339 246 376 Vol.
275 338 318 375 11.
348 350 382 386 p.
413 332 524 389 421)
556 348 673 384 neque
703 348 791 373 vero
824 336 944 372 edidit.

306 396 466 440 Quatuor
495 395 606 441 igitur
637 399 715 431 suut
746 395 958 431 monumenti
989 394 1168 440 Ancyrani
1202 394 1378 442 exempla,
1410 406 1457 430 ex
1489 393 1614 441 quibus
1647 394 1764 432 omnia

165 455 302 503 reliqua
333 458 535 502 propagata
566 457 668 498 suut,
699 453 1195 500 Verantio-Busbequianum,
1226 453 1497 498 Cossonianum,
1527 453 1769 500 Lucasianum,

165 512 508 551 Tournefortianum.
569 512 642 548 Sed
684 517 829 560 praeter
870 516 1021 559 quatuor
1063 512 1152 547 haec
1192 511 1435 559 inscriptionis
1469 512 1632 560 exempla
1663 512 1768 548 etiam

166 573 230 609 alia
262 571 417 608 subsidia
449 570 493 606 ad
524 575 788 607 monumentum
822 571 1053 618 supplendum
1087 575 1123 606 et
1154 570 1403 618 explicandum
1435 570 1536 606 nobis
1565 570 1770 619 suppeditat

165 630 286 667 versio
319 629 478 666 eiusdem
509 640 663 675 graeca,
701 629 799 665 cuius
832 630 1030 674 fragmenta
1063 628 1305 676 Appolloniae
1337 623 1472 679 (hodie
1504 625 1701 681 Oluburlu)
1734 629 1768 666 iu

165 688 308 734 Pisidia,
330 692 366 725 et
388 688 555 733 Ancyrae
575 692 655 723 sunt
675 693 832 735 reperta.
863 688 981 733 Atque
1005 687 1204 733 fragmenta
1229 686 1511 735 Apolloniensia,
1543 687 1679 723 minora
1712 687 1770 724 illa

166 747 309 795 quidem
341 758 444 794 quam
476 745 679 791 Ancyrana,
710 746 908 782 Arundello
943 741 1111 795 (Discov.
1143 746 1177 781 in
1208 746 1290 781 Asia
1323 745 1448 782 minor.
1480 744 1769 789 1834.v01.11.

165 819 199 855 p.
231 805 329 842 426.
361 805 415 842 Cf.
447 804 528 840 Vol.
560 804 585 840 Ι.
615 816 650 852 p.
682 799 791 856 241)
827 805 1016 848 debemus,
1057 803 1114 850 qui
1146 804 1277 840 invenit
1309 809 1344 840 et
1373 804 1504 852 primus
1536 804 1768 852 transcripsit.

166 864 278 901 Multo
321 863 421 911 plura
463 867 654 910 supersunt
684 863 884 907 fragmenta
917 867 952 898 et
984 862 1217 898 luculentiora
1249 862 1422 898 versionis
1454 873 1609 909 graecae
1639 862 1768 908 Ancy-

170 934 300 968 ranae,
332 922 367 958 in
400 921 474 958 eius
506 921 616 969 ipsius
649 922 792 969 templi,
834 921 928 968 quod
961 920 1103 956 latinam
1134 921 1400 968 inscriptionem
1431 922 1541 957 habet
1571 920 1766 968 parietibus

167 981 377 1029 insculptae.
438 980 577 1016 Partem
610 979 684 1015 eius
718 979 874 1026 quamvis
908 979 1072 1015 minutam
1104 979 1202 1015 dedit
1229 979 1427 1016 Pocockius
1454 979 1632 1027 Inscriptt.
1663 980 1770 1026 antiq.

167 1051 246 1088 cap.
282 1038 346 1075 11.
378 1051 405 1074 s,
442 1037 475 1074 1.
506 1050 588 1085 pag.
624 1038 659 1074 6.
696 1039 729 1073 7.
790 1039 860 1074 Sed
896 1037 1030 1073 maiore
1063 1049 1138 1073 cum
1171 1049 1254 1074 cura
1287 1042 1324 1074 et
1354 1037 1505 1074 feliciori
1535 1049 1702 1074 successu
1733 1038 1769 1074 in

166 1099 235 1134 hac
265 1109 306 1134 re
338 1097 538 1133 elaboravit
569 1096 815 1141 Hamiltonus,
859 1097 916 1143 qui
949 1097 1059 1132 mullo
1093 1096 1260 1132 maiorem
1293 1096 1394 1132 huius
1427 1107 1582 1143 graecae
1613 1096 1744 1144 inscrip

166 1156 271 1193 tionis
301 1160 460 1204 partem,
492 1155 630 1202 pariete
662 1155 786 1190 domus
819 1155 973 1191 turcicae
1006 1155 1138 1202 templo
1172 1154 1360 1201 Augusteo
1393 1156 1598 1191 adstructae
1628 1159 1772 1200 tectam,

168 1227 217 1252 ex
250 1215 317 1251 hac
350 1214 486 1250 latebra
528 1214 562 1249 in
595 1213 709 1249 lucem
741 1213 933 1260 produxit,
974 1214 1145 1260 reliquam
1187 1217 1324 1261 partem
1367 1213 1442 1250 aliis
1480 1213 1568 1249 binis
1609 1213 1770 1250 domibus

167 1277 331 1322 opertam
363 1277 399 1309 et
430 1272 506 1308 fere
525 1272 631 1319 plane
663 1271 887 1308 obliteratam
920 1272 1053 1308 addere
1085 1283 1154 1308 nou
1186 1272 1313 1319 potuit.
1375 1267 1579 1322 [llamilton
1613 1272 1771 1308 Resear-

168 1333 252 1368 ches
283 1331 316 1368 in
350 1330 433 1367 Asia
465 1330 546 1366 min.
587 1330 669 1366 Vol.
707 1330 732 1366 Ι.
765 1342 798 1378 p.
832 1330 911 1366 421
957 1335 991 1366 et
1022 1330 1063 1366 11.
1096 1342 1128 1367 n.
1164 1324 1282 1382 102).
1346 1330 1424 1374 Quo
1457 1331 1587 1367 factum
1628 1334 1702 1376 est,
1734 1335 1772 1366 ut

168 1402 252 1427 cum
285 1389 522 1426 Pocockianis
564 1388 772 1435 fragmentis
814 1389 941 1425 additis
973 1400 1065 1424 nunc
1096 1389 1236 1436 quidem
1270 1389 1450 1425 columnas
1481 1392 1565 1426 octo
1597 1389 1771 1425 versionis

167 1459 328 1496 graecae
360 1452 566 1493 teneamus3
597 1446 697 1483 binas
728 1447 868 1495 priores
901 1447 1088 1483 admodum
1122 1447 1336 1492 decurtatas,
1373 1452 1564 1494 sequentes
1598 1459 1663 1483 sex
1696 1447 1772 1484 fere

166 1507 359 1553 integras,
399 1517 544 1553 quarum
577 1505 718 1552 quidem
749 1517 981 1553 unaquaeqne
1013 1506 1139 1552 quinos
1171 1506 1282 1541 denos
1313 1506 1371 1541 vel
1403 1517 1509 1543 senos
1541 1506 1654 1542 denos
1685 1516 1772 1542 ver-

174 1577 236 1602 sus
267 1564 365 1601 latini
397 1564 607 1612 exemplaris
649 1565 811 1611 praebet.
881 1565 979 1600 Hanc
1019 1575 1186 1610 graecam
1226 1564 1429 1600 versionem
1471 1563 1569 1600 dedit
1606 1565 1772 1611 Eggerus

172 1635 317 1672 quoque
347 1623 381 1659 in
411 1634 473 1659 sua
505 1622 721 1659 monumenti
763 1622 921 1659 editione
963 1616 1146 1673 [Examen
1189 1622 1338 1669 critique
1377 1622 1438 1658 des
1480 1621 1670 1658 historiens
1713 1622 1771 1658 d*-

168 1683 347 1729 Auguste.
418 1680 528 1717 Paris.
573 1679 694 1717 1843.
735 1693 771 1729 p.
812 1681 865 1717 30
907 1685 941 1716 et
980 1693 1014 1728 p.
1046 1675 1182 1731 412),
1216 1692 1364 1728 eamque
1395 1685 1562 1728 repetere
1594 1691 1695 1727 quam
1727 1682 1772 1718 ad

170 1741 310 1777 tabulas
339 1740 604 1786 inscriptionem
633 1739 750 1775 denuo
776 1739 926 1786 exigere
950 1739 1068 1775 maluit
1090 1739 1218 1775 Texier
1239 1739 1460 1786 Description
1485 1740 1528 1775 de
1560 1738 1669 1775 l'Asie
1691 1740 1772 1776 min.

169 1800 267 1835 Toni.
286 1799 312 1835 Ι.
330 1811 363 1847 p.
389 1797 611 1845 113.Atque
634 1797 704 1834 lioc
725 1797 913 1834 Hamiltoni
931 1792 1083 1847 ἕρμαιον
1103 1802 1138 1833 ut
1157 1809 1222 1844 per
1248 1809 1286 1833 se
1309 1808 1378 1833 non
1395 1798 1494 1845 parvi
1519 1797 1770 1834 aestimandum

169 1861 225 1893 est
253 1857 300 1894 ita
333 1861 368 1893 et
398 1856 469 1893 hoc
501 1856 640 1892 nomine
673 1856 952 1901 commendatur,
985 1856 1079 1902 quod
1104 1856 1328 1892 occasionem
1350 1856 1514 1903 praebuit
1534 1856 1770 1903 praestantis-

171 1915 266 1952 simo
298 1914 397 1952 huius
428 1914 604 1960 Augustei
634 1914 712 1950 aevi
744 1918 971 1951 monumento
1003 1914 1173 1962 peculiari
1205 1926 1286 1950 cura
1320 1914 1473 1951 edendo.
1532 1915 1617 1951 Nam
1649 1915 1771 1952 summi

174 1973 402 2022 imperatoris
425 1973 570 2021 scriptio
592 1973 656 2009 etsi
679 1973 836 2021 pluribus
855 1973 987 2009 vicibus
1014 1972 1165 2020 repetita
1197 1973 1350 2008 nondum
1383 1977 1500 2009 tamen
1531 1973 1656 2010 iustam
1687 1974 1769 2010 edi-

173 2033 309 2069 tionem
340 2035 443 2068 nacta
468 2036 558 2076 erat,
585 2036 621 2067 et
654 2031 734 2067 dum
765 2031 991 2067 minutissima
1022 2031 1291 2067 scholiastarum
1323 2035 1359 2066 et
1389 2031 1590 2068 levissimae
1621 2032 1768 2068 cuiusli-

172 2092 235 2127 bet
265 2094 396 2138 poetae
426 2089 598 2136 reliquiae
629 2101 646 2125 a
678 2090 761 2126 viris
794 2089 909 2126 doctis
940 2090 1065 2126 sedulo
1098 2094 1312 2134 tractantur,
1345 2091 1510 2136 neglecta
1543 2090 1618 2126 fere
1649 2091 1766 2127 iacuit.

173 2149 240 2185 Cui
282 2148 511 2185 incommodo
545 2148 611 2184 iam
654 2149 847 2184 remedium
890 2148 1004 2184 attulit
1051 2148 1235 2184 coniuncta
1278 2148 1539 2184 duumvirorum
1581 2149 1769 2186 doctorum

171 2219 289 2253 cura,
320 2206 456 2243 Franzii
481 2211 516 2242 et
545 2207 588 2243 A.
620 2206 680 2243 W.
711 2207 873 2254 Zumpfii,
901 2217 988 2254 quos
1021 2206 1065 2242 de
1097 2207 1166 2242 hoc
1199 2211 1427 2242 monumento
1459 2218 1524 2243 nos
1557 2207 1671 2244 adhuc
1697 2219 1767 2244 ex·-

166 2269 342 2314 ponentes
384 2265 419 2301 in
462 2265 662 2312 eodemque
705 2266 846 2302 edendo
886 2265 998 2301 secuti
1039 2276 1166 2301 sumuS.
1227 2265 1253 2300 li
1295 2265 1384 2301 enim
1428 2265 1596 2314 optimam
1636 2276 1767 2302 monu-

168 2324 276 2360 menti
309 2323 490 2369 Ancyrani
521 2323 716 2360 editionem
747 2323 1036 2372 publicaverunt,
1076 2335 1166 2370 quae
1196 2323 1419 2359 inscribitur:
1467 2324 1656 2371 „Caesaris
1687 2324 1767 2361 Au-

168 2382 263 2429 gusti
293 2381 402 2418 index
431 2393 549 2418 rerum
581 2393 599 2417 a
631 2393 670 2418 se
708 2387 889 2428 gestarum
922 2382 997 2419 sive
1027 2382 1286 2418 Monumentum
1319 2381 1557 2428 Ancyranum.
1617 2383 1671 2419 Ex
1701 2393 1765 2419 re-

168 2440 286 2488 liquiis
317 2451 471 2487 graecae
502 2440 803 2488 interpretationis
826 2441 978 2477 restituit
997 2441 1146 2477 Ioannes
1176 2439 1356 2485 Franzius‚
1387 2440 1643 2477 commentario
1675 2452 1764 2489 per-

168 2503 282 2547 petuo
313 2498 477 2535 instruxit
507 2499 549 2535 A.
580 2499 641 2535 W.
671 2499 859 2547 ZumptiuS.
915 2499 1069 2536 Beroliui
1100 2511 1145 2535 ex
1176 2498 1317 2535 libraria
1349 2498 1511 2535 Reimeri.
1543 2498 1665 2536 1845.
1697 2497 1761 2535 4.“

167 2557 268 2594 Hunc
296 2556 422 2593 librum
452 2557 580 2593 adeant
619 2558 774 2594 lectores
812 2557 870 2605 qui
910 2557 1164 2594 accuratiorem
1207 2557 1422 2593 monumenti
1460 2557 1620 2594 notitiam
1661 2557 1762 2594 desi-

171 2615 311 2652 derant.
370 2615 511 2651 Plenam
551 2615 724 2652 variarum
755 2616 947 2653 lectionum
990 2621 1025 2652 et
1056 2616 1378 2664 supplementorum
1421 2616 1559 2663 copiam
1601 2616 1711 2652 literis
1744 2628 1764 2653 a

169 2685 225 2710 me
264 2673 512 2721 consignatam
553 2685 746 2722 seponere,
787 2679 824 2711 ut
854 2675 1039 2711 voluminis
1081 2675 1303 2711 consulerem
1351 2685 1551 2720 mensurae,
1592 2675 1763 2711 adductus

170 2743 256 2768 sum.
316 2732 382 2776 Qui
413 2732 482 2770 loci
512 2731 546 2769 in
591 2737 692 2769 textu
734 2733 865 2769 uncinis
900 2728 917 2784 [
977 2728 992 2785 ]
1026 2733 1248 2770 includuntur
1278 2732 1321 2768 ab
1353 2731 1549 2769 editoribus
1580 2733 1639 2770 vel
1669 2744 1762 2771 con-

170 2788 305 2827 iectura
337 2790 393 2827 vel
424 2802 444 2827 e
474 2802 608 2839 graeca
639 2791 807 2829 versione
837 2791 989 2839 suppleti
1019 2796 1110 2829 sunt.

888 2847 981 2887 Tab.
1012 2847 1038 2888 l.

307 2904 454 2945 Rerum
483 2909 684 2960 gestarum
713 2905 801 2946 Divi
831 2904 1011 2959 Augusti,
1043 2905 1183 2958 quibus
1215 2905 1351 2947 orbem
1379 2909 1574 2946 terrarum
1595 2905 1760 2959 imperio

170 2961 303 3016 populi
330 2962 493 3007 Romani
522 2964 703 3019 subiecit,
734 2969 774 3006 et
803 2965 1084 3019 impensarum,
1116 2977 1212 3018 quas
1243 2964 1282 3006 in
1311 2963 1593 3018 rempublicam
1623 2976 1758 3018 popu-
