1918 3313
179 197 236 240 50
653 191 757 227 Inscr.
781 201 909 228 sacrae.
957 190 1037 236 Cap.
1063 191 1102 227 Π.
1152 191 1310 227 Tabulae.

179 305 281 360 sing.
313 303 370 344 -X-
415 301 475 342 IV.
517 298 604 340 Cur.
646 298 746 352 sing.
779 297 836 339 ·Χ·
877 299 925 340 IV
968 311 1091 353 panes
1133 298 1182 339 IV
1221 299 1355 339 vinum
1394 309 1602 339 mensuras
1642 298 1688 347 Q.
1730 298 1778 347 Q.

179 363 322 406 -Ξ-
342 359 376 416 1)
409 360 461 401 IX
491 360 592 399 Patr.
626 356 714 397 coll.
747 357 890 400 —So-
921 357 984 399 IX.
1046 358 1152 398 Imm.
1185 357 1287 411 sing.
1319 357 1464 400 —S—
1493 357 1543 398 VI
1568 356 1657 398 Cur.
1678 357 1780 412 sing.

180 421 322 465 ——s—
357 420 417 460 VI.
449 416 594 472 populo
627 416 728 470 sing.
760 415 901 459 —s—
931 416 991 458 III.

318 478 412 520 Item
443 489 502 530 pr.
533 474 635 516 Non.
668 473 746 515 Ian.
780 479 963 517 strenuas
977 474 1019 531 2)
1053 475 1274 517 dividerent
1294 475 1395 516 sicut
1416 475 1455 517 S.
1487 473 1525 517 S.
1542 471 1584 519 3)
1616 478 1678 516 est
1697 473 1782 516 ΧΙΠ

178 539 225 581 K.
258 539 347 581 Oct.

317 597 412 637 Item
442 592 521 633 VIII
551 591 595 632 K.
628 592 741 633 Mart.
775 591 839 633 die
869 593 989 634 karae
1021 592 1269 648 cognationis
1292 591 1340 633 ad
1363 592 1497 634 Martis
1527 591 1668 634 eodem
1689 592 1780 634 loco

182 655 401 697 dividerent
430 650 625 705 sportulas
657 663 770 703 pane.
802 655 842 692 et
872 653 1004 693 vinum
1036 653 1138 693 sicut
1168 653 1208 694 S.
1239 651 1276 693 S.
1311 657 1373 693 est
1403 651 1502 705 prid.
1545 651 1646 692 Non.
1678 650 1781 692 Nov.

317 714 411 754 Item
441 723 499 763 pr.
530 709 583 749 Id.
626 709 739 750 Mart.
782 709 923 751 eodem
964 711 1054 753 loco
1096 724 1234 752 cenam
1278 723 1393 764 quam
1435 709 1570 751 Ofilius
1614 710 1782 751 Hermes

181 773 227 821 Q.
261 773 305 821 Q.
319 769 361 826 4)
394 769 572 810 omnibus
613 769 725 809 annis
767 768 934 810 dandam
964 770 1239 822 praesentibus
1271 770 1450 823 promisit
1480 769 1544 810 vel
1584 769 1782 823 sportulas

179 833 280 874 sicut
309 830 446 872 solitus
478 831 539 868 est
562 826 678 867 dare.

317 889 412 929 Item
443 885 507 926 Xl.
540 885 585 925 Κ.
616 885 711 938 Apr.
746 885 808 926 die
851 887 1001 928 violarii
1044 887 1186 929 eodem
1228 887 1318 928 loco
1359 887 1636 941 praesentibus
1679 886 1783 927 divi-

179 948 367 989 derentur
397 944 602 998 sportulae
634 945 739 985 vinu.
773 950 811 985 et
843 958 957 998 pane.
990 946 1092 987 sicut
1124 946 1263 986 diebus
1296 945 1334 987 S.
1368 946 1407 987 S.
1440 946 1533 986 item
1559 946 1593 985 V
1614 944 1669 986 Id.
1692 944 1782 986 Mai.

179 1007 242 1047 die
272 1017 389 1046 rosae
422 1003 565 1045 eodem
596 1003 688 1044 loco
720 1005 962 1056 praesentib.
997 1004 1268 1044 dividerentur
1294 1005 1401 1045 vinu.
1434 1017 1548 1058 pane.
1571 1005 1673 1045 sicut
1695 1003 1784 1044 die—

177 1066 249 1106 bus
281 1064 319 1107 S.
351 1062 388 1105 S.
420 1075 467 1103 ea
499 1062 732 1103 condicione
763 1074 838 1115 qua
869 1063 907 1103 in
940 1068 1141 1104 conventu
1171 1063 1316 1116 placuit
1338 1064 1535 1104 universis
1566 1067 1609 1103 ut
1641 1062 1780 1103 diebus

177 1124 217 1166 S.
249 1122 287 1165 S.
319 1123 345 1162 ii
376 1122 442 1174 qui
474 1120 522 1162 ad
562 1120 798 1174 epulandum
839 1133 918 1162 non
962 1122 1246 1163 convenissent
1287 1121 1490 1174 sportulae
1523 1126 1563 1162 et
1593 1133 1707 1175 pane.
1742 1125 1784 1161 et

176 1182 281 1223 vinu.
315 1193 454 1222 eorum
485 1180 666 1220 venirent
707 1185 747 1220 et
788 1181 1063 1233 praesentibus
1106 1179 1378 1220 dividerentur
1418 1183 1589 1233 excepto
1631 1192 1785 1232 eorum,

177 1240 242 1294 qui
272 1245 381 1281 trans
412 1251 522 1279 mare
555 1243 671 1279 erunt
702 1239 766 1279 vel
798 1239 864 1291 qui
894 1244 1085 1292 perpetua
1119 1238 1343 1279 valetudine
1376 1238 1587 1279 detinetur.

314 1299 410 1339 Item
441 1298 482 1338 P.
514 1297 651 1338 Aelius
683 1296 790 1351 Aug.
822 1298 883 1337 lib.
917 1298 1052 1338 Zenon
1093 1297 1220 1338 eidem
1260 1297 1433 1352 collegio
1465 1297 1504 1340 S.
1537 1297 1576 1339 S.
1609 1297 1660 1340 ob
1692 1310 1781 1338 me-

174 1357 339 1399 moriam
369 1357 420 1398 M.
452 1357 552 1410 Ulpii
583 1355 686 1409 Aug.
719 1355 784 1396 lib.
816 1356 1016 1409 Capitonis
1047 1356 1181 1396 fratris
1213 1357 1275 1397 sui
1305 1356 1467 1409 piissimi
1499 1355 1607 1396 dedit
1649 1355 1786 1397 dona-

177 1404 316 1470 vitque
357 1414 429 1457 HS.
472 1415 519 1455 X.
552 1415 601 1455 M.
635 1415 680 1454 N.
714 1419 756 1455 ut
798 1427 850 1454 ex
890 1413 1021 1455 reditu
1063 1415 1147 1455 eius
1191 1427 1368 1456 summae
1410 1416 1449 1455 in
1492 1415 1784 1456 contributione

176 1475 443 1529 sportularum
474 1473 730 1514 divideretur.
778 1472 892 1521 Quod
923 1474 957 1514 si
989 1486 1035 1513 ea
1067 1474 1235 1526 pecunia
1267 1474 1393 1514 omnis
1426 1486 1529 1526 quae
1561 1474 1599 1516 S.
1633 1474 1673 1515 S.
1708 1477 1783 1523 est,

178 1547 296 1587 quam
327 1532 435 1574 dedit
465 1532 625 1573 donavit
657 1531 827 1586 collegio
859 1531 895 1573 S.
919 1531 956 1573 S.
980 1531 1107 1573 Salvia
1134 1532 1174 1572 C.
1198 1532 1237 1572 F.
1261 1531 1487 1572 Marcelline
1519 1537 1559 1573 et
1582 1533 1621 1572 P.
1645 1531 1786 1573 Aelius

176 1593 280 1648 Aug.
312 1592 377 1633 lib.
410 1591 518 1632 Zeno
553 1592 592 1631 in
624 1591 721 1631 alios
756 1603 851 1631 usus
872 1595 1109 1631 convertere
1129 1590 1340 1641 voluerint,
1375 1603 1488 1644 quam
1521 1591 1559 1631 in
1592 1602 1665 1632 eos
1690 1602 1786 1632 usus

178 1652 245 1705 qui
276 1651 315 1694 S.
350 1651 388 1694 S.
421 1650 458 1692 S.
476 1647 515 1704 ⁵)
555 1661 656 1702 quos
695 1648 795 1690 ordo
838 1648 993 1703 collegii
1036 1649 1079 1689 N.
1122 1648 1300 1690 decrevit
1340 1654 1379 1689 et
1418 1651 1474 1690 uti
1514 1649 1612 1691 haec
1654 1649 1787 1691 omnia

178 1723 283 1764 quae
314 1710 354 1753 S.
387 1709 426 1752 S.
457 1709 495 1751 S.
529 1709 609 1749 suis
645 1707 784 1749 diebus
818 1713 860 1748 ut
891 1709 941 1748 ita
973 1707 1065 1748 fiant
1089 1707 1363 1760 dividantque3
1396 1707 1501 1760 quod
1533 1709 1566 1749 si
1589 1707 1785 1749 adversus

179 1781 225 1810 ea
257 1769 348 1822 quid
380 1768 539 1823 egerint
569 1767 655 1808 sive
686 1766 780 1819 quid
812 1767 863 1807 ita
895 1779 974 1807 non
1004 1766 1174 1807 fecerint
1205 1766 1251 1814 Q.
1286 1767 1332 1814 Q.
1366 1772 1406 1806 et
1437 1772 1647 1808 curatores
1679 1766 1717 1808 S.
1747 1765 1785 1808 S.

178 1829 235 1869 uti
266 1839 424 1882 poenae
455 1827 616 1868 nomine
648 1825 768 1866 arkae
798 1825 845 1865 N.
879 1824 1049 1865 inferant
1079 1824 1152 1866 HS.
1184 1824 1257 1866 XX
1290 1825 1341 1866 M.
1375 1825 1420 1865 N.

318 1886 404 1928 Hoc
435 1885 637 1926 decretum
681 1883 808 1924 ordini
851 1883 898 1924 N.
914 1881 954 1937 6)
989 1884 1132 1937 placuit
1172 1885 1210 1924 in
1253 1889 1456 1925 conventu
1497 1884 1637 1936 pleno,
1680 1883 1788 1936 quod

180 1950 337 1999 gestum
379 1949 440 1985 est
479 1945 518 1984 in
558 1943 704 1996 templo
746 1942 935 1983 Divorum
976 1942 1013 1982 in
1047 1942 1146 1982 aede
1189 1941 1267 1982 divi
1308 1942 1383 1983 Titi
1426 1943 1459 1982 V
1498 1942 1554 1983 Id.
1594 1942 1705 1983 Mart.
1741 1941 1785 1983 G.

182 2005 335 2046 Bruttio
367 2004 608 2054 Praesente,
639 2001 686 2042 A.
720 2001 830 2043 Iunio
862 2000 1004 2042 Rufino
1037 2001 1128 2042 Cos.
1161 2001 1205 2049 Q.
1240 1998 1342 2055 Off)
1377 2001 1418 2041 C.
1453 2000 1567 2042 Ofilio
1598 2001 1789 2052 Hermeti,

183 2063 404 2104 Curatorib.
437 2063 477 2103 P.
511 2061 599 2102 Ael.
633 2060 735 2115 Aug.
768 2060 830 2100 lib.
855 2060 1044 2100 Onesimo
1068 2065 1106 2100 ct
1138 2059 1177 2100 C.
1198 2060 1328 2101 Salvio
1351 2060 1532 2101 Seleuco.
1566 2082 1623 2089 -
1654 2063 1787 2100 Romae

182 2124 217 2160 in
249 2124 398 2161 aedibus
431 2122 645 2160 Barberinis.
675 2122 787 2170 Spon.
818 2121 913 2158 Misc.
944 2133 978 2169 p.
1013 2121 1077 2158 52.
1110 2121 1250 2157 Fabret.
1282 2133 1316 2169 p.
1350 2119 1446 2166 724,
1478 2121 1578 2159 443.
1627 2121 1787 2159 Morcell.

184 2182 235 2219 St.
266 2183 292 2219 Ι.
324 2195 357 2231 p.
392 2181 486 2218 321.
549 2181 643 2218 Orel.
678 2179 803 2217 2417.
863 2180 1057 2216 Mommsen
1090 2180 1141 2216 De
1173 2180 1313 2227 Colleg.
1346 2191 1379 2228 p.
1413 2179 1480 2216 92.

326 2257 420 2294 386.
480 2254 637 2296 Silvano
670 2267 840 2295 sacrum.
867 2253 969 2294 Voto
993 2258 1183 2307 suscepto
1207 2266 1281 2307 pro
1303 2253 1431 2294 salute
1452 2252 1660 2295 Domitiani
1682 2252 1787 2308 Aug.

185 2312 233 2353 N.
265 2312 308 2353 L.
338 2313 530 2354 Domitius
562 2313 692 2354 Phaon
724 2312 773 2353 ad
805 2312 950 2353 cultum
994 2312 1235 2365 tutelamque
1276 2316 1315 2352 et
1356 2311 1551 2353 sacrificia
1591 2312 1629 2352 in
1672 2324 1790 2353 omne

186 2377 341 2425 tempus
373 2376 547 2424 posteru.
581 2372 626 2411 iis
659 2372 724 2424 qui
746 2373 784 2412 in
810 2370 995 2425 conlegio
1019 2370 1165 2411 Silvani
1189 2370 1305 2412 liodie
1328 2376 1461 2411 esseut
1484 2371 1629 2423 quique
1650 2375 1790 2425 postea

187 2431 398 2482 subissent,
431 2429 592 2470 fundum
624 2430 821 2471 lunianum
854 2433 893 2469 et
923 2428 1145 2469 Lollianum
1187 2434 1226 2469 et
1265 2429 1579 2470 Pescennianum
1619 2434 1659 2470 et
1698 2429 1791 2470 Sta-

187 2489 388 2530 t-ullianum
420 2500 514 2529 suos
546 2501 631 2528 cum
664 2489 744 2529 suis
775 2488 876 2529 villis
907 2487 1127 2539 finibusque
1160 2488 1355 2538 attribuit,
1385 2488 1619 2540 sanxitque,
1661 2492 1702 2528 ut
1733 2500 1786 2528 ex

187 2546 316 2588 reditu
347 2559 485 2588 eorum
518 2545 726 2587 fundorum
758 2547 802 2595 Q.
834 2547 871 2589 S.
905 2542 1000 2600 S.⁸)
1033 2546 1115 2586 Kal.
1148 2545 1277 2586 lanua.
1311 2546 1357 2587 Ill
1389 2546 1479 2587 Idus
1506 2545 1621 2586 Febr.
1649 2545 1791 2587 Domi-

188 2606 266 2646 tiae
297 2605 398 2660 Aug.
431 2605 476 2645 N.
508 2605 635 2645 natale
675 2609 713 2644 et
751 2606 795 2645 V.
838 2605 920 2646 Kal.
951 2604 1064 2645 Iulias
1098 2604 1344 2645 dedicatione
1376 2604 1519 2646 Silvani
1550 2608 1589 2644 et
1631 2604 1712 2644 XII.
1746 2603 1790 2644 Κ.
1866 2614 1896 2643 1.

189 2663 304 2705 Iulias
335 2663 530 2705 rosalibus
563 2669 601 2704 et
632 2662 695 2703 IX.
728 2663 772 2704 K.
801 2663 1013 2705 Novembr.
1046 2662 1174 2703 natale
1194 2663 1403 2703 Domitiani
1433 2662 1536 2716 Aug.
1568 2661 1614 2703 N.
1636 2675 1793 2704 sacrum

190 2723 231 2763 in
260 2735 305 2763 re
335 2722 537 2776 praesenti
567 2721 703 2773 fieret,
736 2723 1077 2774 convenirentque
1107 2721 1154 2773 ii,
1196 2722 1261 2773 qui
1291 2722 1331 2761 In
1361 2721 1546 2775 conlegio
1578 2725 1714 2763 essent
1743 2720 1793 2763 ad
1862 2747 1864 2751 -
1891 2728 1893 2730 ’

335 2885 372 2930 1)
397 2889 572 2923 sextarios.
600 2905 641 2910 —
668 2884 709 2929 2)
736 2898 817 2931 pro:
842 2894 979 2922 strenas.
1006 2904 1048 2910 —
1075 2884 1114 2929 3)
1138 2896 1240 2929 supra
1265 2886 1439 2930 scriptum.
1466 2899 1508 2906 -—
1534 2880 1573 2925 4)
1599 2884 1791 2928 quinquen-

193 2933 289 2968 nalis.
317 2951 361 2989 ——U
386 2934 424 2989 5)
451 2946 551 2981 supra
574 2935 689 2978 scripti
706 2941 791 2969 sunt.
817 2953 861 2958 —
886 2933 925 2978 6)
950 2939 1076 2970 nostro.
1100 2949 1144 2958 -
1171 2930 1209 2976 7)
1236 2931 1485 2978 quinquennali.
1510 2947 1555 2953 —-
1581 2929 1618 2973 7]
1646 2932 1794 2976 quisunt

194 2987 424 3027 suprascripti.
