1877 3313
151 163 234 206 194
309 162 414 197 Inscr.
439 160 610 206 profanae.
657 159 740 204 Cap.
764 158 789 194 1.
839 159 938 195 Tituli
963 170 1102 205 operum
1128 159 1293 203 publicor.
1316 171 1385 194 non
1409 171 1589 196 sacrorum.

148 269 307 324 genium
337 269 390 310 ita
420 266 637 308 fortitudini
667 271 710 307 ut
740 265 941 308 doctrinae
972 271 1104 307 natum
1132 265 1221 307 stilo
1243 271 1283 307 et
1303 266 1433 320 gladio
1450 268 1596 321 pariter
1617 280 1741 309 exer-

149 329 239 378 cuit,
271 340 346 368 nec
376 327 414 367 in
447 326 582 366 umbra
612 325 676 365 vel
706 324 864 366 latebris
893 326 1032 366 mentis
1065 326 1244 379 vigorem
1276 325 1447 366 scholari
1483 330 1629 368 tantum
1660 327 1740 368 otio

147 391 309 439 torpere
350 397 490 440 passus
529 385 632 424 inter
673 396 778 425 arma
816 384 956 424 litteris
998 384 1182 423 militabat
1221 388 1259 424 et
1290 385 1327 423 in
1369 383 1534 436 Alpibus
1575 386 1744 426 acuebat

148 445 355 497 eloquium.
400 442 492 484 Ideo
523 443 575 482 illi
606 443 727 483 cessit
756 443 796 483 in
826 443 1040 495 praemium
1071 454 1150 482 non
1182 442 1357 482 verbena
1393 442 1479 483 vilis
1510 455 1584 483 nec
1615 444 1742 484 otiosa

147 502 319 554 hedera,
350 503 480 543 honor
513 501 647 553 capitis
679 500 920 552 heliconius,
952 500 1021 541 sed
1052 501 1181 554 imago
1215 513 1306 540 aere
1339 499 1523 552 formata,
1555 514 1633 554 quo
1665 503 1744 542 rari

148 561 319 615 exempli
351 561 458 601 viros
491 572 564 600 seu
594 560 632 599 in
667 560 803 600 castris
834 560 1025 612 probatos
1064 571 1137 599 seu
1169 559 1336 611 optimos
1377 564 1505 599 vatum
1538 560 1744 612 antiquitas

147 619 381 660 honorabat.
429 617 545 666 Quod
576 618 666 658 huic
698 630 857 670 quoque
890 630 977 658 cum
1010 618 1298 670 augustissimis
1339 617 1462 657 Roma
1502 618 1745 671 Principibus

146 677 375 718 Theodosio
408 681 445 716 et
476 675 630 717 Placido
663 676 934 716 Valentiniano
975 688 1106 716 rerum
1139 675 1305 716 dominis
1337 676 1374 715 in
1407 675 1495 717 foro
1527 676 1638 729 Ulpio
1670 675 1746 716 de-

147 736 321 777 tulerunt
351 739 651 776 remunerantes
681 735 720 774 in
752 735 838 775 viro
869 735 1051 786 antiquae
1082 734 1292 774 nobilitatis
1333 746 1460 775 novae
1501 734 1650 788 gloriae
1681 734 1746 774 vel

145 794 378 836 industriam
419 793 624 834 militarem
664 792 728 832 vel
770 805 951 844 carmen,
996 793 1106 832 cuius
1147 793 1359 845 praeconio
1402 792 1528 845 gloria
1564 792 1747 833 triumfali

147 854 273 893 crevit
303 853 483 905 imperio.
531 850 721 892 Dedicata
761 851 824 891 1111
855 851 938 891 Kal.
970 850 1075 904 Aug.
1108 850 1246 891 Conss.
1288 851 1370 891 DD.
1402 850 1484 891 NN.
1517 850 1745 891 Theodosio

146 911 230 952 XV.
264 916 303 952 et
333 910 606 951 Valentiniano
637 909 711 950 llll.
733 907 768 964 ¹)
803 932 857 937 -—-
899 912 1040 948 Romae.
1091 912 1160 948 Fea
1192 911 1374 948 Iserizioni
1406 912 1439 947 di
1469 923 1619 948 monum.
1652 911 1746 960 publ.

146 985 181 1021 p.
217 972 280 1010 10.
312 977 348 1009 et
378 973 526 1008 Framm.
559 970 594 1007 di
625 970 706 1006 fast.
736 983 770 1018 p.
802 970 918 1007 LXVI.
951 982 982 1006 n.
1017 970 1081 1006 54.
1133 970 1180 1006 Fl.
1212 970 1436 1007 Merobaudis
1467 969 1647 1017 reliquiae.
1682 969 1746 1007 Ed.

146 1031 314 1069 Niebuhr.
345 1031 462 1067 Praef.
492 1042 526 1078 p.
559 1028 634 1065 VII.
680 1029 790 1065 Orell.
826 1028 946 1064 1183.

293 1107 414 1143 1619.
477 1103 570 1145 Sex.
602 1101 721 1142 Minio
752 1101 846 1142 Sex.
878 1101 921 1141 F.
958 1101 1047 1141 Ter.
1066 1098 1107 1155 2)
1141 1100 1296 1142 Silvano
1329 1099 1426 1141 Aed.
1465 1101 1497 1141 Π
1525 1101 1597 1141 vir.
1635 1100 1748 1149 Quin.

146 1164 251 1205 Patr.
297 1164 425 1205 colon.
467 1157 633 1214 Allif.3)
678 1160 837 1207 Quaest.
880 1173 960 1200 sac.
1002 1159 1041 1199 P.
1085 1159 1182 1198 alim.
1227 1159 1386 1206 Quaest.
1429 1158 1591 1200 Defens.
1632 1156 1747 1213 rp.4]

146 1221 277 1263 Praef.
320 1223 484 1272 iterum,
527 1219 658 1259 Curat.
701 1219 843 1258 civitat.
877 1218 1111 1268 Atinatium,
1153 1219 1244 1257 item
1276 1217 1403 1257 Curat.
1445 1217 1632 1271 Ligurum
1674 1218 1747 1258 col.

148 1280 473 1321 Cornelianoruin
515 1277 815 1318 contubernium
850 1277 1016 1316 Veneris
1049 1276 1219 1317 Patrono
1258 1276 1307 1316 ob
1338 1276 1475 1316 merita
1514 1277 1597 1317 eins
1629 1275 1670 1316 L.
1702 1275 1748 1316 D.

147 1339 194 1380 D.
237 1338 283 1378 D.
335 1359 385 1366 -
431 1338 574 1376 Guarini
625 1338 728 1374 Tituli
769 1338 925 1374 nonnulli
956 1337 1122 1383 Almam,
1164 1336 1313 1373 Calatini
1345 1341 1414 1374 etc.
1446 1337 1582 1374 Veletri
1626 1336 1748 1373 1839.

149 1399 276 1439 Annal.
308 1397 391 1435 dell'
422 1398 502 1434 inst.
535 1398 630 1433 arch.
667 1395 788 1432 1845.
819 1408 853 1444 p.
888 1395 953 1432 59.

293 1473 415 1510 1620.
476 1470 517 1510 L.
549 1470 721 1510 Munatio
756 1468 1022 1509 Concessiano
1055 1468 1099 1507 V.
1133 1468 1171 1507 P.
1191 1465 1230 1521 5)
1263 1468 1434 1509 Patrono
1468 1468 1647 1509 coloniae
1677 1480 1749 1522 pro

149 1530 299 1572 meritis
332 1530 419 1570 eius
452 1541 548 1582 erga
580 1529 687 1568 cives
730 1526 912 1566 munifica
952 1527 1131 1580 largitate
1173 1526 1260 1566 olim
1293 1526 1484 1567 honorem
1526 1526 1696 1567 devitum
1712 1524 1750 1580 6)

149 1588 488 1644 praestantissimo
522 1587 607 1626 viro
641 1597 831 1638 praesens
863 1590 1016 1637 ternpus
1050 1584 1196 1637 exegit,
1230 1596 1306 1637 quo
1339 1585 1451 1624 etiam
1474 1585 1621 1625 Munati
1643 1584 1751 1625 Con-

152 1647 321 1689 cessiani
351 1646 416 1686 filii
449 1646 508 1685 sui
532 1644 763 1684 Demarchia
785 1643 1041 1684 comulatiore
1069 1649 1223 1695 sumptu
1253 1643 1493 1683 liberalitatis
1516 1642 1751 1683 abundantia

152 1706 350 1747 universis
393 1703 543 1744 exibuit
586 1703 737 1742 civibus
781 1702 830 1741 ob
874 1698 1009 1755 ove7)
1051 1702 1271 1741 testimonia
1310 1702 1455 1742 amoris
1495 1701 1752 1742 sincerissimi

152 1760 290 1818 regg]
333 1762 514 1815 primaria
545 1759 859 1814 splendidissima
889 1759 1237 1799 Herculanensium
1271 1760 1439 1800 Patrono
1472 1759 1634 1800 mirabili
1664 1763 1751 1800 sta-

153 1828 259 1863 tuarn
291 1819 513 1875 ponendam
549 1819 737 1859 decrevit.
780 1840 835 1846 —
875 1821 1033 1868 Neapoli.
1085 1820 1232 1856 Fabricii
1263 1821 1381 1857 Roma.
1414 1821 1531 1868 Antiq.
1562 1821 1587 1856 1.
1618 1832 1652 1868 p.
1687 1820 1751 1856 50.

155 1884 252 1921 Grut.
286 1895 320 1931 p.
356 1881 447 1918 143.
497 1880 646 1917 Uberius
680 1880 723 1915 de
754 1879 822 1915 hoc
854 1879 954 1915 titulo
986 1882 1116 1914 tractat
1155 1879 1273 1915 Rosini
1312 1879 1457 1915 Dissert.
1489 1879 1629 1926 isagog.
1660 1878 1686 1915 Ι.
1716 1890 1750 1926 p.

299 2015 420 2052 1621.
481 2012 524 2052 L.
566 2011 725 2052 Neratio
767 2009 808 2049 L.
850 2009 890 2049 F.
933 2010 1015 2050 Vol.
1033 2006 1073 2064 9)
1112 2010 1260 2050 Prisco.
1304 2009 1429 2050 Praef.
1475 2022 1556 2051 aer.
1597 2009 1675 2050 Sat.
1694 2005 1751 2062 10)

158 2073 250 2115 Cos.
282 2072 380 2126 Leg.
410 2071 471 2112 Pr.
503 2071 564 2110 Pr.
599 2070 637 2109 in
670 2081 780 2122 prov.
812 2068 981 2108 Panonia
1022 2069 1182 2109 Scribae
1216 2066 1487 2123 quaestor.¹¹)
1519 2072 1559 2108 et
1587 2078 1752 2108 munere

156 2131 283 2173 functi
313 2131 501 2171 Patrono.
544 2152 599 2157 ——
641 2129 783 2177 Saepini
814 2129 847 2165 iu
880 2129 1033 2165 Samnio.
1078 2129 1270 2165 Mommsen
1301 2127 1356 2166 Da
1390 2127 1687 2178 appararitoribus
1717 2126 1752 2164 in

156 2192 280 2231 Rhein.
310 2192 396 2228 Mus.
429 2191 461 2227 d.
492 2189 616 2226 Pbilol.
649 2189 673 2225 Ι.
710 2187 830 2224 1847.
861 2198 944 2235 pag.
978 2187 1013 2222 9.

302 2277 425 2315 1622.
484 2274 534 2315 Μ.
567 2274 697 2314 Nonio
739 2273 790 2314 M.
821 2271 863 2312 F.
895 2271 1016 2312 Balbo
1048 2272 1109 2311 Pr.
1151 2271 1311 2312 Procos.
1332 2268 1386 2325 12)
1424 2271 1752 2312 Herculanenses.

160 2358 217 2368 -
247 2336 468 2376 Herculanei.
510 2335 657 2371 Dissert.
690 2334 832 2380 isagog.
865 2333 908 2369 ad
940 2332 1080 2369 Hercul.
1112 2332 1241 2368 volum.
1274 2344 1307 2380 p.
1342 2333 1407 2369 57.

305 2424 427 2462 1623.
488 2420 531 2460 L.
565 2420 710 2460 Oranio
742 2419 784 2458 L.
816 2418 865 2458 fit.
899 2418 1004 2466 Quir.
1037 2418 1143 2457 lusto
1175 2417 1215 2457 P.
1248 2417 1287 2456 P.
1320 2416 1446 2457 Praef.
1480 2422 1646 2458 castror.
1676 2417 1752 2470 leg.

161 2481 221 2523 ΙΙΙ.
254 2482 345 2535 Cyr.
376 2479 565 2520 Laurenti
606 2478 781 2518 Lavinati
822 2476 954 2517 Sacer.
996 2475 1154 2516 Flamini
1183 2474 1386 2528 Augustali
1425 2476 1536 2528 plebs
1576 2475 1754 2524 Reatina,

164 2539 271 2593 quod
301 2541 334 2580 is
366 2538 515 2591 primus
557 2537 728 2576 omnium
768 2536 841 2575 HS.
875 2534 916 2575 C.
948 2534 999 2574 M.
1030 2534 1075 2573 N.
1117 2533 1166 2573 ad
1206 2545 1384 2573 annonae
1425 2534 1755 2587 comparationem

163 2597 424 2651 municipibus
454 2595 538 2637 suis
581 2594 709 2646 dedit,
749 2598 994 2646 statuamque
1035 2591 1186 2633 honore
1227 2596 1437 2632 contentus
1478 2604 1548 2633 sua
1587 2591 1754 2645 pecunia

306 2758 343 2803 1)
370 2761 448 2793 Post
473 2758 550 2793 Chr.
576 2757 653 2790 435.
682 2775 721 2780 —
749 2755 787 2800 2)
814 2757 969 2790 Terentia
994 2756 1093 2790 tribu.
1119 2773 1162 2778 ——
1187 2752 1225 2797 3)
1252 2754 1499 2798 Quinqueviro‚
1526 2759 1669 2796 patrono
1696 2763 1754 2786 co-

168 2805 278 2840 Ioniae
304 2807 468 2840 Alisanae.
495 2823 536 2829 --
563 2802 601 2846 4)
629 2804 803 2845 Quaestori
829 2815 945 2837 sacrae
969 2804 1145 2847 pecuniae,
1172 2802 1402 2835 alimentorum
1428 2801 1611 2845 quaestori,
1636 2799 1756 2832 defen-

169 2854 240 2886 sori
263 2854 311 2886 rei
336 2854 502 2897 publicae.
527 2869 571 2875 —-
597 2852 633 2891 5)
659 2853 731 2884 viro
761 2851 1017 2895 perfectissimo.
1048 2867 1087 2872 —
1109 2847 1147 2890 6)
1175 2849 1238 2891 leg.
1258 2848 1453 2881 devitatum.
1475 2863 1512 2868 —
1538 2846 1576 2887 7)
1595 2845 1755 2878 fortasse:

170 2898 216 2933 ob
241 2905 368 2933 vetera.
393 2917 435 2922 —
460 2897 500 2941 8)
525 2898 676 2943 regione.
703 2915 743 2920 —
771 2898 809 2937 9)
836 2897 978 2930 Voltinia
1003 2896 1102 2929 tribu.
1128 2912 1172 2920 --
1197 2893 1259 2937 10)
1283 2894 1458 2929 Praefecto
1476 2894 1596 2926 aerarii
1613 2892 1756 2926 Saturni.

174 2962 217 2971 --
242 2943 306 2988 11)
333 2947 522 2989 quaestorii.
551 2961 590 2967 --
619 2941 678 2985 12)
705 2945 852 2987 praetori
876 2942 1076 2987 proconsuli.
