1877 3313
696 36 705 55 N

122 150 210 198 440
683 143 786 180 Inscr.
810 146 963 190 poeticae
988 142 1159 190 profanae.

261 255 384 294 1962.
443 250 579 293 Invicti
609 250 832 293 veneranda
864 251 972 292 ducis
1003 262 1076 304 per
1105 249 1240 291 secula
1269 247 1415 292 vellent

258 311 451 353 Victrices
482 310 642 362 Musae,
673 310 812 360 Pallas,
845 310 1007 349 crinitus
1038 307 1179 362 Apollo

259 371 381 411 Laeta
414 368 634 410 serenefico
667 367 884 408 defundere
917 369 1088 407 carmina
1119 365 1246 407 coelo.

257 429 494 470 Intemerata
524 426 644 467 malas
674 426 873 467 hominum
905 422 1017 479 sct1]
1050 425 1207 465 numina
1238 423 1398 466 fraudes

261 486 486 540 Iurgiaque,
519 484 670 525 arcanis
703 490 742 524 et
774 482 919 537 perfida
951 488 1113 536 pectora
1144 482 1247 522 curis

255 545 437 598 Fugere3
468 542 651 583 Hadriani
682 547 810 583 tamen
842 541 889 581 ad
920 543 982 594 pia
1013 541 1145 581 secula
1176 541 1276 580 verti

257 602 366 643 Ausa
398 614 471 657 per
503 600 675 641 occultas
706 605 886 640 remeant
914 601 1049 639 rimata
1080 599 1275 647 latebras,

257 660 308 700 Ut
338 661 487 713 spirent
519 663 655 699 cautes
670 656 710 712 ²)
743 671 788 699 ac
818 663 995 710 tempora
1026 657 1154 709 prisca
1185 656 1366 697 salutent.

257 718 378 760 Sacra
409 717 639 759 Mamertino
654 714 694 770 3]
728 720 945 757 sonuerunt
976 715 1157 768 praeside
1188 715 1329 767 siqua:

257 777 357 817 Tum
389 776 582 829 Superum
612 775 817 815 manifesta
849 774 959 814 fides.
1020 774 1133 815 Stetit
1164 773 1332 813 inclutus
1363 772 1506 813 heros:

256 834 430 875 Inachias
444 831 485 887 4)
518 845 659 886 sospes
692 833 759 872 diti
789 832 891 885 pede
922 832 1068 885 pressit
1099 831 1279 871 harenas.

258 892 435 945 Namque
466 893 566 932 inter
597 892 691 931 celsi
724 891 886 931 densata
919 889 1052 930 sedilia
1084 889 1229 942 templi,

255 950 387 992 Incola
418 963 497 1004 quo
528 950 664 1003 plebes
696 950 807 989 tectis
840 947 1055 989 effunditur
1085 948 1194 998 altis,

261 1009 426 1050 Munera
457 1008 689 1048 coelicolum
708 1038 937 1047 .........
969 1029 1025 1034 —-
1065 1009 1103 1045 Iu
1145 1008 1262 1056 lapide
1294 1008 1436 1053 fracto,
1478 1007 1534 1055 qui
1565 1007 1598 1044 in
1630 1009 1714 1045 Tal-

121 1069 249 1108 mensis
282 1069 404 1118 templi
435 1069 525 1105 atrio
556 1069 659 1105 iacet.
705 1068 859 1104 Niebuhr
899 1068 1074 1115 Inscriptt.
1115 1067 1279 1103 Nubiens.
1319 1067 1384 1102 Ed.
1426 1067 1574 1113 Tubing.
1611 1078 1645 1115 p.
1679 1067 1714 1103 8.

121 1129 228 1166 Orell.
261 1129 356 1166 855.
387 1128 461 1164 Atti
495 1126 577 1163 dett'
609 1127 728 1163 accad.
759 1137 846 1162 rom.
879 1126 1090 1171 archeolog.
1128 1126 1226 1161 Tom.
1258 1125 1283 1160 Ι.
1324 1137 1358 1173 p.
1391 1124 1485 1161 201.
1521 1125 1715 1173 Antholog.

120 1188 256 1235 Meyer.
286 1199 321 1224 n.
356 1185 450 1223 812.
484 1185 616 1222 Versus
648 1189 727 1221 sunt
757 1185 790 1221 in
822 1185 996 1221 honorem
1028 1183 1195 1220 Antonini
1226 1182 1286 1219 Pii.

265 1274 388 1312 1963.
447 1271 728 1312 Luxuriantem
760 1270 886 1311 animo
917 1270 1092 1310 Poenum
1122 1267 1311 1321 ferroque
1341 1272 1522 1309 ruentem

259 1331 375 1371 Urbis
407 1330 446 1370 in
477 1328 673 1370 excidium
706 1331 773 1369 vix
803 1329 928 1381 puber
959 1327 1007 1369 ad
1039 1340 1146 1368 arma
1176 1330 1340 1368 vocatus

261 1388 441 1429 Patribus
474 1387 616 1428 edocui
649 1391 756 1428 certa
787 1387 1015 1439 superarier
1045 1389 1130 1426 arie

265 1447 412 1495 Posse3
445 1447 534 1487 olim
565 1446 732 1486 invictae
764 1457 837 1498 per
867 1456 939 1485 uos
972 1443 1215 1497 Chartaginis
1248 1454 1362 1484 arces

260 1503 462 1546 Insolitum
493 1503 651 1544 subiere
683 1505 839 1556 iugum3
871 1503 1034 1543 victoria
1065 1507 1198 1542 nostra
1230 1506 1292 1541 est

261 1562 400 1604 Hanno
433 1567 470 1602 et
500 1562 636 1602 Iberus
669 1566 784 1602 atrox
815 1561 1091 1612 coniunctique
1123 1571 1230 1600 arma
1260 1558 1462 1612 Syphacis.

260 1620 428 1663 Maxima
461 1624 688 1661 cunctarum
729 1620 894 1660 victoria
936 1619 1037 1658 victa
1078 1617 1272 1671 voluptas,
1313 1639 1368 1645 --
1413 1618 1557 1658 Olivier.
1602 1620 1719 1658 Marm.

123 1682 253 1721 Pisaur.
285 1694 318 1719 n.
355 1681 417 1718 17.
449 1681 557 1717 Illorc.
588 1681 664 1716 Stil.
696 1680 785 1716 DVI.

264 1769 390 1806 1964.
450 1765 574 1806 Ursus
606 1765 794 1818 Togatus‚
827 1765 949 1804 vitrea
981 1763 1046 1816 qui
1075 1762 1223 1816 primus
1252 1761 1329 1816 pila

260 1824 355 1865 Lusi
388 1823 576 1864 decenter
607 1836 694 1863 cum
725 1823 822 1863 meis
854 1822 1051 1863 lusoribus

261 1881 462 1923 Laudante
494 1881 642 1934 populo
674 1881 851 1921 maximis
883 1879 1117 1920 clamoribus

261 1940 440 1981 Thermis
473 1940 627 1980 Traiani
657 1940 835 1980 Thermis
865 1938 1065 1992 Agrippae
1097 1942 1136 1978 et
1167 1937 1241 1978 Titi

192 1999 230 2041 5.
262 1999 427 2041 Multum
459 2003 499 2039 et
529 1996 711 2048 Neronis,
743 1998 776 2037 si
806 2002 934 2037 tamen
965 1996 1055 2036 mihi
1086 1995 1245 2036 creditis

260 2058 348 2112 Ego
380 2070 480 2097 sum.
523 2056 696 2097 Ovantes
729 2056 938 2096 convenite
971 2054 1146 2106 pilicrepi

261 2116 517 2168 Statuamque
550 2115 662 2155 amici
692 2114 855 2154 floribus
887 2111 1000 2154 violis
1031 2113 1133 2153 rosis

261 2173 454 2225 Folioque
485 2172 606 2213 multo
639 2172 766 2224 adque
796 2176 997 2224 unguento
1028 2169 1204 2211 marcido

263 2231 438 2272 Onerate
471 2236 644 2271 amantes
678 2236 717 2271 et
749 2242 898 2270 merum
930 2228 1155 2282 profundite

177 2289 232 2332 10
260 2289 423 2344 Nigrum
455 2289 661 2329 Falernum
694 2293 759 2328 aut
790 2289 964 2330 Setinum
997 2292 1062 2327 aut
1094 2285 1317 2327 Caecubum

261 2348 361 2389 Vivo
393 2359 439 2387 ac
471 2348 617 2387 volenti
649 2347 698 2388 de
730 2346 919 2399 apotheca
951 2345 1165 2395 dominica,

262 2406 486 2458 Ursumque
517 2406 643 2446 canite
674 2417 776 2446 voce
807 2404 996 2445 concordi
1027 2415 1163 2444 senem

261 2464 431 2504 Hilarem
462 2464 642 2504 iocosum
673 2464 903 2517 pilicrepum
934 2461 1220 2512 scholasticum,

264 2522 342 2571 Qui
371 2522 462 2562 vicit
493 2534 630 2563 omnes
662 2527 940 2562 antecessores
973 2532 1069 2561 suos

177 2580 230 2622 15
262 2580 401 2632 Sensu‚
434 2579 580 2622 decore
612 2580 741 2634 adque
772 2583 857 2620 arte
888 2578 1147 2619 subtilissima.

265 2742 302 2786 1)
327 2750 374 2777 set
394 2753 457 2788 pro
481 2743 548 2784 sed,
572 2754 635 2777 nec
670 2743 861 2776 necessaria
888 2747 938 2775 est
963 2741 1135 2775 Niebuhr-ii
1160 2739 1355 2773 coniectura
1379 2739 1425 2773 sei
1450 2748 1513 2782 pro
1537 2738 1574 2771 si.
1611 2753 1651 2759 —
1677 2735 1716 2779 2)

128 2788 229 2823 Orell.
253 2792 403 2824 coniicit:
436 2796 572 2829 cunum·
604 2790 731 2832 Meyer.
757 2792 802 2823 ita
834 2789 945 2821 locum
979 2788 1143 2831 explicat:
1175 2789 1248 2831 ipsa
1280 2797 1360 2819 saxa
1394 2786 1561 2819 laetantur
1592 2784 1716 2817 rediise

130 2836 211 2868 deos
236 2847 274 2869 ac
298 2839 455 2871 renovari
480 2838 589 2880 prisca
614 2842 777 2878 tempora.
812 2853 852 2858 —
889 2835 925 2876 3)
952 2835 1127 2868 Petronius
1153 2833 1387 2873 Mamertinus,
1412 2831 1452 2864 ad
1480 2841 1578 2875 quem
1603 2830 1712 2864 Fron-

128 2883 216 2914 tonis
239 2885 376 2926 epistola
401 2889 509 2924 extat,
542 2884 634 2916 cuius
660 2883 726 2916 silio
753 2883 791 2916 D.
818 2881 919 2914 Marci
946 2882 1012 2914 filia
1039 2882 1158 2924 nupsit.
1192 2891 1291 2915 sacra
1313 2881 1405 2923 siqua
1428 2877 1615 2911 Memnonis
1639 2883 1713 2912 stu-

128 2933 221 2964 tuam
244 2930 439 2973 significant.
463 2930 621 2966 Niebuhr.
647 2946 688 2955 —
713 2926 752 2971 4)
777 2930 798 2963 i.
823 2939 853 2963 e.
877 2927 1083 2973 Aegyptum.
