1877 3313
688 154 718 197 §.
745 153 777 188 2.
826 151 970 188 Senatus
994 155 1158 189 consulta.
1645 155 1731 199 293

119 264 308 303 caverent
338 260 403 302 nei
435 259 531 302 dare
563 260 785 312 deberent,
826 266 865 302 et
896 261 980 303 utei
1021 261 1067 309 Q.
1102 262 1279 304 Lutatius
1311 262 1362 304 M.
1394 261 1613 320 A]emilius
1644 274 1730 306 cos.

119 333 152 360 a.
186 333 219 360 a.
253 333 284 361 s.
329 333 363 361 e.
398 333 433 360 v.
455 319 491 375 1)
535 333 605 361 eos
648 322 686 361 in
732 321 956 361 ameicoran
1000 319 1206 362 formulam
1248 322 1491 364 referundos
1531 327 1731 374 curarent,

118 376 280 433 eis[que
313 392 461 420 aeneas
494 379 644 420 tabulas
676 380 867 420 amicitiae
900 380 937 419 in
971 379 1160 432 Capitolio
1195 393 1347 433 ponere
1388 379 1727 437 sacrificiumque]

117 437 251 478 facere
282 438 445 488 liberet,
484 449 706 488 munusque
739 439 796 478 eis
830 451 882 477 ex
913 438 1080 478 formula
1112 439 1239 479 locum
1271 440 1473 491 lautiaque
1517 451 1554 491 q.
1587 441 1673 481 urb.
1687 437 1730 494 2)

118 497 175 536 eis
208 496 344 537 locare
375 494 637 551 mittereq[ue
668 497 874 544 iuberent,·
915 497 1058 547 seique
1101 496 1150 537 de
1182 499 1302 539 rebus
1334 500 1418 539 suis
1450 496 1618 553 legatei]
1652 510 1731 539 ve—

117 556 229 595 neire
261 555 429 607 vellent,
471 556 551 596 utei
593 556 650 595 eis
683 554 872 596 leibereis
913 556 1193 608 postereisque
1233 569 1372 598 corum
1404 557 1560 611 legatos
1591 558 1731 599 venire

115 615 351 665 mittereque
382 614 543 663 liceret3
576 613 657 654 utei
691 614 737 661 Q.
774 610 971 667 [Lutatius
1004 614 1054 656 Μ.
1087 614 1277 656 Aemilius
1311 628 1392 658 cos.
1427 628 1460 656 a.
1493 612 1549 670 3.]
1582 617 1642 657 sei
1673 617 1732 658 eis

115 669 208 726 V.³)
240 673 390 713 litteras
421 672 469 713 ad
512 673 766 726 magistratus
799 677 984 724 nostros,
1026 674 1119 724 quei
1160 674 1293 715 Asiam
1324 674 1599 716 Macedoniam
1630 687 1733 728 pro-

114 731 265 773 vincias
298 732 498 785 optinent,
529 737 567 772 et
599 730 647 772 ad
680 732 932 785 magistratus
966 744 1104 772 eorum
1147 731 1382 788 mitt[erent,
1414 737 1597 774 senatum
1628 734 1732 777 velle

115 787 175 845 et]
210 802 380 843 aequom
414 802 585 832 censere
617 802 665 830 ea
697 791 751 831 ita
783 790 895 831 fierei
926 791 947 831 i.
983 804 1021 831 u.
1055 804 1091 831 e.
1125 803 1159 832 e.
1192 805 1224 832 r.
1258 806 1295 846 p.
1328 792 1353 833 f.
1386 804 1419 834 s.
1451 805 1488 833 v.
1522 790 1611 847 c.4)

178 919 371 954 Senatus
399 920 614 954 consulta
641 920 723 953 duo
750 920 1070 1001 Dedaedificiis
1094 923 1403 966 negotationis
1429 932 1562 956 causa
1586 931 1668 956 non

837 968 1050 1003 iruendis.

260 1064 382 1101 1692.
444 1065 638 1113 Utrumque
681 1069 825 1102 senatus
868 1067 1069 1103 consultum
1110 1066 1145 1103 in
1189 1066 1314 1103 eadem
1357 1066 1476 1104 tabula
1519 1077 1630 1103 aenea
1670 1066 1732 1104 in-

112 1124 287 1172 sculptum
319 1124 413 1161 inter
445 1124 564 1160 ruinas
597 1124 810 1161 Herculanei
842 1124 965 1173 oppidi
999 1125 1142 1171 effossa,
1175 1138 1266 1173 quae
1292 1126 1326 1162 in
1349 1125 1613 1174 possessionem
1636 1126 1731 1163 Mat-

112 1183 207 1219 thaei
239 1195 258 1219 3
291 1182 411 1232 Capua
446 1183 720 1220 Conchanorum
751 1183 921 1231 principis
954 1184 1070 1221 cessit.
1101 1185 1264 1221 Alterum
1299 1196 1391 1221 anno
1425 1184 1504 1221 801
1541 1197 1574 1222 u.
1604 1197 1634 1222 c.
1667 1197 1732 1222 as-

111 1242 324 1289 signandum
357 1246 425 1288 est,
459 1242 610 1278 alterum
644 1254 736 1279 anno
762 1242 857 1278 809.
898 1243 1116 1279 Ediderunt:
1148 1243 1209 1279 Iul.
1243 1244 1375 1280 Caesar
1407 1243 1602 1292 Capaccius
1622 1240 1732 1295 (An-

111 1301 262 1348 tiquitat.
304 1306 340 1337 et
377 1301 500 1338 histor.
541 1301 811 1349 Neapolitanae.
859 1301 1006 1349 Neapol.
1043 1301 1166 1338 1607.
1201 1303 1237 1338 4.
1289 1303 1362 1338 Lib.
1393 1302 1436 1339 ΙΙ.
1483 1315 1513 1339 c.
1547 1297 1625 1353 9),
1667 1303 1732 1341 Th.

111 1360 294 1397 Reinesius
337 1354 549 1412 [Syntagm.
592 1360 768 1407 Inscriptt.
811 1371 844 1407 p.
877 1360 974 1395 475.
1028 1360 1144 1408 Epist.
1187 1361 1229 1397 ad
1262 1361 1408 1409 Rupert.
1449 1373 1483 1409 p.
1517 1356 1639 1413 392.)
1673 1362 1733 1410 qui

110 1423 257 1468 praeter
289 1419 453 1467 Capaccii
483 1419 609 1455 librum
643 1419 715 1454 alio
747 1419 916 1466 exemplo
950 1431 969 1454 e
1002 1419 1120 1454 tabula
1146 1419 1360 1468 transcripto
1385 1431 1466 1456 usus
1490 1424 1570 1465 est3
1603 1432 1731 1457 emen-

111 1477 226 1514 datius
256 1477 308 1514 Io.
339 1478 438 1526 Bapt.
470 1477 606 1514 Donius
640 1471 846 1527 (Inscriptt.
880 1477 986 1525 antiq.
1010 1490 1043 1525 p.
1069 1473 1182 1530 SAL),
1215 1479 1275 1515 Th.
1307 1479 1342 1515 L.
1375 1479 1515 1515 Miinter
1546 1473 1732 1530 [Parerga

109 1536 488 1584 historico-philolog.
544 1533 706 1582 Gotting.
744 1535 866 1572 1749.
910 1548 944 1584 p.
988 1531 1105 1588 28),
1145 1537 1171 1573 I.
1205 1538 1242 1574 G.
1276 1538 1313 1576 S.
1348 1532 1394 1590 (i.
1428 1550 1458 1574 e.
1491 1538 1590 1574 Ioan.
1630 1538 1731 1576 Goi'r.

107 1590 244 1647 sensti)
277 1595 512 1632 commentat.
547 1595 591 1631 ad
623 1595 718 1631 SCC.
753 1595 798 1631 de
832 1595 1000 1632 aedificiis
1033 1596 1278 1644 negotationis
1322 1608 1428 1634 causa
1460 1608 1531 1634 non
1565 1596 1731 1635 diruend.

108 1654 199 1704 Lips.
235 1653 357 1691 1756.
388 1666 424 1703 p.
458 1654 507 1700 93
539 1654 703 1691 Haubold
738 1648 915 1706 (Monum.
949 1654 1022 1702 leg.
1053 1667 1088 1704 p.
1125 1650 1258 1708 196.)

910 1735 936 1775 I.

259 1816 328 1857 Cn.
361 1816 525 1858 Hosidio
559 1815 656 1858 Geta
688 1816 731 1857 L.
765 1817 946 1872 Vagellio
978 1816 1088 1859 Coss.
1120 1831 1159 1858 x.
1192 1817 1268 1859 kal.
1302 1818 1466 1860 Octobr.
1499 1817 1539 1861 S.
1574 1817 1616 1859 C.

252 1898 347 1940 va
377 1899 630 1953 providentia
672 1901 822 1954 optvmi
853 1900 1041 1954 principis
1074 1902 1190 1942 tectis
1223 1912 1383 1953 qvoqve
1413 1901 1523 1942 vrbis
1565 1905 1731 1942 nostrae

108 1963 148 1999 ct
180 1959 300 2000 totivs
332 1958 464 1999 ltaliae
497 1960 720 1999 aeternitati
752 1961 1022 2013 prospexerit,
1055 1960 1196 2010 qvibus
1228 1961 1314 2012 ipse
1345 1972 1424 2000 non
1456 1960 1584 2001 solvm
1605 1972 1730 2013 prae-

109 2022 227 2071 cepto
259 2018 542 2071 avgvstissimo
576 2017 646 2058 sed
679 2019 797 2058 etiam
829 2018 1013 2072 exemplo
1046 2030 1118 2059 svo
1151 2019 1378 2072 prodesset,
1411 2019 1730 2070 conveniretqve

108 2077 284 2117 felicitati
316 2077 462 2117 saeculi
494 2077 676 2117 instantis
716 2089 788 2130 pro
833 2079 1017 2130 portione
1034 2074 1073 2132 ⁵)
1113 2078 1357 2131 pvblicorvm
1401 2079 1566 2132 operu‘m
1611 2078 1729 2119 etiam

108 2137 350 2189 privatorvm
384 2136 617 2187 cvstodiae,
650 2135 922 2188 deberentqvc
956 2137 1157 2177 abstinere
1190 2149 1235 2177 se
1269 2148 1408 2177 omnes
1449 2136 1727 2178 erventissimo

107 2207 260 2250 genere
292 2195 586 2246 negotiationis,
621 2208 670 2234 ne
704 2196 1009 2237 inimicissimam
1042 2196 1129 2248 paci
1144 2193 1186 2249 ⁶)
1220 2195 1359 2236 faciem
1383 2195 1619 2236 inducerent
1641 2196 1730 2236 rvi-

107 2255 168 2294 nis
201 2251 413 2307 domvm7)
449 2254 675 2305 vittarvmq:
719 2254 903 2307 placere,
945 2255 978 2294 si
1020 2256 1103 2305 qvis
1145 2254 1374 2308 negotiandi
1414 2267 1533 2295 cavsa
1565 2255 1729 2296 emisset

107 2313 264 2364 aliqvod
296 2312 516 2353 aediticivm
548 2318 588 2353 vt
620 2313 815 2355 dirvendo
857 2314 942 2367 plvs
976 2313 1203 2364 aeqvireret
1236 2324 1348 2364 qvam
1382 2314 1517 2365 qvanti
1550 2314 1727 2365 emisset,

110 2376 189 2412 tvm
222 2372 375 2425 dvplam
408 2373 614 2425 pecvniam
644 2383 719 2423 qua
752 2378 950 2413 mercatus
985 2385 1070 2412 eam
1103 2385 1190 2412 rem
1222 2378 1330 2414 esset
1362 2373 1401 2412 in
1433 2385 1539 2413 aera.
1573 2371 1728 2423 inferri,

107 2431 240 2481 vtiqve
272 2430 321 2470 dc
365 2443 414 2472 eo
456 2431 705 2472 nihilominvs
748 2431 796 2471 ad
838 2436 1018 2472 senatvm
1050 2430 1297 2472 refferretvr.
1360 2432 1567 2483 Qvomqve
1599 2441 1728 2482 aeqve

107 2502 188 2531 non
221 2494 427 2542 oporteret
459 2490 559 2530 malo
593 2490 775 2544 exemplo
808 2489 990 2531 vendere
1023 2501 1135 2542 qvam
1170 2503 1322 2541 emere,
1355 2489 1587 2531 venditores
1619 2501 1728 2541 qvo·
1793 2519 1797 2524 ,

109 2559 188 2599 que
221 2553 518 2600 coercerentvr,
552 2550 615 2600 qvi
647 2550 820 2590 scientes
864 2549 957 2591 dolo
991 2550 1092 2590 malo
1132 2555 1270 2591 contra
1311 2550 1412 2590 hanc
1454 2553 1616 2589 senatvs
1647 2561 1727 2591 vo-

108 2607 295 2648 lvntatem
325 2606 610 2659 vendidissent,
644 2608 827 2661 placere,
860 2609 959 2649 tales
990 2608 1240 2650 venditiones
1272 2609 1402 2650 irritas
1433 2608 1542 2656 sieri3
1586 2611 1727 2649 caete-

109 2678 196 2707 ruin
226 2667 365 2708 testari
397 2671 578 2708 senatvm
611 2666 784 2710 dominio
819 2668 1006 2709 constitvi
1039 2668 1103 2720 qvi
1128 2681 1261 2709 rervm
1284 2680 1442 2709 svarvm
1462 2678 1726 2721 possessores

251 2829 287 2874 1)
313 2832 469 2865 consules
501 2831 602 2866 ambo
637 2832 772 2866 alterve
797 2834 826 2866 si
851 2834 900 2866 eis
935 2833 1117 2867 videbitur.
1155 2850 1194 2856 -
1233 2831 1272 2874 2)
1301 2837 1515 2876 quaestorem
1549 2832 1725 2869 urbanum.

112 2893 152 2898 -—
181 2874 219 2919 3)
245 2880 273 2911 si
299 2880 348 2912 eis
373 2879 558 2913 videbitur.
586 2896 627 2900 —
655 2878 694 2922 4)
721 2881 765 2913 ita
793 2886 828 2913 ut
853 2882 902 2914 eis
929 2891 947 2913 e
974 2892 1011 2914 re
1038 2881 1172 2924 publica
1199 2880 1334 2924 fideque
1352 2891 1412 2913 sua
1430 2879 1613 2921 videbitur,
1639 2891 1724 2914 cen-

111 2924 176 2956 suit
199 2923 263 2966 (sc.
287 2924 451 2968 senatus).
478 2944 522 2949 ——
548 2924 587 2968 5)
614 2926 663 2960 Ita
688 2926 826 2962 Reines.
842 2929 1058 2972 proportioni.
1084 2926 1252 2961 Haubold.
1280 2945 1324 2949 —-
1351 2927 1389 2969 6)
1407 2926 1522 2962 tabula
1539 2927 1722 2963 mendose:

110 2980 200 3013 pace.
225 2988 269 2993 —
296 2970 334 3014 ³7)
361 2984 440 3017 pro.†
466 2973 630 3007 donincum.
