1877 3313
164 210 251 253 242
610 206 713 241 Inscr.
736 206 911 251 profanae.
958 206 1105 253 cap.11.
1155 207 1313 242 Tabulae.

165 316 198 356 is
228 310 426 368 mori[bus
445 310 482 367 ¹)
517 318 726 366 suspectus
755 313 876 355 fuerit
906 315 996 366 eiei,
1029 315 1121 367 quei
1153 315 1202 355 de
1220 314 1403 368 pequniis
1424 314 1653 368 repetundis
1679 325 1758 355 no-

164 385 256 413 men
287 371 484 424 detulerit,
514 371 619 413 illum
651 371 860 425 repudiare
891 373 1021 414 liceto.
1065 374 1131 415 Sei
1162 374 1248 426 quis
1279 374 1329 413 ita
1360 377 1566 426 patronum
1588 385 1760 426 suspec-

164 435 245 472 tum
276 429 568 484 repudiaverit,
608 428 710 485 t]um
740 444 813 484 pr.,
845 433 937 484 quei
968 445 1019 472 ex
1050 432 1085 472 h.
1119 432 1156 483 l.‚
1189 436 1374 484 quaeret,
1406 431 1523 472 alium
1553 436 1760 485 patronum

165 490 243 529 eiei
273 501 389 541 quem
422 486 648 543 [petiverit,
694 487 806 543 dato,
848 490 939 532 dum
980 491 1044 531 nei
1086 503 1203 543 quem
1245 502 1384 532 eorum
1426 490 1492 531 det
1533 489 1582 531 de
1621 490 1762 543 quibus

162 559 284 601 supra
313 548 502 601 scriptum
533 552 606 589 est.

859 607 982 662 Caput
1012 607 1075 648 VI.

302 677 362 717 De
393 676 489 718 CDL
506 677 600 718 viris
631 677 670 718 in
701 677 806 719 hunc
838 676 1003 733 ann]um
1035 677 1228 733 legundis.
1262 679 1323 719 Pr.
1358 679 1449 731 quei
1479 678 1582 719 inter
1612 690 1765 734 pereg-

162 735 272 777 rinos
303 736 393 776 ious
424 735 565 787 deicet,
596 737 628 777 is
659 736 698 776 in
730 736 866 778 diebus
897 737 934 778 X
965 750 1161 790 proxunr,
1195 738 1336 790 quibus
1368 737 1404 777 h.
1429 737 1452 777 l.
1485 737 1655 790 populus
1676 737 1765 790 ple-

161 794 287 835 besve
316 794 497 845 iouserit,
529 794 646 836 facito
677 796 755 836 utei
788 794 882 836 CDL
901 797 1007 837 viros
1038 796 1166 850 legat,
1199 797 1291 848 quei
1321 796 1360 836 in
1392 796 1465 836 hac
1496 793 1696 852 ceivit[ate
1726 795 1765 836 in

162 865 255 894 eum
285 865 442 904 annum,
473 865 551 906 quo
582 853 617 894 h.
650 853 673 894 l.
704 854 872 907 populus
904 855 1092 907 plebesve
1124 855 1304 905 iouserit,
1335 854 1550 906 ioudicent,
1583 854 1673 895 dum
1701 855 1766 895 nei

163 923 282 965 quem
313 924 452 952 eorum
484 911 610 965 legat,
654 913 745 964 quei
777 918 823 953 tr.
856 912 906 965 pl.
939 926 990 966 q.,
1022 913 1068 953 Ill
1085 914 1155 953 vir.
1189 925 1272 966 cap.
1307 917 1353 952 tr.
1388 912 1464 953 mil.
1497 913 1520 952 l.
1553 912 1765 966 Imprimis

161 970 290 1022 aliqua
320 968 473 1025 ear]um
505 970 552 1011 111
568 971 627 1011 vir
657 984 690 1011 a,
723 970 759 1010 d.
793 984 826 1011 a.
857 972 932 1011 siet
962 971 1147 1020 fueritve,
1180 972 1320 1023 queive
1351 972 1388 1011 in
1420 976 1561 1011 senatu
1593 972 1668 1012 siet
1699 969 1767 1011 fu-

163 1026 360 1084 er[itve]‚
393 1025 554 1082 quei[ve
586 1029 771 1069 mercede
804 1029 932 1081 aliqua
964 1029 1183 1070 conductus
1217 1032 1310 1080 siet,
1355 1030 1501 1081 queive
1534 1030 1767 1082 quaestione

162 1087 361 1129 iudiciove
392 1087 550 1141 publico
582 1084 890 1142 conde]mnatus
923 1088 1010 1136 siet,
1042 1087 1256 1140 quodcirca
1284 1100 1371 1127 eum
1390 1088 1429 1127 in
1451 1092 1630 1128 senatum
1661 1088 1768 1142 legei

163 1157 246 1186 non
276 1146 408 1198 liceat,
441 1147 583 1199 queive
614 1147 742 1187 minor
773 1147 884 1187 annis
916 1146 1029 1186 XXX
1061 1147 1237 1186 maiorve
1259 1158 1384 1187 annos
1418 1145 1487 1186 LX
1517 1151 1658 1200 gnatus
1679 1147 1767 1195 siet,

163 1204 306 1257 queive
336 1205 376 1245 in
407 1206 547 1245 urbem
584 1205 747 1246 Romam
787 1205 1004 1257 propiusve
1036 1202 1123 1258 V2)
1139 1201 1264 1258 [milia
1294 1217 1482 1257 passuum
1514 1205 1652 1246 urbem
1682 1205 1768 1246 Ro-

165 1275 267 1303 mam
300 1275 380 1304 non
411 1263 571 1315 habitet,
603 1264 746 1316 queive
778 1264 877 1314 eius,
910 1263 999 1315 quei
1031 1263 1068 1302 in
1100 1267 1240 1303 senatu
1261 1264 1337 1304 siet
1358 1262 1530 1303 fueritve
1549 1269 1661 1317 pater
1681 1262 1768 1304 fra-

165 1325 229 1361 ter
260 1320 415 1362 filiusve
447 1322 543 1372 siet,
585 1323 727 1374 queive
760 1326 868 1362 trans
910 1320 1041 1375 mar]e
1074 1322 1160 1361 erit.
1200 1321 1313 1369 Quos
1343 1321 1486 1375 legerit
1516 1334 1587 1363 eos
1618 1327 1768 1375 patrem

162 1379 307 1420 tribum
349 1392 653 1434 cognomenque
692 1380 875 1420 ioudicet.
925 1377 1048 1434 Quei
1089 1392 1110 1420 a
1151 1392 1235 1433 pin,
1277 1381 1368 1432 quei
1399 1381 1501 1420 inter
1532 1381 1769 1434 peregrinos

163 1438 251 1478 ious
286 1437 438 1489 deicet,
479 1439 560 1479 utei
590 1439 777 1491 scriptum
810 1443 893 1490 est,
934 1435 1007 1492 ex]
1040 1437 1076 1478 h.
1109 1438 1132 1478 l.
1167 1438 1260 1478 CDL
1277 1439 1395 1478 vireis
1434 1440 1472 1478 in
1505 1451 1593 1480 eum
1624 1452 1769 1480 annum

162 1494 284 1536 lectei
318 1501 448 1548 erunt,
480 1509 526 1537 ea
558 1498 714 1538 nomina
747 1498 874 1537 omnia
907 1497 945 1537 in
977 1497 1120 1547 tabula,
1152 1497 1191 1537 in
1214 1497 1315 1548 albo,
1347 1501 1565 1538 atramento
1587 1498 1769 1551 scriptos,

164 1638 322 1677 moribus
354 1643 539 1686 susqectus
572 1639 702 1686 fuerit,
735 1639 791 1686 ei,
822 1639 879 1687 qui
912 1639 957 1676 de
988 1639 1147 1688 pecuniis
1187 1639 1393 1688 repetundis
1431 1650 1560 1676 nomen
1593 1638 1771 1685 detulerit,

169 1698 266 1734 ilium
297 1698 487 1746 repudiare
518 1698 637 1735 liceto.
700 1698 816 1745 Siquis
847 1699 894 1735 ita
936 1703 1127 1747 patronum
1168 1703 1369 1746 suspectum
1401 1697 1668 1746 repudiauerit,
1698 1702 1769 1734 tum

165 1757 331 1803 Praetor,
363 1756 420 1804 qui
452 1769 497 1793 ex
528 1758 594 1794 hac
624 1758 707 1803 lege
740 1762 904 1804 quaeret,
936 1757 1039 1794 alium
1067 1762 1256 1806 patronum
1279 1757 1325 1803 ei,
1357 1768 1460 1805 quem
1483 1756 1650 1806 petiuerit
1672 1757 1769 1804 dato,

168 1815 251 1853 dum
282 1827 434 1863 nequem
467 1827 589 1853 eorum
622 1816 695 1862 det,
727 1816 771 1852 de
803 1817 928 1863 quibus
961 1828 1069 1865 supra
1100 1817 1269 1865 scriptum
1302 1820 1367 1853 est.

865 1888 978 1936 Caput
1015 1888 1074 1924 VI.

307 1945 360 1982 De
391 1944 558 1982 CDLuiris
590 1945 623 1982 in
656 1946 749 1982 hunc
781 1958 907 1983 annum
936 1946 1110 1994 legendis.
1172 1947 1333 1993 Praetor,
1365 1946 1423 1994 qui
1445 1946 1536 1983 inter
1557 1945 1769 1995 peregrinos

167 2002 222 2040 ius
255 2002 369 2050 dicet,
399 2004 426 2040 is
458 2004 492 2040 in
524 2004 647 2040 diebus
678 2004 720 2041 X.
752 2005 944 2053 proximis,
987 2005 1110 2053 quibus
1143 2005 1233 2042 hanc
1275 2006 1393 2053 legem
1431 2005 1582 2054 populus
1622 2004 1770 2052 plebsue

168 2062 324 2109 iusserit,
356 2062 464 2099 facito
496 2067 532 2099 ut
564 2063 746 2099 CDLuiros
779 2064 891 2111 legat,
923 2064 980 2111 qui
1014 2064 1047 2100 in
1081 2065 1145 2100 bac
1178 2063 1321 2100 ciuitate
1352 2064 1385 2100 in
1418 2075 1498 2100 eum
1528 2075 1667 2109 annum,
1700 2074 1769 2110 quo

168 2120 261 2158 hanc
291 2121 410 2168 legem
442 2122 593 2170 populus
625 2123 774 2169 plebsue
806 2122 967 2168 iusserit,
998 2117 1175 2173 iudiceutf,
1208 2123 1290 2159 dum
1322 2134 1472 2170 nequem
1505 2133 1627 2158 eorum
1659 2122 1770 2168 legat,

170 2180 230 2228 qui
263 2179 436 2216 Tribunus
469 2180 595 2228 plebis,
629 2181 820 2227 Quaestor,
851 2181 1022 2217 Triumuir
1054 2181 1232 2229 Capitalis,
1265 2181 1439 2217 Tribunus
1471 2180 1615 2217 militurn
1646 2179 1770 2227 legio-

170 2238 274 2275 nibus
307 2243 475 2286 quattuor
505 2238 622 2286 primis
655 2239 769 2287 aiiqua
803 2251 935 2284 earum,
968 2240 1140 2276 'I'riuruuir
1172 2239 1267 2286 agris
1299 2240 1423 2276 dandis
1454 2239 1682 2285 adsignandis
1714 2238 1771 2284 sit,

172 2297 340 2344 fueritne,
372 2296 477 2345 quiue
509 2297 541 2333 in
575 2302 697 2333 senatu
729 2298 773 2334 sit
805 2298 970 2344 fueritne,
1003 2298 1107 2346 quiue
1140 2298 1305 2334 mercede
1336 2298 1452 2345 aliqua
1485 2297 1680 2334 conductus
1712 2297 1770 2342 sit,

171 2355 279 2403 quiue
310 2355 520 2404 quaestione
552 2355 730 2393 iudicioue
762 2356 906 2405 publico
939 2357 1192 2394 condemnatus
1225 2356 1290 2402 sit,
1329 2356 1497 2404 quocirca
1528 2368 1607 2392 eum
1639 2356 1674 2392 iu
1706 2367 1770 2392 se-

171 2419 292 2452 natum
323 2415 395 2463 legi
427 2425 496 2451 non
529 2414 655 2460 liceat,
688 2415 793 2463 quiue
825 2415 938 2452 minor
970 2415 1067 2452 annis
1099 2415 1216 2460 XXX,
1249 2415 1407 2452 maiorue
1438 2425 1548 2451 annos
1580 2414 1639 2451 LX
1670 2418 1770 2450 natus

176 2473 283 2522 quiue
314 2472 348 2510 in
380 2473 503 2510 urbem
534 2473 701 2519 Romam,
733 2473 946 2523 propriusue
978 2474 1011 2509 V
1042 2473 1133 2510 milia
1174 2484 1340 2521 passuum
1370 2474 1494 2510 urbem
1524 2473 1669 2510 Romam
1700 2483 1771 2509 non

171 2531 336 2579 habitet,
367 2531 471 2580 quiue
516 2531 615 2577 eius,
650 2533 706 2580 qui
738 2533 771 2569 in
803 2537 927 2569 senatu
959 2532 1022 2578 sit,
1054 2532 1221 2577 fueritne,
1251 2536 1365 2580 pater,
1397 2533 1520 2578 frater,
1550 2531 1685 2568 fiiiusue
1714 2531 1771 2577 sit,

175 2590 284 2638 quiue
315 2595 413 2628 trans
445 2601 541 2627 mare
573 2590 649 2627 erit.
696 2591 793 2635 Quos
825 2591 978 2639 legerit,
1011 2602 1097 2637 eos,
1128 2595 1287 2638 patrem,
1316 2591 1464 2637 tribum,
1496 2600 1771 2638 cognomenque

175 2649 325 2686 iudicet.
387 2649 451 2694 Qui
477 2661 494 2685 a
528 2649 711 2696 Praetore,
742 2650 801 2697 qui
832 2649 925 2686 inter
954 2649 1167 2698 peregrinos
1198 2648 1251 2685 ius
1284 2649 1401 2696 dicet,
1442 2648 1492 2686 uti
1521 2648 1688 2698 scriptum
1719 2651 1774 2684 est

176 2718 226 2745 ex
257 2709 326 2746 hac
354 2708 439 2756 lege
471 2707 623 2744 CDLuiri
654 2708 687 2745 in
720 2720 798 2745 eum
830 2720 956 2746 annum
987 2707 1070 2745 lecti
1100 2712 1226 2755 erunt,
1256 2719 1297 2745 ea
1329 2707 1469 2746 nomina
1501 2707 1618 2745 omnia
1647 2707 1681 2744 in
1712 2709 1772 2743 tu-

316 2862 354 2907 1)
381 2864 536 2908 Sigonius
568 2864 601 2896 in
636 2865 746 2897 onmia
780 2864 845 2898 alia
879 2863 1006 2898 abierat
1037 2865 1082 2897 ita
1115 2864 1312 2897 restituens:
1346 2865 1374 2897 si
1405 2864 1431 2896 is
1460 2863 1638 2904 morietur,
1667 2871 1771 2905 prae-

176 2913 285 2945 tor...
309 2912 410 2945 alium
436 2912 467 2944 ei
490 2921 590 2955 quem
617 2912 777 2954 petiverit
802 2911 890 2944 dato.
918 2928 959 2933 —-
986 2907 1025 2952 2)
1050 2909 1149 2953 Apud
1176 2910 1347 2954 sigonium
1374 2909 1496 2943 desinit
1520 2908 1634 2942 tabula
1658 2909 1690 2941 in
1713 2907 1771 2949 V.;

177 2954 316 3011 Ursinus
339 2968 360 2992 e
384 2957 499 2993 tabula
523 2956 615 2993 addit
639 2956 769 2992 literam
796 2958 839 2992 M.
857 2956 1014 3002 Gottling.
1039 2956 1121 2990 nihil
1146 2957 1288 3002 amplius
1305 2958 1339 2991 in
1356 2955 1469 2991 tabula
1486 2956 1625 3000 invenit,
1650 2965 1773 3001 quain:

176 3013 324 3049 proprus-
