1877 3313
174 154 259 198 302
626 150 731 187 Inscr.
756 151 931 196 profanae.
983 150 1064 196 Cap.
1091 151 1130 186 11.
1178 152 1336 187 Tabulae.

372 281 558 317 Senatus
584 281 831 316 consultum
859 282 909 316 dc
935 281 1217 327 philosophis
1242 285 1283 316 e't
1308 282 1585 317 rhetoribus.

317 378 439 417 1698.
499 380 744 417 Servaverunt
784 378 976 416 Suetonius
1021 379 1072 416 De
1114 379 1216 416 claris
1259 380 1395 417 rhetor.
1439 392 1468 416 c.
1505 379 1540 417 1.
1571 383 1607 416 et
1648 379 1779 417 Gellius

173 440 274 476 Noct.
305 439 378 476 Att.
409 438 488 485 XV,
526 437 589 474 11.
641 438 679 475 In
711 439 961 476 collectionem
1004 438 1175 474 eiusmodi
1217 443 1525 476 monumentorum
1565 443 1780 488 receperunt

175 499 272 535 Fulv.
311 497 468 534 Ursinius
501 498 545 534 ad
577 497 836 546 Augustinum,
877 497 1039 534 Haubold
1082 498 1237 534 Menum.
1280 498 1351 544 leg.
1392 509 1426 546 p.
1461 498 1497 534 8.
1543 498 1669 545 Egger
1705 498 1778 535 Lat.

172 568 278 595 serm.
310 556 412 604 reliq.
445 568 477 605 p.
515 555 607 594 155.

311 635 351 677 C.
375 636 524 677 Fannio
547 634 754 689 Strabone,
785 636 836 676 M.
860 635 1018 678 Valerio
1040 635 1222 678 Messalla
1246 634 1482 677 Consulibus
1502 633 1554 690 ¹),
1586 635 1637 677 M.
1658 635 1779 677 Pom-

171 695 313 750 ponius
346 695 511 735 Praetor
541 700 720 736 senatum
752 695 960 736 consuluit.

314 764 430 814 Quod
462 765 584 806 verba
614 765 716 806 facta
748 769 842 806 sunt
874 764 924 805 de
954 765 1195 819 philosophis
1227 770 1267 806 et
1298 764 1348 806 de
1380 765 1620 817 rhetoribuS‚
1652 764 1703 806 de
1733 778 1782 807 ea

173 838 219 867 rc
260 824 312 866 ita
353 828 613 866 censuerunt:
654 829 696 865 ut
735 824 785 865 M.
828 824 1066 877 Pomponius
1104 825 1270 866 Praetor
1309 824 1664 877 animadverteret,
1705 837 1782 866 cu-

171 888 384 937 rar-etque,
426 883 480 925 uti
511 883 548 924 ei
579 896 602 924 e
634 895 680 924 re
710 882 866 937 publiea
906 883 1064 936 fideque
1104 896 1177 924 sua
1221 883 1426 925 videretur
1463 888 1504 925 ut
1544 883 1694 925 Romae
1729 895 1781 924 ne

173 947 321 985 essent.

516 1072 704 1106 Senatus
731 1071 977 1105 consultum
1005 1072 1055 1105 de
1082 1071 1225 1105 hastis
1252 1071 1442 1105 Martiis.

318 1168 440 1207 1699.
501 1169 563 1206 Est
595 1170 686 1218 apud
720 1168 866 1205 Gellium
897 1169 998 1205 Noet.
1031 1168 1105 1205 Att.
1137 1168 1199 1214 IV,
1234 1168 1271 1206 6.
1304 1167 1361 1216 qui
1393 1168 1486 1205 hanc
1516 1172 1658 1206 senatus
1687 1181 1781 1207 con-

177 1227 259 1266 sulti
290 1228 444 1265 faciendi
475 1229 702 1265 occasionem
734 1228 840 1264 fuisse
873 1232 1011 1264 narrat:
1047 1227 1118 1275 „Ut
1149 1231 1279 1263 terrain
1313 1226 1468 1264 movisse
1500 1227 1652 1265 nuntiari
1673 1229 1782 1275 solet,

176 1299 291 1335 eaque
322 1299 380 1324 res
413 1291 647 1336 procuratur,
690 1287 737 1323 ita
769 1286 803 1322 in
835 1286 1018 1323 veteribus
1061 1286 1238 1322 memoriis
1270 1285 1440 1334 scriptum
1471 1286 1646 1334 legimus,
1687 1299 1781 1324 nun-

176 1346 304 1384 ciatum
337 1358 419 1383 esse
458 1345 608 1392 senatui,
640 1345 673 1381 in
705 1345 860 1382 sacrario
893 1345 926 1381 in
960 1344 1060 1392 regia
1097 1346 1214 1381 hastas
1246 1345 1386 1381 Martias
1419 1345 1585 1382 movisse.
1615 1345 1698 1383 Eius
1730 1345 1782 1383 rei

176 1416 282 1442 causa
314 1409 456 1442 senatus
489 1405 686 1442 consultum
718 1404 848 1440 sactum
881 1408 935 1440 est
965 1403 1007 1440 M.
1030 1404 1201 1449 Antonio,
1232 1404 1274 1440 A.
1299 1404 1479 1441 Postumio
1502 1404 1603 1441 Coss.
1635 1405 1783 1453 eiusque

175 1464 374 1512 exemplum
417 1464 487 1500 hoc
530 1462 625 1500 est.“
677 1462 938 1509 Assignandum
982 1467 1036 1498 est
1077 1474 1169 1499 anno
1211 1474 1242 1498 u.
1275 1475 1305 1500 c.
1339 1462 1433 1500 654.
1477 1467 1558 1500 ante
1600 1464 1682 1501 Chr.
1715 1463 1782 1501 99.

169 1522 326 1560 Exhibet
357 1523 483 1571 Egger
514 1523 586 1559 Lat.
617 1533 720 1558 serm.
753 1522 854 1569 reliq.
887 1534 919 1570 p.
952 1517 1047 1559 253.

317 1601 433 1649 Quod
465 1601 504 1642 C.
536 1601 654 1643 lulius
697 1601 740 1641 L.
772 1601 814 1642 F.
847 1600 1031 1641 Pontifex
1074 1602 1285 1653 nuntiavit,
1326 1603 1364 1642 in
1396 1601 1571 1644 sacrario
1602 1601 1640 1642 in
1671 1602 1784 1656 regia

174 1659 305 1701 hastas
347 1660 506 1701 Martias
548 1660 747 1709 movisse,
787 1659 836 1700 de
869 1672 915 1700 ea
947 1672 992 1700 re
1024 1660 1074 1700 ita
1107 1666 1375 1712 censuerunt,
1417 1661 1473 1701 uti
1503 1661 1553 1702 M.
1586 1660 1782 1703 Antonius

174 1717 321 1759 Consul
362 1718 500 1760 hostiis
540 1719 756 1759 maioribus
797 1717 878 1759 lovi
922 1723 959 1758 et
1001 1718 1116 1759 Marti
1154 1724 1389 1772 procuraret
1429 1724 1471 1760 et
1508 1720 1654 1760 ceteris
1695 1719 1782 1772 diis,

172 1778 315 1829 quibus
347 1777 571 1829 videretur,
609 1775 822 1830 placandis.
870 1776 956 1817 Utei
987 1782 1265 1830 procurasset,
1297 1779 1392 1819 satis
1424 1777 1649 1819 habendum
1680 1791 1781 1820 cen-

169 1840 347 1879 suerunt.
399 1836 439 1879 Si
471 1835 563 1889 quid
594 1835 848 1878 succidaneis
880 1848 981 1889 opus
1013 1841 1145 1889 esset,
1175 1837 1297 1878 robus
1329 1836 1582 1879 succederet.

654 1977 851 2019 Quatuor
876 1983 1058 2011 senatus
1084 1976 1297 2012 Decreta.

317 2074 438 2112 1700.
499 2075 596 2112 Haec
627 2079 782 2123 quatuor
821 2079 964 2112 senatus
998 2075 1150 2112 Decreta
1192 2075 1268 2112 sive
1300 2075 1529 2113 auctoritates
1560 2085 1654 2113 anno
1685 2086 1718 2113 u.
1748 2087 1780 2113 c.

174 2133 255 2169 703
290 2138 371 2170 ante
403 2133 484 2170 Chr.
518 2135 572 2170 50
612 2134 829 2182 perscriptas
871 2134 1143 2171 communicavit
1183 2134 1325 2171 Coelius
1358 2135 1392 2171 in
1424 2134 1576 2182 epistola
1607 2146 1685 2171 cum
1717 2134 1780 2172 Ci-

171 2203 305 2229 cerone
338 2187 472 2243 (Epist.
505 2193 548 2229 ad
582 2193 718 2229 Divers.
751 2193 855 2239 VIII,
889 2188 950 2243 8).
1006 2193 1155 2229 Primum
1199 2193 1384 2230 decretum
1425 2198 1481 2230 est
1511 2193 1556 2230 de
1587 2192 1779 2241 provinciis

172 2251 441 2297 consularibus3
473 2251 619 2288 alterum
651 2251 788 2297 statuit,
820 2263 864 2288 ne
896 2251 972 2299 quis
1007 2262 1129 2288 eorum
1162 2252 1218 2298 qni
1252 2256 1467 2300 potestatem
1501 2252 1633 2288 habent
1663 2252 1779 2288 inter-

171 2309 349 2357 cedendi,
392 2321 526 2346 moram
558 2310 708 2347 afferant
740 2322 811 2358 quo
844 2310 954 2346 minus
987 2310 1031 2346 de
1064 2322 1104 2346 re
1135 2310 1274 2358 publica
1309 2310 1351 2346 ad
1385 2314 1545 2346 senatum
1578 2310 1779 2355 referatur,

171 2369 314 2405 tertium
345 2372 398 2404 est
431 2368 475 2404 de
508 2368 670 2405 militibus
703 2368 737 2405 in
769 2369 931 2405 exercitu
964 2368 1149 2410 Caesaris3
1181 2372 1343 2415 quartum
1377 2369 1421 2404 de
1453 2368 1644 2417 provinciis
1666 2380 1779 2418 prae-

171 2427 283 2464 toriis.
330 2427 478 2475 Recepit
519 2427 644 2474 Egger
685 2427 756 2464 Lat.
796 2439 899 2463 serm.
938 2427 1040 2475 reliq.
1071 2439 1105 2476 p.
1138 2426 1233 2464 289.
1266 2427 1324 2474 qui
1357 2438 1434 2463 cum
1466 2427 1513 2463 Le
1545 2427 1649 2464 Clerc
1682 2422 1779 2478 (Des

169 2485 352 2532 journaux
385 2485 448 2522 des
479 2485 644 2522 Romains
676 2498 711 2535 p.
745 2480 854 2537 208)
887 2497 932 2522 ex
968 2486 1067 2523 Actis
1099 2490 1241 2523 senatus
1273 2486 1384 2534 petita
1415 2485 1619 2522 arbitratur.

310 2563 337 2604 1.
369 2563 407 2606 S.
441 2565 483 2605 C.
509 2565 735 2606 auctoritas.
770 2564 897 2605 Pridie
929 2565 1005 2606 hal.
1039 2565 1179 2607 Octob.
1210 2566 1248 2606 in
1281 2564 1382 2605 aede
1414 2564 1620 2618 Apollinis.
1652 2564 1776 2607 Scrib.

172 2621 370 2664 affuerunt
391 2622 433 2663 L.
458 2623 650 2664 Domitius
673 2623 744 2664 Cn.
765 2623 806 2664 F.
829 2623 919 2664 Fab.
943 2623 1248 2675 Ahenobarbus,
1281 2624 1326 2672 Q.
1345 2623 1535 2665 Caecilius
1555 2623 1600 2672 Q.
1625 2623 1666 2664 F.
1684 2623 1778 2665 Fab.

176 2681 360 2722 Metellus
391 2681 482 2722 Pius
513 2682 658 2734 Scipio,
688 2681 732 2722 L.
755 2681 891 2722 Villius
915 2681 958 2722 L.
992 2682 1033 2723 F.
1067 2683 1172 2723 Pom.
1205 2682 1382 2733 Annalis,
1415 2681 1456 2722 C.
1488 2682 1699 2735 Septimius
1730 2682 1776 2723 T.

172 2738 197 2778 f.
222 2739 398 2789 Quirina,
430 2740 471 2780 C.
494 2739 688 2781 Lucceius
722 2740 764 2781 C.
788 2739 828 2780 F.
852 2740 944 2793 Pup.
976 2740 1128 2792 Hirrus,
1161 2740 1201 2781 C.
1230 2740 1459 2782 Scribonius
1492 2739 1533 2781 C.
1565 2740 1659 2794 Pop.
1692 2740 1777 2781 Cu-

177 2797 251 2851 rio,
273 2797 319 2840 A.
338 2797 492 2839 Atteius
509 2797 553 2840 L.
570 2797 611 2839 F.
644 2797 720 2840 An.
752 2797 902 2852 Capito,
932 2798 983 2840 M.
1005 2799 1152 2853 Eppius
1173 2799 1224 2841 M.
1245 2798 1286 2840 F.
1319 2799 1545 2840 Terentina.
1579 2798 1694 2847 Quod
1724 2797 1775 2840 Μ.

310 2958 347 3003 1)
373 2971 461 2996 anno
484 2972 518 2998 u.
542 2972 574 2999 c.
598 2961 680 2998 593.

1832 2800 1833 2803 ’
1855 2795 1859 2825 l
