1877 3313
166 168 252 212 298
617 165 722 201 Inscr.
745 166 917 212 profanae.
966 164 1048 211 Cap.
1073 164 1114 199 ΙΙ.
1164 164 1323 201 Tabulae.

166 277 262 316 sultis
294 287 370 314 nro.
401 275 513 313 XXV.
554 254 627 313 tum
657 275 829 313 Gruterus
860 277 963 313 Thes.
1004 288 1038 324 p.
1072 275 1166 313 328.
1223 275 1387 313 Haubold
1430 274 1581 314 Monum.
1620 277 1692 326 leg.
1731 289 1768 327 p.

170 335 263 373 163.
309 336 434 383 Egger
463 335 536 372 Lat.
567 346 672 371 serm.
704 335 805 383 reliq.
837 347 870 384 p.
904 334 998 371 325.

414 413 451 455 S.
484 414 507 455 l.
541 413 717 466 Cestius,
757 414 801 455 L.
841 415 1048 455 Petronius
1088 426 1134 455 ru
1278 426 1313 453 v.
1346 413 1372 454 f.
1405 412 1522 455 ludos
1553 414 1768 456 saecularis

166 477 259 528 post
300 472 482 526 complur
513 504 612 513 .....
644 485 750 527 p.p.
783 474 964 514 tribunic.
1006 477 1202 526 potestate
1243 471 1396 513 futuros
1439 485 1519 526 quo
1552 504 1660 514 .....
1704 475 1770 527 qui

165 533 281 573 etiam
322 531 427 585 quod
460 531 536 572 tale
575 532 775 585 spectacul
807 564 908 573 .....
941 544 960 573 s
995 532 1059 584 qui
1101 530 1275 572 nondum
1316 535 1407 572 sunt
1438 531 1603 574 maritali
1634 543 1654 573 s
1667 563 1768 574 .....

165 591 286 632 stituti
317 603 449 644 neque
481 590 581 631 ultra
614 603 730 644 quam
771 590 898 632 semel
929 590 995 631 ulli
1027 602 1089 631 mo
1103 621 1204 631 .....
1227 587 1262 644 ¹)
1304 591 1368 630 eni
1398 602 1430 631 s.
1463 588 1489 630 f.
1521 602 1552 630 s.
1585 595 1770 643 spectare

163 650 278 691 liceat
307 649 379 690 ieis
413 649 478 702 qui
518 648 610 704 lege
652 649 702 690 de
745 645 991 703 marita[ndis
1034 645 1328 703 ordinibus].²)
1363 661 1515 689 ....em
1547 647 1697 690 adfuer.
1730 653 1771 690 et

163 708 551 750 senatusconsultum
594 707 741 749 factum
781 713 931 748 est....
966 705 1208 762 [perti]nere
1249 706 1297 747 ad
1329 706 1641 750 conservandam
1679 720 1770 748 me-

163 767 328 808 moriam
370 771 502 807 tantae
543 763 659 821 r[ei].
695 764 750 821 [in
787 764 981 821 tabul]am
1024 778 1187 807 aeneam
1231 771 1269 806 et
1310 777 1569 807 marmoream
1609 766 1772 808 inscribi

165 839 185 868 s
199 857 300 867 .....
334 825 373 865 ni
417 838 452 878 q.
487 824 522 865 d.
555 839 589 866 e.
622 838 652 865 r.
686 825 710 865 f.
741 838 777 879 p.
811 825 847 866 d.
880 838 914 866 c.
948 839 980 866 r.
1011 826 1034 865 i.
1069 838 1102 865 c.
1145 825 1206 866 Uli
1248 837 1330 866 cos.
1363 838 1397 864 a.
1431 837 1465 866 a.
1499 837 1548 865 ve
1588 824 1770 866 adhi....

169 881 472 939 [m]armoream
501 884 540 924 in
572 885 715 937 quibus
747 884 1002 925 commentari
1027 915 1127 923 .....
1160 896 1197 937 p.
1230 883 1414 937 inperent
1446 884 1499 924 uti
1536 883 1771 938 redempto-

166 945 275 984 ribus
308 956 354 984 ea
381 974 484 984 .....
508 956 572 984 um
613 944 856 996 propositum
900 947 961 983 est
1001 942 1072 982 XV
1086 941 1144 982 vir
1311 954 1341 983 s.
1375 943 1697 984 existumavimus
1730 947 1772 984 ut

165 1013 304 1044 omnes
335 1002 386 1043 lib
401 1033 504 1043 .....
537 1002 561 1041 ii
593 1002 959 1055 coniugesque....

351 1152 382 1161 ..
415 1131 498 1161 cos.
532 1132 566 1159 ν.
600 1118 625 1158 f.
659 1118 708 1159 de
740 1119 864 1159 lucari
903 1117 1082 1159 ludorum
1122 1130 1265 1158 sa....
1299 1118 1440 1158 fierent
1470 1130 1507 1170 q.
1540 1117 1576 1158 d.
1610 1130 1646 1158 e.
1677 1130 1709 1158 r.
1742 1118 1770 1159 f.

163 1193 201 1233 p.
236 1177 271 1220 d.
303 1191 339 1218 e.
371 1191 403 1219 r.
436 1179 460 1218 i.
492 1190 525 1218 c.
559 1178 620 1218 Uti
652 1179 833 1230 quoniam
865 1182 931 1218 ant
1063 1176 1288 1217 saeculares
1310 1176 1449 1217 XVvir
1471 1188 1573 1217 sacr.
1597 1175 1769 1218 faciund.

163 1240 202 1278 in
233 1250 383 1279 summa
415 1238 686 1278 constitu
720 1248 820 1289 quos
852 1248 924 1290 pro
956 1236 1079 1276 salute
1112 1235 1290 1275 Caesaris
1322 1234 1506 1276 fecerunt
1526 1234 1670 1276 lucaris
1691 1247 1770 1276 no-

163 1297 267 1338 mine
299 1309 492 1338 cons....
524 1296 552 1335 it
584 1297 764 1348 inperent
795 1296 850 1336 uti
893 1307 978 1335 eam
1019 1295 1224 1347 pecuniam
1262 1293 1428 1334 dandam
1471 1293 1772 1335 adtribuendam

164 1388 173 1396 .
211 1385 243 1396 ..
276 1356 369 1396 inno
403 1355 445 1395 C.
478 1353 607 1396 Silano
641 1353 682 1394 C.
724 1354 868 1395 Furnio
910 1366 991 1394 cos.
1026 1366 1059 1393 a.
1094 1353 1128 1393 d.
1167 1352 1251 1393 Xlll
1291 1352 1365 1393 kal.
1410 1358 1522 1393 mart.
1564 1357 1769 1394 senat....

167 1411 446 1469 [sac]rificium
489 1412 693 1453 saeculare
734 1412 990 1462 locarentur,
1032 1412 1071 1452 in
1104 1424 1150 1452 ea
1189 1411 1310 1452 verba
1351 1423 1492 1464 qu....
1524 1411 1614 1453 ulla.
1657 1412 1769 1454 Scri-

165 1472 297 1514 bundo
329 1472 479 1514 adfuer.
512 1472 561 1513 M.
594 1471 725 1512 Iunius
756 1471 807 1512 M.
842 1470 867 1512 f.
901 1471 1157 1521 Si....inuS,
1191 1470 1230 1511 C.
1263 1470 1422 1511 Asinius
1454 1470 1524 1511 Cn.
1556 1469 1581 1511 f.

164 1645 200 1684 5.
232 1639 266 1677 3.
327 1638 528 1689 Appendioe
557 1640 679 1688 layum
711 1645 747 1676 et
777 1644 932 1676 senalus
960 1639 1208 1674 consultorum
1229 1638 1269 1674 in
1291 1636 1480 1674 codicibus
1503 1638 1768 1687 manuscriptis

418 1700 622 1747 separatim
653 1699 711 1735 rel
741 1698 846 1745 apud
877 1703 1022 1734 veteres
1054 1699 1255 1745 scriptores
1287 1702 1530 1734 serratorum.

445 1825 575 1870 Legis
602 1824 817 1858 Mamiliae
844 1835 953 1870 quae
979 1824 1144 1858 dicitur
1170 1824 1489 1869 fragmentum.

311 1934 432 1971 1696.
494 1934 589 1970 Inter
622 1945 848 1970 romanorum
881 1934 1162 1981 agrimensorum
1194 1933 1359 1981 reliquias
1392 1932 1630 1980 fragmentum
1652 1935 1770 1969 exstat

166 1993 257 2042 legis
279 2004 460 2039 romanae,
492 1993 589 2040 quod
621 1993 840 2029 inscribitur:
872 1993 944 2029 Lex
977 1992 1124 2028 Mamilia
1158 1993 1282 2029 Roscia
1315 1991 1477 2028 Peducea
1502 1991 1628 2028 Aliena
1651 1990 1770 2028 Fabia.

167 2053 225 2091 Ad
255 2053 376 2104 legem
409 2051 591 2089 Mamiliam
625 2052 740 2088 linium
774 2052 1015 2098 regundorum
1048 2051 1104 2087 vel
1135 2051 1176 2087 ad
1204 2052 1321 2098 legem
1345 2050 1529 2087 Mamiliam
1551 2050 1595 2086 de
1619 2048 1769 2087 coloniis

168 2111 372 2161 pertinere,
406 2111 599 2147 communis
633 2112 709 2146 fere
741 2111 925 2158 persuasio
959 2115 1058 2156 erat,
1099 2121 1213 2157 neque
1248 2114 1300 2145 tot
1332 2109 1510 2146 nominum
1540 2109 1771 2157 propriorum

172 2171 206 2207 in
237 2170 338 2206 titulo
369 2170 544 2206 rationem
577 2169 759 2216 quisquam
792 2169 973 2217 explicuit.
1019 2169 1089 2205 Sed
1123 2180 1212 2204 nunc
1244 2168 1384 2215 quidem
1416 2167 1587 2204 Rudorflii
1608 2166 1772 2204 doctrina

169 2233 205 2266 et
236 2227 395 2265 acumine
429 2229 473 2264 de
514 2228 598 2274 lege
629 2228 703 2275 ipsa
737 2228 882 2275 eiusque
925 2228 1026 2264 titulo
1069 2227 1197 2264 certius
1239 2231 1390 2263 constat.
1437 2221 1506 2277 (V.
1548 2225 1666 2262 Ueber
1711 2225 1770 2262 die

167 2291 393 2335 sogenannte
434 2287 494 2323 lex
531 2287 679 2322 Mamilia
723 2286 767 2322 de
808 2286 979 2332 coloniis3
1021 2286 1071 2322 in:
1115 2285 1275 2331 Savigny
1315 2284 1517 2321 Zeitschrift
1559 2285 1616 2320 fur
1646 2284 1770 2331 gesch.

166 2347 347 2383 Rechtsw.
379 2345 459 2381 Vol.
491 2345 550 2381 IV.
582 2357 615 2393 p.
649 2339 769 2396 379).
815 2346 868 2381 Ex
901 2345 974 2381 eius
1007 2345 1099 2381 enim
1129 2343 1304 2380 sententia
1337 2343 1574 2390 fragmentum
1603 2347 1656 2379 est
1679 2342 1769 2390 legis

166 2404 277 2442 Iuliae
307 2403 494 2451 agrariae,
534 2415 635 2451 quam
669 2403 789 2439 Gaium
822 2403 1036 2449 Caesarem,
1075 2403 1096 2440 i.
1130 2414 1159 2439 e.
1193 2402 1413 2449 Caligulam,
1443 2400 1565 2437 tulisse
1598 2401 1771 2438 docemur

166 2476 186 2500 a
217 2463 418 2500 Callistrato
460 2462 536 2498 iure
578 2462 745 2498 consulto
785 2462 817 2498 in
859 2462 1087 2509 Digestorum
1129 2461 1163 2497 L.
1196 2461 1231 2496 3.
1274 2472 1327 2509 pr.
1372 2460 1416 2496 de
1460 2458 1611 2496 termino
1654 2464 1769 2505 m0t03

166 2521 344 2559 nominum
376 2525 491 2557 autem
524 2521 556 2557 in
588 2521 687 2557 titulo
720 2522 875 2558 cumulus
907 2521 988 2557 inde
1021 2520 1209 2569 provenit,
1252 2519 1347 2567 quod
1380 2530 1424 2555 ex
1458 2517 1678 2555 collectione
1710 2518 1767 2555 le-

165 2592 250 2628 gum
282 2585 319 2616 ct
350 2580 738 2616 senatusconsultorum
781 2580 900 2616 similis
943 2579 1142 2626 argumenti
1175 2591 1194 2615 a
1226 2578 1395 2615 Frontino
1439 2576 1605 2615 confecta
1650 2577 1769 2613 titulus

164 2640 224 2676 ille
255 2638 494 2687 praescriptus
526 2637 671 2674 relictus
704 2642 782 2684 est,
824 2639 924 2684 leges
956 2643 992 2674 et
1022 2642 1162 2674 senatus
1195 2637 1355 2674 consulta
1386 2639 1531 2685 praeter
1572 2635 1643 2672 hoc
1675 2635 1769 2683 legis

167 2697 275 2735 Iuliae
307 2697 382 2734 sive
415 2696 566 2733 Gaianae
598 2697 836 2743 fragmentum
867 2696 1124 2733 interciderunt
1156 2696 1286 2733 omnia.

305 2755 521 2793 Ediderunt:
554 2754 749 2792 Hadrianus
782 2755 964 2792 Turnebus
996 2755 1031 2792 in
1059 2755 1275 2793 Auctoribus
1298 2753 1508 2802 legibusque
1529 2752 1583 2790 rei
1607 2751 1771 2801 agrariae

308 2928 346 2970 1)
372 2929 506 2963 Ursinus
531 2929 680 2973 supplet:
709 2929 903 2964 „wi-talium.
933 2947 972 2952 -—
1005 2928 1043 2972 2)
1069 2929 1259 2973 significari
1286 2928 1398 2973 legem
1424 2926 1466 2961 de
1491 2926 1688 2960 maritandis
1712 2936 1771 2960 or-

170 2974 305 3010 dinibus
330 2976 468 3012 Ursinus
494 2978 670 3012 existimat.
