1877 3313
107 170 192 213 442
620 164 723 201 Inscr.
747 165 901 211 poeticae
925 165 1087 211 profanae
1112 169 1176 200 etc.

239 275 359 312 1969.
420 270 607 325 Quisquis
638 276 739 313 amat
769 271 883 313 dictis
913 271 1118 312 absentem
1149 268 1296 312 rodere
1325 270 1456 322 vitam,

288 332 397 372 Hanc
417 343 593 371 mensam
613 332 771 372 vetitam
801 332 956 371 noverit
989 341 1080 371 esse
1111 329 1198 370 sibi.
1231 351 1286 357 ——
1317 331 1355 368 In
1383 343 1503 368 mensa
1534 331 1688 382 inscrip-

99 399 170 431 tum
201 392 400 440 Augustini.
432 393 629 439 Antholog.
660 392 720 429 lat.
750 393 934 428 Burmann.
965 391 1026 436 III,
1061 390 1153 427 144.
1184 386 1325 436 Meyer.
1356 401 1389 426 n.
1420 389 1516 427 275.

238 467 360 504 1970.
419 465 531 518 Rupe
561 465 634 506 sub
664 463 737 506 hac
768 478 867 518 vaga
896 463 1052 518 lympha
1083 463 1139 504 fui
1171 464 1256 504 sine
1285 463 1458 516 nomine,
1489 462 1562 504 sed
1589 475 1692 506 nunc

305 523 444 564 Rufina
473 536 497 563 e
529 522 673 566 domini
703 525 859 564 nomine
890 523 1047 576 lympha
1078 534 1214 563 vocor.

232 581 299 622 Ille
331 582 478 622 etenim
509 594 670 636 sparsos
700 582 838 623 latices
871 581 1032 634 collegit
1064 585 1103 620 et
1135 580 1258 621 undas

310 639 432 681 Auxit
463 645 503 681 ct
533 644 734 681 exstructo
765 639 918 680 fornice
951 640 1090 680 clausit
1119 651 1254 691 aquas.
1281 660 1336 667 -
1359 641 1413 678 Ex
1432 641 1691 679 Barnab.ll1at-

98 701 193 739 thaei
224 702 368 739 Memor.
397 701 522 738 histor.
554 701 660 748 antiq.
702 702 803 738 Tusc.
839 713 872 749 p.
919 700 969 736 19
1009 700 1044 736 in
1085 700 1246 736 Burman.
1286 700 1454 737 Thesaur.
1485 700 1561 737 Ital.
1593 701 1691 738 Tom.

96 761 187 797 VIII.
220 761 254 797 Ρ.
284 760 343 797 IV.
374 760 575 806 Antholog.
605 760 766 796 Burman.
798 759 962 796 Addend.
993 760 1090 795 Tom.
1122 759 1147 794 I.
1179 771 1215 806 p.
1249 758 1342 794 740.
1373 758 1511 805 Meyer.
1537 770 1569 795 n.
1595 759 1690 796 883.

97 819 312 856 Burmannus
344 818 464 856 addit:
494 818 578 855 licet
607 818 753 865 elegans
784 818 1000 866 epigramma
1022 817 1081 863 sit,
1113 817 1290 864 antiquum
1313 821 1429 853 tamen
1456 828 1536 854 esse
1557 817 1692 855 dubito.

159 893 281 932 1971.
339 891 482 932 Fausta
514 903 659 932 novum
691 890 836 932 domini
867 890 1043 932 condens
1074 890 1246 930 Fortuna
1276 889 1474 930 lavacrum

439 950 578 990 Invitat
607 949 737 990 fessos
769 949 845 989 liuc
874 960 1092 1002 properare
1123 949 1243 990 viros.

333 1007 467 1048 Laude
498 1008 629 1061 operis
659 1005 851 1062 fruitur¹)
884 1008 987 1060 capit
1018 1013 1057 1048 et
1088 1019 1158 1047 sua
1189 1005 1332 1060 gaudia
1362 1006 1532 1059 praesul,

442 1066 595 1119 Hospes
627 1065 810 1106 dulciflua
842 1065 933 1106 dum
965 1071 1170 1106 recreatur
1201 1077 1313 1117 aqua.

331 1122 544 1165 Condentis
576 1129 793 1165 monstrant
824 1136 964 1164 versus
995 1123 1208 1177 primordia
1222 1121 1263 1177 2)
1298 1135 1440 1163 nomen

439 1185 733 1235 Auctoremque
765 1182 856 1223 facit
886 1183 1017 1223 littera
1048 1183 1168 1235 prima
1198 1182 1290 1235 legi.

332 1240 517 1282 Lustrent
548 1241 747 1294 pontivagi
779 1241 937 1282 Cumani
968 1241 1091 1281 litoris
1124 1246 1256 1289 antra3

438 1298 650 1353 Indigenae
691 1299 871 1352 placeant
912 1300 999 1352 plus
1040 1298 1130 1339 mihi
1171 1298 1347 1339 deliciae.
1388 1319 1444 1327 —-
1484 1301 1514 1338 E
1552 1300 1690 1339 schedis

94 1360 299 1398 Salmasian.
332 1359 530 1407 Antholog.
562 1360 721 1397 Burman.
752 1361 812 1406 Ill,
844 1361 910 1397 43.
941 1361 1074 1407 Meyer.
1106 1372 1139 1397 n.
1171 1360 1265 1396 899.

235 1436 356 1473 1972.
416 1433 580 1474 Munera
611 1446 735 1487 parva
768 1433 925 1486 quidem
957 1434 1082 1486 pretio
1115 1432 1185 1474 sed
1217 1433 1433 1474 honoribus
1464 1432 1574 1474 alma.

230 1491 385 1533 Flavius
416 1493 556 1533 Petrus
588 1492 791 1534 Sableatus
822 1491 1058 1532 Iustinianus
1090 1492 1150 1532 vir
1180 1491 1354 1532 illustris.
1376 1493 1483 1531 —In
1505 1494 1689 1542 diptycho.

92 1552 199 1589 Millin
239 1553 393 1599 Voyage
436 1553 520 1589 dans
562 1553 596 1589 le
638 1553 720 1590 midi
752 1553 784 1589 d.
827 1553 849 1589 l.
880 1553 1024 1589 Franee.
1076 1553 1175 1589 Tom.
1214 1553 1241 1589 I.
1278 1564 1312 1600 p.
1356 1552 1450 1590 339.
1490 1552 1689 1601 Antholog.

91 1611 224 1658 Meyer.
256 1623 290 1648 n.
322 1611 416 1648 930.

154 1685 273 1724 1973.
335 1684 520 1737 Quisquis
551 1689 651 1725 amat
683 1684 837 1735 veniat,
879 1685 1034 1724 Benere
1065 1683 1156 1725 volo
1188 1683 1376 1738 frangere
1406 1687 1537 1725 costas

435 1743 618 1783 Fustibus
649 1747 689 1783 et
718 1743 871 1783 lumbos
911 1742 1111 1783 debilitare
1143 1741 1252 1782 deae.

330 1800 368 1841 Si
399 1805 558 1854 posteot
601 1800 664 1841 illa
698 1801 789 1840 mihi
820 1805 999 1841 tenerum
1030 1800 1270 1854 pertundere
1300 1804 1453 1853 pectus,

433 1859 523 1907 Qun
546 1871 622 1912 ego
645 1871 724 1899 non
751 1860 900 1912 possim
928 1865 1042 1911 caput
1071 1859 1168 1899 deae
1199 1859 1398 1911 frangere.
1415 1856 1455 1912 ³)
1490 1881 1544 1888 -—
1577 1862 1688 1899 Pom-

88 1918 189 1968 peiis,
221 1919 254 1958 in
280 1918 419 1968 pariete
450 1919 625 1956 basilicae.
657 1920 863 1967 Mommsen,
895 1920 1069 1957 RVelcker
1101 1919 1220 1956 Rhein.
1252 1921 1335 1957 Mus.
1371 1919 1491 1957 1847.
1525 1933 1559 1969 p.
1592 1920 1688 1958 451.

231 1994 354 2032 1974.
720 2024 1071 2034 .........

507 2051 615 2092 Haec
646 2056 725 2102 est,
757 2064 873 2105 quam
907 2052 1054 2092 coniux
1085 2051 1269 2093 condidit.

284 2109 407 2150 Parce
440 2121 539 2162 opus
571 2111 646 2151 boc
677 2111 847 2163 scriptor
879 2110 976 2151 tituli
1008 2109 1115 2162 quod
1145 2111 1314 2152 luctibus
1347 2114 1502 2164 urgent.

224 2167 288 2210 Sic
311 2181 333 2208 a
358 2173 424 2209 tua
447 2169 659 2210 Praetores
678 2181 800 2222 saepe
832 2181 969 2209 manus
1001 2167 1162 2209 referat.
1196 2192 1250 2197 —
1283 2172 1488 2210 Castellone
1510 2171 1544 2209 di
1565 2170 1685 2210 Gaeta.

88 2228 244 2276 Henzen,
275 2229 523 2277 Archaeolog.
555 2230 668 2278 Zeitg.
705 2229 825 2266 1346.
858 2242 892 2278 p.
927 2229 1020 2265 395.

229 2389 264 2433 1]
290 2392 338 2425 Ita
364 2402 405 2425 ex
430 2402 491 2432 ins,
519 2390 615 2425 Gudii
640 2391 830 2433 Lessingius
857 2392 888 2424 in
915 2390 998 2435 Opp.
1024 2390 1116 2424 Tom.
1141 2389 1231 2433 XIII,
1257 2402 1288 2435 p.
1308 2390 1387 2424 356.
1412 2402 1511 2436 quem
1535 2394 1684 2437 sequitur

88 2438 214 2481 Meyer.
237 2439 380 2480 Vulgata
406 2439 507 2471 lectio
534 2444 603 2471 est:
634 2438 729 2470 lande
758 2438 864 2481 operis
895 2438 994 2479 fundi
1018 2439 1125 2480 capiet
1148 2449 1207 2470 sua
1237 2437 1358 2480 yctmlz'a
1391 2438 1534 2482 praesul.
1567 2457 1611 2462 —
1645 2438 1683 2482 2)

88 2485 137 2518 Ex
162 2485 325 2518 hocloco
352 2491 468 2527 patere
504 2485 584 2518 dicit
617 2484 837 2525 Burmannus,
871 2494 993 2517 nomen
1027 2484 1113 2517 illius
1148 2486 1202 2528 qui
1237 2484 1355 2517 balnea
1381 2487 1598 2529 exstruxerit,
1628 2487 1683 2519 in-

84 2532 243 2575 scriptum
271 2531 424 2564 aedilicio
452 2532 568 2571 fuisse,
595 2536 696 2574 atque
719 2532 798 2574 quia
823 2542 934 2563 versus
956 2531 1141 2574 primordia
1158 2541 1280 2564 nomen
1300 2531 1480 2564 conditoris
1499 2539 1683 2566 monstrare

85 2577 150 2610 hoc
175 2578 250 2610 loco
276 2577 440 2617 dicantur,
466 2578 676 2610 conditorem
700 2577 812 2610 balnei
839 2577 998 2610 Faustum
1017 2582 1172 2610 vocatum
1191 2582 1294 2620 putat.
1320 2577 1572 2612 Wernsdoriius
1589 2580 1683 2612 Poet.

87 2625 166 2657 min.
192 2624 228 2657 T.
253 2625 292 2657 V.
318 2636 351 2668 p.
377 2625 396 2657 9
423 2624 525 2657 literis
550 2624 652 2657 tribus
677 2623 841 2667 prioribus
875 2625 1005 2667 primae
1029 2624 1125 2656 vocis
1150 2622 1273 2657 Fausta
1298 2633 1420 2657 nomen
1446 2624 1536 2658 Festi
1562 2626 1684 2659 Avieni

85 2672 226 2713 exprimi
251 2676 352 2714 alque
380 2670 548 2713 designari
575 2681 696 2714 aquam
722 2669 875 2703 Caesiam
902 2671 1054 2710 coniicit,
1087 2680 1172 2715 quae
1199 2681 1217 2702 a
1242 2669 1343 2702 Festo
1368 2670 1498 2703 Avieno
1524 2677 1683 2714 reparata

87 2722 121 2748 et
146 2717 255 2749 denuo
288 2716 425 2760 publico
459 2716 599 2760 publicis
630 2716 743 2749 usibus
778 2716 931 2748 dedicata
963 2718 1003 2749 sit
1028 2715 1077 2749 Cf.
1103 2716 1285 2759 Antholog.
1324 2716 1477 2749 Burman.
1505 2717 1530 2757 1,
1557 2718 1610 2750 79.
1639 2735 1679 2740 —

87 2761 124 2802 3]
151 2763 298 2806 Scriptor
325 2763 475 2796 scribere
501 2762 665 2796 debebat:
700 2764 728 2795 si
759 2763 846 2805 potis
880 2762 934 2796 illa
967 2762 1048 2795 mihi
1078 2768 1142 2796 etc.
1175 2768 1229 2796 et:
1260 2761 1329 2803 Qur
1362 2773 1428 2806 ego
1459 2774 1525 2797 non
1551 2765 1678 2808 possim

87 2807 242 2851 frangere
267 2820 363 2843 crura
389 2810 484 2843 deae.
521 2809 707 2843 Mommsen.
