1877 3313
655 157 688 198 §.
716 156 746 191 1.
792 155 898 203 Leges
922 161 957 192 et
979 156 1168 202 plebiscita.
1624 156 1712 200 275

103 262 196 304 nive
227 262 473 304 sentemtiam
505 261 585 303 ibei
615 261 750 302 dicere
784 260 944 304 ferreve
976 263 1093 304 sinito
1125 275 1180 305 sc.
1215 261 1251 304 d.
1284 274 1351 314 m.,
1382 273 1484 304 neve
1507 262 1597 316 quis
1625 264 1712 306 eius

103 322 296 362 rationem
328 321 521 362 comitieis
553 320 772 361 conciliove
803 326 977 362 creatum
1009 326 1070 362 est
1088 319 1149 375 ¹),
1186 321 1410 362 renuntiato
1421 334 1434 370 3
1473 334 1576 362 neve
1608 323 1712 376 quis,

105 381 197 432 quei
227 380 306 420 ibei
337 392 440 434 mag.
472 383 761 432 potestatemve
793 378 970 431 habebit,
1015 392 1103 421 eum
1136 393 1224 421 cum
1256 383 1397 421 senatu
1429 379 1714 422 decurionibus

106 437 342 491 conscriptis
358 435 400 492 2)
432 442 630 491 spectare,
661 438 778 478 neive
810 438 849 478 in
872 438 1054 480 convivio
1075 438 1234 492 publico
1260 450 1352 481 esse
1373 439 1500 480 sineto
1523 451 1580 481 sc.
1603 439 1639 482 d.
1660 452 1713 481 m.

811 507 862 549 Ca
892 513 934 549 ut
963 509 1012 549 X.

245 579 394 628 Quibus
426 579 462 620 h.
486 578 510 620 l.
533 580 572 620 in
594 578 806 632 municipio
830 520 983 620 coplonia
1006 579 1256 633 praefectura
1277 579 1367 622 foro
1390 578 1652 622 conciliabulo
1673 580 1714 621 in

104 638 271 679 sinatum
289 637 559 679 dicurionibus
578 637 839 689 conscripteis
862 649 953 679 esse
977 650 1056 679 non
1079 639 1223 691 licebit,
1242 640 1280 680 ni
1302 640 1389 693 quis
1411 651 1548 680 eorum
1567 640 1607 680 in
1623 651 1714 680 mu·-

104 697 248 749 nicipio
271 696 424 737 coionia
446 696 697 750 praefectura
719 695 810 736 foro
835 696 1094 737 conciliabulo
1112 697 1142 738 ΙΙ
1155 698 1226 738 vir.
1244 697 1305 739 1111
1318 699 1392 738 vir.
1408 697 1576 739 aliamve
1597 710 1715 751 quam

39 758 41 760 ’
104 759 366 809 potestatem,
410 767 463 795 ex
494 767 571 808 quo
605 754 759 796 honore
791 755 829 794 in
862 767 951 795 eum
983 755 1159 796 ordinem
1191 758 1417 810 perveniat,
1457 757 1581 810 petito
1611 768 1716 797 neve

105 815 258 867 capito,
289 826 392 854 neve
425 814 513 867 quis
546 825 683 854 eorum
716 812 867 864 Iudeis,
909 826 1047 854 cumve
1078 814 1320 868 gladiatores
1360 815 1440 856 ibei
1469 815 1714 868 pucnabunt‚

104 873 143 912 in
173 873 263 914 loco
294 872 497 913 senatorio
540 871 797 913 decurionum
837 873 1151 925 conscriptorum
1183 873 1336 926 sedito,
1375 885 1478 914 neve
1519 878 1714 929 spectato,

103 943 207 972 neve
239 931 464 972 convivium
496 931 698 983 publicum
730 931 762 970 is
779 927 819 984 ³)
853 931 972 982 inito,
1014 933 1130 972 neive
1161 933 1272 985 quis,
1315 933 1405 986 quei
1436 930 1630 974 adversus
1663 944 1713 973 ea

104 994 262 1030 creatus
293 990 543 1030 renuntiatus
575 990 673 1040 erit,
711 989 789 1029 ibei
819 987 920 1030 IIvir
949 988 1011 1030 1111
1024 990 1084 1030 vir
1113 994 1223 1042 esto,
1256 1004 1357 1033 neve
1388 990 1467 1031 ibei
1497 1004 1600 1047 mag.
1632 1003 1713 1046 po-

103 1052 338 1089 testatemve
370 1047 526 1089 habeto.
561 1045 691 1101 Qui4)
727 1047 920 1089 adversus
953 1060 999 1088 ea
1030 1047 1186 1100 fecerit,
1217 1050 1250 1090 is
1282 1049 1355 1092 HS.
1387 1049 1500 1093 1000
1532 1063 1569 1105 p.
1605 1049 1641 1092 d.
1675 1048 1714 1091 d.

105 1111 207 1160 esto,
238 1107 406 1160 eiusque
437 1108 646 1160 pecuniae,
677 1107 768 1160 quei
801 1107 919 1158 volet,
951 1107 1090 1160 petitio
1123 1113 1222 1149 esto.

834 1176 955 1229 Caput
985 1176 1050 1217 XI.

245 1248 355 1296 Quae
387 1248 598 1302 municipia
630 1247 813 1289 coloniae
843 1246 1122 1301 praefecturae
1144 1261 1176 1289 c,
1196 1261 1229 1290 r.
1261 1250 1300 1291 in
1320 1251 1430 1292 Italia
1460 1256 1553 1293 sunt
1584 1254 1714 1303 erunt,

105 1306 197 1360 quei
227 1306 266 1346 in
299 1308 356 1348 eis
389 1308 638 1360 municipieis
669 1306 848 1348 coloneis
879 1305 1166 1360 praefectureis
1207 1309 1416 1350 maximum
1446 1323 1549 1363 mag.
1583 1310 1715 1350 maxi-

105 1378 261 1406 mamve
292 1370 532 1418 potestatem
562 1365 642 1406 ibei
673 1361 899 1418 habebit5)‚
933 1369 1014 1406 tum
1047 1378 1136 1406 cum
1159 1378 1303 1408 censor
1326 1367 1477 1409 aliusve
1501 1369 1589 1421 quis
1610 1380 1714 1422 mag.

106 1507 226 1545 sinitio
256 1508 383 1553 sciens,
415 1507 501 1544 dolo
525 1507 631 1554 malo,
661 1519 753 1544 neve
785 1507 861 1555 quis
894 1506 970 1545 eius
1001 1507 1177 1545 rationem
1208 1509 1361 1547 comitiis
1395 1511 1598 1549 conciliove
1624 1511 1715 1559 (ha-

106 1567 213 1613 beto,
255 1561 411 1617 neve?]
457 1571 615 1603 creatum
647 1578 740 1613 esse,
772 1566 1004 1613 renunciato,
1035 1578 1129 1604 neve
1160 1568 1260 1615 quis,
1292 1568 1350 1617 qui
1381 1569 1429 1606 ibi
1461 1570 1711 1618 magistratum

110 1629 377 1673 potestatemve
409 1625 570 1671 habebit,
603 1636 682 1662 eum
714 1637 793 1662 cum
824 1630 961 1672 senatu,
993 1625 1256 1673 decurionibus,
1290 1628 1500 1679 conscriptis
1531 1633 1712 1678 spectare,

108 1695 201 1722 neve
231 1684 265 1722 in
297 1683 504 1722 convivivio
534 1684 679 1733 publico
712 1696 791 1722 esse
823 1684 928 1721 sinito
960 1684 1098 1733 sciens,
1130 1685 1216 1723 dolo
1249 1687 1354 1724 malo.

819 1754 932 1804 Caput
962 1755 1005 1792 X.

250 1826 383 1872 Quibus
415 1827 482 1864 hac
513 1826 596 1874 lege
628 1825 662 1863 in
694 1826 906 1874 municipio,
938 1826 1100 1874 colonia,
1131 1829 1374 1876 praefectura,
1405 1829 1501 1878 foro,
1533 1828 1710 1868 coucilia-

108 1886 208 1933 bulo‚
239 1886 272 1923 in
305 1889 442 1932 senatu,
475 1884 738 1931 decurionibus,
770 1885 980 1934 conscriptis
1012 1897 1091 1923 esse
1123 1898 1195 1924 non
1227 1888 1367 1935 licebit,
1398 1900 1443 1926 ne
1475 1889 1553 1938 quis
1585 1899 1711 1926 eorum

107 1945 141 1982 in
173 1944 388 1992 municipio,
420 1943 586 1990 colonia,
618 1944 869 1992 praefectura,
901 1944 1005 1991 toro,
1036 1945 1273 1983 conciliabulo
1306 1947 1586 1993 duumviratum,
1617 1958 1710 1995 qua-

109 2003 371 2049 tuorviratum,
411 2003 560 2039 aliamve
594 2014 697 2050 quam
738 2008 978 2051 potestatem,
1019 2016 1063 2040 ex
1096 2016 1166 2051 quo
1200 2006 1337 2041 honore
1370 2006 1404 2043 in
1436 2018 1514 2043 eum
1547 2006 1710 2043 ordinem

107 2061 315 2111 perveniat,
346 2061 482 2110 petito,
514 2072 606 2098 neve
638 2061 779 2109 capito,
809 2074 901 2099 neve
934 2061 1010 2109 quis
1041 2073 1165 2100 eorum
1196 2062 1298 2107 ludis,
1330 2072 1454 2098 curave
1485 2063 1709 2118 gleni-..tores

66 2121 70 2123 “
107 2120 157 2158 ibi
187 2121 411 2170 pugnabunt,
442 2120 476 2157 in
508 2120 591 2157 loco
623 2121 824 2166 senatorio,
857 2121 1094 2166 decurionum,
1125 2120 1408 2169 conscriptorum
1440 2119 1582 2166 sedete,
1615 2131 1707 2157 neve

107 2184 286 2228 spectato,
317 2190 409 2216 neve
442 2178 646 2216 convivium
676 2179 852 2227 publicum
884 2192 961 2217 cum
990 2180 1030 2217 iis
1061 2179 1162 2227 inito,
1192 2191 1284 2217 neve
1316 2179 1411 2226 quis,
1443 2178 1501 2225 qui
1534 2179 1706 2216 adversus

109 2250 152 2275 ea
184 2242 338 2284 creatus,
368 2237 588 2275 renuntiatus
621 2237 701 2284 erit,
733 2237 780 2274 ibi
813 2238 984 2284 duumvir,
1017 2239 1223 2287 quatuorvir
1255 2241 1356 2282 esto,
1384 2246 1476 2273 neve
1506 2236 1553 2275 ibi
1584 2237 1704 2284 magi-

108 2301 255 2334 stratum
296 2300 560 2345 potestatemve
591 2297 735 2333 habeto.
798 2297 864 2341 Qui
895 2297 1064 2334 adversus
1096 2309 1138 2334 ea
1169 2296 1309 2341 fecerit,
1340 2294 1366 2331 is
1394 2296 1582 2334 sestertios
1613 2297 1704 2338 Doo

108 2356 244 2405 populo
276 2355 363 2393 dare
396 2356 540 2394 damnas
573 2359 666 2402 esto,
697 2355 844 2404 eiusque
875 2355 1069 2404 pecuniae⁷
1100 2355 1160 2403 qui
1190 2355 1311 2401 volet,
1339 2351 1462 2400 petitio
1494 2360 1586 2393 esto.

810 2426 923 2475 Caput
955 2427 1013 2464 XI.

250 2497 350 2542 Quae
381 2496 594 2546 municipia,
625 2497 804 2544 coloniae,
836 2497 1085 2546 praefecturae
1116 2495 1243 2533 civium
1273 2496 1500 2533 Rciuanorum
1531 2495 1565 2533 in
1597 2496 1699 2534 Italia

109 2560 214 2602 sunt,
247 2560 375 2602 erunt,
407 2555 466 2603 qui
496 2556 531 2593 in
562 2555 604 2593 iis
635 2556 857 2604 municipiis,
897 2556 1068 2602 coloniis,
1106 2552 1328 2604 praerectuu's
1359 2553 1548 2591 maximum
1578 2556 1698 2604 magi-

109 2619 279 2661 stratum,
320 2614 556 2652 maximamve
595 2619 812 2663 potestatem
841 2614 890 2651 ibi
920 2613 1088 2662 habebit,
1127 2618 1200 2651 tum
1241 2622 1332 2663 quun
1364 2612 1524 2661 Censor,
1565 2614 1698 2653 aliusve

250 2774 286 2819 1]
312 2775 436 2811 Locum
460 2777 640 2811 manifesto
665 2788 781 2812 errore
813 2782 1007 2821 corruptum
1041 2776 1233 2811 Mazochius
1252 2781 1282 2806 ta
1308 2774 1472 2808 restituit:
1504 2785 1593 2811 neve
1618 2777 1694 2822 quis

113 2822 182 2855 eius
206 2825 371 2857 rationem
395 2826 558 2858 comitieis
583 2825 773 2858 conciliove
798 2823 943 2866 habeto,
968 2835 1054 2858 neve
1082 2815 1315 2867 ,‚creatusest“
1340 2822 1547 2856 renunciate.
1584 2839 1626 2846 —-
1653 2823 1691 2866 2)

112 2868 240 2904 Tabula
265 2871 401 2904 vitiose:
427 2872 635 2916 conscriptes.
671 2887 711 2891 —
746 2869 784 2912 3]
808 2869 977 2914 publicum
1002 2883 1076 2904 cum
1100 2872 1143 2903 iis
1166 2866 1296 2903 March.
1323 2867 1572 2903 emendandum
1597 2869 1690 2904 arhi-

112 2919 227 2950 tratur.
263 2916 301 2950 ln
326 2917 545 2963 sequentibus
569 2917 683 2952 verbis
707 2916 823 2951 tabula
855 2916 1036 2951 mendose:
1070 2914 1458 2951 creatum-enuntiatum.
1494 2934 1533 2941 —
1568 2914 1609 2960 4]
1634 2923 1691 2953 ta-

112 2959 209 2996 bula:
233 2963 317 3008 qm‘f.
341 2981 382 2989 —-
411 2962 449 3007 5)
474 2963 597 3000 habebit
619 2962 780 3009 Gouling.
803 2964 938 3000 Priores
960 2963 1040 2999 edd.
1063 2961 1191 2999 natabit.

83 3024 92 3033 1'
1382 3019 1479 3064 18a
