1877 3313
508 140 539 183 ς.
568 139 620 174 11.
671 138 819 175 Tabulae
843 142 1058 186 negotiorum
1083 142 1295 178 solemnium.
1623 145 1707 188 401

102 245 251 287 factum
283 243 423 298 fuerit,
455 245 564 299 quod
595 246 645 288 ad
676 247 888 302 collegium
921 250 1093 302 pertinet
1125 250 1291 303 Silvani,
1327 251 1360 292 is
1392 250 1504 293 locus
1535 258 1716 294 sacratus

102 305 372 346 restituetur.
400 336 410 346 .
438 306 561 358 ...pi
600 307 687 347 sine
728 307 806 349 ulla
848 309 1123 350 controversia
1166 310 1469 351 haec...ici..
1513 316 1617 353 sunt.
1660 332 1716 342 —-

102 367 237 404 Romae
268 366 302 403 in
336 366 454 415 cippo.
487 367 663 404 Cardinali
694 369 814 405 Iscriz.
847 369 952 406 Velit.
984 382 1018 418 p.
1052 370 1148 408 466.
1182 371 1276 409 Orel.
1304 372 1430 410 4947.
1470 372 1591 410 Eiusd.
1611 374 1716 412 Anat.

103 425 219 474 epigr.
249 437 284 475 p.
316 425 383 462 46.
444 426 637 463 Mommsen
670 428 723 464 De
756 428 895 476 Colleg.
928 440 962 477 p.
1000 428 1091 466 122.

246 513 368 551 1785.
431 511 756 566 Chirographum.

242 569 389 611 Ollaria
420 583 589 612 numero
618 577 802 624 quatuor,
835 573 1030 613 cineraria
1053 574 1333 628 quinquaginta
1356 576 1443 627 tria,
1475 576 1713 619 intrantibus

100 634 214 684 parte
246 629 380 681 laeva,
423 641 526 682 quae
569 634 662 670 sunt
699 631 737 671 in
771 636 1026 673 monumento
1058 632 1101 672 T.
1134 633 1257 674 Flavii
1299 634 1564 687 Artemidori,
1608 636 1715 689 quod

82 693 165 730 >est
196 688 259 729 via
289 687 437 730 Salaria
478 689 517 728 in
550 701 649 743 agro
681 689 817 730 Volusi
849 690 1064 741 Basilides,
1104 690 1330 746 lentitius&
1373 694 1420 734 ab
1463 694 1561 735 urbe
1601 699 1714 748 parte

103 747 275 798 sinistra,
307 746 532 789 donationis
566 760 685 789 causa
718 750 914 802 mancipio
947 750 1100 803 accepit
1132 750 1182 791 M.
1206 750 1429 793 Herennius
1450 752 1640 806 Agricola
1663 753 1712 793 de

101 807 189 848 Tito
223 806 358 847 Flavio
389 806 645 848 Artemidoro
677 809 866 849 sestertio
899 821 1060 850 nummo
1093 822 1187 860 uno,
1219 810 1436 863 libripende
1467 811 1518 852 M.
1550 812 1710 853 Heren-

100 867 168 908 nio
199 864 332 915 lus103
364 869 584 907 antestatus
617 871 679 906 est
709 867 910 908 Tiberium
942 867 1079 908 Iulium
1111 868 1270 910 Erotem
1288 867 1353 924 ἧς
1395 871 1515 923 inque
1547 884 1713 912 vacuam

99 925 399 978 possessionem
431 938 568 966 earum
601 925 764 966 ollarum
797 931 837 967 ct
868 927 1152 968 cinerariorum
1185 928 1225 969 F.
1250 928 1404 969 Flavius
1432 930 1712 972 Artemidorus

99 984 300 1026 Herennio
331 982 548 1038 Agricolae
579 985 639 1025 ire
672 989 738 1025 aut
770 986 949 1036 mittere,
992 998 1164 1040 ossaque
1204 986 1354 1028 inferre
1385 989 1587 1041 permisit,
1619 1002 1712 1030 sac-

101 1055 272 1096 rumque
305 1044 491 1096 quotiens
523 1042 657 1084 facere
704 1043 811 1084 vellit
852 1044 1075 1086 Herennius
1116 1045 1305 1100 Agricola
1347 1047 1570 1088 heredesve
1611 1049 1712 1099 eius,

99 1102 290 1156 permisit,
321 1101 499 1143 clavisve
531 1103 616 1143 eius
647 1104 889 1144 monumenti
920 1108 1158 1156 potestatem
1188 1105 1382 1146 facturum
1414 1118 1459 1146 se
1491 1106 1600 1158 dixit,
1632 1107 1712 1148 do-

98 1164 261 1215 lumque
293 1161 436 1202 malum
469 1161 559 1202 huic
591 1163 651 1202 rei
682 1162 826 1202 abesse
858 1161 1151 1216 afuturumque.
1190 1164 1253 1205 Sic
1285 1164 1385 1205 haec
1415 1170 1525 1205 recte
1541 1162 1579 1218 3)
1614 1165 1712 1216 dari,

98 1221 206 1273 fieri,
250 1221 522 1273 praestarique
564 1220 771 1273 stipulatus
815 1226 875 1261 est
906 1221 957 1262 M.
989 1222 1211 1263 Herennius
1243 1222 1458 1277 Agricola,
1500 1224 1713 1278 spopondit

99 1280 209 1322 Titus
239 1279 397 1321 Flavius
428 1279 720 1320 Artemidorus.

239 1338 380 1379 Actum
412 1338 543 1379 XVIll.
577 1338 772 1380 Kalendas
803 1339 972 1380 Ianuarii
1004 1339 1044 1380 C.
1078 1339 1288 1393 Calpurnio
1320 1340 1486 1393 Flacco,
1527 1341 1569 1382 L.
1604 1342 1709 1383 Tre-

97 1399 163 1441 bio
197 1397 396 1440 Germano
428 1395 516 1438 Cos.
532 1394 573 1450 ⁴)
610 1421 663 1425 —
696 1400 774 1436 Hoc
813 1400 1080 1437 instrumentum
1115 1401 1317 1438 donationis
1350 1402 1459 1439 Flavii
1491 1402 1712 1441 Artemidori

97 1465 279 1509 repertum
311 1464 366 1496 est
396 1470 513 1508 prope
545 1459 690 1495 Romam
732 1459 767 1495 in
800 1459 905 1508 cippo
938 1471 1141 1498 marmoreo
1184 1460 1256 1496 Diis
1288 1461 1445 1497 Manibus
1487 1461 1595 1498 Marci
1627 1462 1705 1499 He-

102 1520 215 1556 reuuii
258 1518 355 1555 Proti
401 1530 419 1554 a
461 1518 667 1566 parentibus
700 1517 882 1556 Herennio
917 1518 1087 1565 Agricola
1121 1524 1156 1556 et
1188 1519 1366 1556 Herennia
1398 1520 1525 1557 Laieua
1565 1521 1711 1570 posito,

98 1583 228 1626 postea
270 1577 303 1614 in
336 1577 502 1625 Aug-liam
547 1577 765 1614 translatum.
799 1577 864 1624 V.,
895 1578 1159 1626 Philosophical
1201 1579 1453 1616 Transactions
1495 1591 1551 1616 au.
1588 1580 1711 1617 1736.

94 1639 192 1675 Tom.
222 1636 381 1674 XXXIX.
423 1649 456 1684 p.
492 1635 665 1684 211sqq.
716 1637 884 1673 illurator.
925 1637 1023 1674 Tom.
1067 1637 1092 1673 I.
1133 1650 1166 1686 p.
1211 1638 1291 1674 337
1336 1643 1372 1675 et
1412 1651 1448 1686 p.
1489 1638 1585 1678 439.
1627 1639 1710 1676 Chr.

93 1696 190 1734 Saxii
232 1696 435 1733 Observatt.
476 1695 521 1732 ad
554 1700 658 1732 vetus
697 1695 985 1744 chirographum.
1033 1696 1185 1734 Traiect.
1222 1698 1268 1734 ad
1300 1698 1360 1735 Rh.
1398 1697 1520 1736 1757.
1582 1698 1708 1747 Span-

92 1756 259 1803 genberg
290 1755 375 1792 Tab.
406 1767 440 1803 p.
477 1753 568 1791 153.
602 1754 698 1792 Orel.
731 1754 856 1791 4358.

239 1843 360 1880 1786.
422 1840 462 1881 Ρ.
495 1839 634 1882 Aelius
666 1838 856 1882 Chrestus
896 1846 936 1882 et
968 1841 1150 1883 Cornelia
1181 1841 1299 1884 Paula
1339 1842 1416 1884 hoc
1446 1842 1599 1885 scalare
1631 1842 1708 1884 ad·-

91 1899 267 1954 plicitum
308 1899 398 1941 huic
439 1899 646 1952 sepulcro,
689 1900 798 1952 quod
840 1905 1020 1941 emerunt
1053 1914 1074 1941 a
1105 1900 1228 1954 fiseo,
1270 1906 1415 1956 agente
1454 1901 1707 1957 Agathonico

90 1960 204 2001 Proc.
237 1958 370 2013 Augg.
402 1955 540 2012 NN.³)
576 1958 682 2011 quod
716 1959 833 2000 habet
863 1960 1061 2001 scribtura
1091 1959 1194 2001 infra
1226 1961 1386 2001 scribta.

231 2017 425 2059 Gentiano
458 2023 497 2058 et
528 2017 650 2059 Casso
684 2017 796 2059 Coss.
814 2015 854 2073 ⁶)
888 2018 963 2059 Vll.
996 2018 1078 2058 Kal.
1122 2019 1217 2072 Apr.
1251 2018 1440 2061 Martialis
1471 2025 1609 2075 Augg.
1641 2019 1706 2061 lib.

90 2074 264 2132 Prox.⁷)
298 2077 479 2118 Tabular.
513 2077 668 2127 scribsi,
699 2090 762 2118 me
794 2078 999 2130 accepisse
1031 2077 1079 2118 ab
1110 2077 1196 2118 Aet.
1230 2077 1397 2119 Chresto
1430 2091 1503 2131 pro
1522 2078 1704 2132 podismo

90 2136 322 2179 structionis
355 2135 520 2177 scalaris
553 2135 660 2188 quod
693 2141 754 2176 est
785 2137 848 2176 via
881 2136 1055 2177 Ostiensi
1084 2141 1197 2189 parte
1229 2136 1341 2177 laeva
1373 2137 1476 2178 inter
1508 2137 1585 2178 mil.
1617 2138 1632 2178 1
1663 2142 1703 2178 et

91 2194 135 2236 11.
169 2194 275 2249 quod
307 2194 545 2236 conductum
577 2194 696 2236 habet
727 2195 976 2248 Sulpicianus
1008 2208 1031 2234 e
1062 2195 1176 2236 bonis
1218 2195 1424 2236 Aeliorum
1458 2195 1633 2237 Onesimi
1665 2201 1706 2237 et

88 2253 220 2296 Fortis
249 2255 288 2295 in
319 2253 493 2309 praediis
523 2253 826 2305 Amarantianis,
859 2253 1077 2295 secundnm
1108 2254 1451 2295 renunciationem
1473 2267 1705 2296 mensorum

90 2325 163 2366 pro
201 2325 320 2355 areae
350 2310 484 2367 pid.8]
524 2312 563 2355 S.
598 2313 637 2358 ff,
672 2313 708 2355 S.
723 2310 764 2368 9)
808 2335 862 2343 ··—
895 2316 1039 2353 Romae.
1080 2315 1109 2352 E
1141 2315 1284 2353 schedis
1316 2316 1464 2354 Piccart.
1496 2317 1623 2354 Reines
1665 2329 1702 2365 p.

19 2362 28 2418 11
90 2374 185 2412 486.
215 2374 331 2412 Manet
365 2375 469 2412 istor.
503 2374 589 2425 dipl.
620 2387 655 2424 p.
688 2374 755 2412 43.

229 2537 266 2582 1)
290 2538 429 2573 ientibus
453 2549 528 2582 pro:
559 2538 711 2572 euntibus.
741 2555 780 2560 -
809 2536 847 2580 2)
873 2537 1112 2582 Subintellige:
1144 2543 1330 2572 antestatus
1357 2545 1409 2572 est
1433 2550 1480 2573 sc.
1505 2538 1694 2573 Herennius

17 2591 23 2606 t
89 2584 250 2628 Agricola
275 2586 345 2620 Tib.
370 2586 487 2620 Iulium
512 2586 670 2627 Erotem3
696 2591 752 2619 aut
778 2585 880 2626 lege:
902 2590 1086 2618 antestatus
1111 2591 1163 2619 est
1189 2585 1259 2619 Tib.
1278 2586 1382 2619 Iulius
1399 2586 1497 2620 Eros.
1520 2586 1698 2630 Spanyen-

29 2653 31 2660 ι
88 2631 171 2677 bery.
198 2651 239 2656 —
267 2633 305 2675 3)
332 2633 431 2676 Apud
457 2633 717 2677 Spangenberg.
744 2632 787 2664 Se
810 2631 873 2665 Ιιιιε
898 2644 934 2665 re
959 2632 1035 2665 clari
1060 2638 1118 2665 etc.
1141 2633 1281 2673 vitiose3
1309 2639 1360 2667 est
1377 2633 1518 2666 formula
1537 2633 1699 2668 solennis.

18 2691 23 2722 1
90 2689 176 2724 quae
200 2681 234 2714 in
259 2681 449 2714 donationis
474 2682 694 2714 instrumento
721 2679 843 2712 statiae
862 2679 974 2712 Irenes
992 2690 1091 2723 supra
1109 2690 1132 2712 n
1153 2678 1253 2714 1780.
1271 2681 1315 2712 ita
1340 2680 1530 2724 profertur:
1555 2679 1635 2713 haec
1651 2681 1701 2713 sic

0 2734 2 2743 ·
29 2743 31 2773 3
89 2731 175 2759 recle
198 2727 272 2761 dari
297 2733 355 2761 etc.
392 2727 551 2761 Huschke
577 2725 702 2768 (Flavii
728 2725 911 2769 Syntrophi
935 2728 1147 2759 instrument.
1165 2737 1197 2768 p.
1217 2726 1254 2768 4)
1282 2729 1431 2760 coniicit:
1457 2727 1699 2771 ciffum-umque

92 2782 165 2805 esse.
191 2774 283 2807 Haec
308 2781 367 2808 ecc.
383 2772 481 2814 -4)
506 2785 614 2807 annus
638 2773 813 2806 consulum
838 2772 1055 2806 suffectorum
1080 2775 1228 2814 ignotus.
1253 2791 1293 2796 —
1312 2772 1349 2815 5)
1376 2773 1599 2807 Procuratore
1623 2773 1700 2808 Au-

94 2824 267 2862 gustorum
292 2827 482 2855 nostrorum
509 2820 547 2863 (i.
573 2831 603 2854 e.
630 2821 782 2864 Septimii
808 2819 925 2853 Severi
959 2826 993 2854 et
1017 2820 1190 2863 filiorum).
1226 2837 1267 2843 ——
1302 2819 1340 2862 ὃ)
1367 2832 1395 2853 a.
1422 2832 1453 2854 u.
1479 2821 1557 2855 964.
1586 2838 1625 2843 —
1658 2818 1698 2862 7)

90 2863 289 2909 legendum:
314 2868 408 2902 Proc.
434 2870 453 2902 i.
480 2879 510 2902 e.
536 2867 740 2901 Procurator
764 2866 963 2909 tabularius;
997 2873 1053 2901 aut
1075 2867 1287 2901 retinendum
1312 2878 1408 2910 prox.
1433 2874 1470 2901 ut
1493 2869 1553 2901 sit:
1576 2869 1700 2913 proxi-

1 2933 3 2940 ·
29 2914 33 2939 t
97 2923 169 2945 mus
192 2913 367 2948 tabularius
391 2915 449 2949 vel
471 2915 642 2959 proximus
666 2926 689 2947 α
712 2913 884 2948 tabulario.
910 2932 954 2936 —
980 2913 1019 2956 8)
1046 2914 1217 2948 Reinesius
1243 2914 1404 2958 explicat:
1428 2925 1490 2960 pro
1513 2926 1613 2949 areae
1634 2926 1697 2960 pe-

32 2959 33 2965 ’
90 2957 231 3000 ἀιιιιινα,·
254 2960 364 2995 Maffei
381 2963 504 3007 accipit
527 2972 589 3007 pro
612 2967 694 2997 nota
718 2961 844 3007 pedum
867 2961 1086 2997 venditorum
1112 2959 1182 3005 (P.)
1209 2962 1326 2997 addito
1352 2972 1506 2997 numero.
1532 2979 1573 2985 —-
1600 2962 1696 3006 9)111

150 3016 228 3049 Zeu,
246 3018 369 3052 inscripti.
387 3020 505 3048 delectus.
1428 3020 1485 3064 26
