1877 3313
719 133 749 175 §.
779 132 809 168 1.
855 133 893 168 In
917 132 1011 167 urbe.
1590 129 1673 172 139

68 242 213 293 potest.
243 237 306 280 vl.
326 236 417 280 Cos.
439 238 602 281 Procos.
626 238 824 281 incendio.
847 243 1117 292 consumptam
1137 238 1408 280 restituerunt.
1439 257 1496 266 —-
1528 237 1675 285 Romae,

69 300 102 337 in
133 300 274 349 porticu
307 300 487 338 Octaviae.
533 301 675 338 Ptatner
705 301 846 338 Beschr.
878 301 916 337 R.
947 301 1006 337 111.
1040 300 1075 337 3.
1107 313 1142 349 p
1173 301 1270 337 466.

213 375 334 413 1209.
395 373 488 428 lmp.
522 374 634 415 Caes.
669 373 794 415 Lucio
825 373 1011 427 Septimio
1044 373 1094 414 M.
1127 373 1176 413 fil.
1210 374 1361 415 Severo
1391 371 1460 412 Pio
1481 369 1677 411 Pertinaci

68 430 174 486 Aug.
204 431 309 472 Patri
338 433 502 485 patriae,
534 432 714 473 Parthico
736 432 908 473 Arabico
936 436 975 472 et
999 431 1178 472 Parthico
1210 430 1469 480 Adiabenico,
1499 427 1676 469 Pontific.

69 490 262 540 maximo,
306 491 506 532 Tribunic.
547 496 691 544 potest.
735 490 801 531 XI.
843 490 936 543 Imp.
969 490 1034 531 XI.
1067 490 1156 531 Cos
1188 489 1244 530 lll.
1267 488 1300 544 ¹)
1333 489 1480 530 Procos
1513 491 1552 528 et
1581 486 1676 539 Imp.

69 548 181 589 Caes.
223 521 273 590 Μ.
309 548 474 589 Aurelio
515 549 558 589 L.
591 549 641 590 fil.
672 549 873 590 Antonino
908 548 1011 602 Aug.
1053 549 1120 589 Pio
1159 549 1276 589 Felici
1307 547 1502 588 Tribunic.
1534 549 1678 598 potest.

68 607 118 647 VI
149 606 240 647 Cos.
272 607 434 647 Procos.
468 608 508 647 P.
540 608 581 647 P.
615 608 769 660 optimis
801 606 1106 660 fortissimisque
1140 606 1379 660 principibus
1411 605 1461 646 ob
1488 616 1573 644 rem
1595 615 1674 656 pu-

68 665 206 706 blicam
237 666 473 717 restitutam,
506 665 794 718 imperiumque
826 666 957 719 populi
990 666 1140 707 romani
1172 669 1431 719 propagatum
1457 663 1674 717 insignibus

65 724 277 764 virtutibus
310 735 449 765 eorum
482 723 585 765 domi
617 723 794 777 forisque
825 724 863 765 S.
897 725 937 764 P.
971 724 1015 772 Q.
1048 724 1093 765 R.
1137 748 1192 753 --
1233 727 1364 762 Romae
1394 725 1430 762 in
1461 736 1546 762 arcu
1576 724 1673 772 Sep-

68 784 154 821 timii
183 784 322 821 Severi.
369 785 466 821 Grut.
498 798 532 833 p.
566 785 662 822 265.
708 786 817 822 Morc.
849 785 925 822 Stil.
957 785 1160 822 LXXXXV.
1208 785 1301 821 Orel.
1334 783 1428 821 912.

213 859 334 898 1210.
394 858 488 911 Imp.
520 857 632 899 Caes.
665 858 708 899 L.
738 858 926 912 Septimio
955 859 1105 900 Severo
1135 858 1202 898 Pio
1226 857 1420 898 Pertinaci
1441 855 1544 909 Aug.
1567 853 1675 896 Ara-

0 920 1 950 ἒ
67 916 145 958 bic.
187 915 418 957 Adiabenic.
459 917 625 958 Parthic.
679 916 783 957 Max.
825 917 1057 958 Fortissimo
1103 917 1345 957 Felicissimo
1385 914 1529 956 Pontif.
1571 927 1674 955 max.

69 975 173 1027 Trib.
205 979 351 1028 potest.
384 974 465 1016 ΧΗ.
497 975 590 1028 Imp.
624 975 687 1015 XI.
721 975 811 1017 Cos.
845 972 962 1030 111.2)
996 976 1098 1016 Patri
1129 976 1277 1028 patriae
1309 979 1348 1015 et
1369 975 1462 1027 Imp.
1486 973 1600 1014 Caes.
1624 973 1675 1014 M.

0 1043 2 1057 '
67 1033 234 1075 Aurelio
266 1033 470 1074 Antonino
501 1035 569 1076 Pio
600 1034 721 1074 Felici
752 1034 857 1087 Aug.
900 1034 1006 1075 Trib.
1038 1038 1184 1086 potest.
1217 1033 1304 1074 Cos.
1336 1033 1394 1074 III.
1428 1033 1468 1073 P.
1499 1032 1539 1073 P.
1571 1032 1675 1072 Pro-

67 1103 152 1134 cos.
184 1091 402 1134 fortissimo
433 1092 745 1145 felicissimoque
776 1093 946 1145 Principi
977 1097 1016 1133 et
1045 1093 1164 1132 Iuliae
1189 1092 1292 1142 Aug.
1320 1092 1431 1132 matri
1453 1089 1556 1144 Aug.
1575 1092 1622 1133 N.
1637 1087 1677 1144 3]

70 1155 112 1191 et
142 1155 362 1192 castrorum
396 1155 435 1192 et
467 1155 630 1192 senatus
661 1156 702 1191 et
732 1152 881 1204 patriae
914 1155 952 1191 et
982 1151 1076 1204 Imp.
1109 1150 1222 1191 Caes.
1256 1150 1308 1190 M.
1331 1149 1466 1190 Aureli
1487 1149 1677 1192 Antonini

67 1208 126 1251 Pii
153 1209 296 1250 Felicis
327 1209 432 1264 Aug.
464 1210 632 1250 Parthici
662 1210 820 1251 Maximi
850 1209 1062 1250 Britannici
1093 1208 1253 1249 Maximi
1286 1207 1497 1263 argentarii
1528 1212 1568 1247 et
1599 1220 1677 1248 ne—

67 1267 267 1322 gotiantes
298 1268 423 1309 boarii
453 1268 570 1309 huius
602 1268 680 1309 loci
712 1268 778 1320 qui
808 1267 996 1308 invehent
1020 1267 1154 1309 devoti
1174 1267 1322 1307 numini
1343 1279 1482 1307 eorum
1514 1288 1570 1295 —
1602 1269 1679 1305 Ro-

69 1340 159 1367 mae.
189 1329 228 1365 Iu
252 1329 378 1366 minori
401 1341 485 1366 arcu
505 1328 666 1378 Septimii
687 1328 815 1365 Severi
837 1329 871 1365 in
891 1329 974 1365 foro
995 1326 1134 1366 boario.
1167 1328 1262 1365 Grut.
1284 1340 1318 1376 p.
1337 1327 1432 1364 526.
1464 1327 1560 1364 Orel.
1579 1326 1676 1364 913.

214 1404 336 1442 1211.
396 1402 575 1444 Gallieno
608 1401 913 1443 clementissimo
944 1401 1127 1454 Principi.
1150 1401 1264 1442 cuius
1286 1401 1430 1441 invicta
1451 1401 1574 1442 virtus
1595 1401 1681 1442 sola

0 1499 1 1520 ζ
70 1461 216 1515 pietate
246 1465 432 1514 superata
462 1466 526 1502 est
557 1465 596 1500 et
626 1460 833 1502 Saloninae
864 1460 1136 1502 sanctissimae
1167 1459 1270 1514 Aug.
1301 1459 1353 1500 M.
1373 1459 1560 1501 Aurelius
1581 1460 1680 1501 Vic-

0 1522 1 1561 }
69 1524 134 1561 tor
164 1520 478 1561 dedicatissimus
519 1520 664 1561 numini
707 1520 981 1572 maiestatique
1012 1531 1162 1560 eorum.
1202 1542 1258 1549 -2
1297 1521 1439 1558 Romae.
1490 1521 1679 1570 Inscriptio

0 1628 2 1635 .
69 1592 172 1618 arcus
204 1580 366 1618 Gallieni.
399 1581 497 1618 Grut.
527 1593 562 1629 p.
594 1580 691 1618 274.
738 1581 834 1618 Orel.
870 1579 992 1617 1007.

211 1657 333 1694 1212.
394 1654 486 1708 lmp.
529 1655 643 1696 Caes.
682 1656 734 1696 M.
779 1655 907 1722 Opelli
949 1654 1090 1697 Severi
1131 1653 1295 1695 Macrini
1326 1652 1430 1708 Aug.
1463 1652 1515 1694 Μ.
1549 1653 1680 1708 Opelli

67 1706 208 1756 severi
237 1713 536 1754 Diadumeniani
569 1714 682 1755 Caes.
716 1714 818 1754 Prin.
841 1714 892 1754 iu.
908 1711 949 1768 4)
983 1713 1122 1754 castris
1145 1713 1320 1767 praetori
1343 1713 1556 1754 Terentius
1578 1712 1680 1754 Cas-

66 1772 214 1814 sander
244 1771 349 1813 fecit.
383 1795 440 1802 —-
472 1776 571 1812 Rom.
602 1775 636 1812 in
668 1776 894 1823 aquaeductu
925 1779 1125 1812 castrorum
1149 1774 1424 1823 praetoriorum.
1465 1774 1610 1812 Nardin.
1634 1775 1679 1812 11.

0 1859 1 1876 ff
70 1833 135 1871 52.
184 1833 281 1872 Orel.
313 1833 380 1871 21.

210 1909 333 1947 1213.
395 1906 511 1956 Quod
543 1907 611 1948 tibi
632 1920 713 1949 non
734 1908 807 1960 vis,
838 1907 951 1949 alteri
973 1920 1023 1948 ne
1043 1907 1205 1948 feceris.
1240 1930 1294 1935 ——
1326 1909 1481 1946 Severus
1512 1909 1677 1947 Alexan-

66 1968 132 2004 der
171 1967 206 2005 in
247 1968 382 2017 palatio
422 1974 460 2005 et
499 1968 534 2006 in
565 1969 714 2017 publicis
762 1969 932 2018 operibus
964 1969 1158 2018 praescribi
1191 1968 1304 2006 iussit.
1351 1965 1527 2018 Lamprid.
1574 1969 1679 2006 Alex.

65 2027 192 2065 sever.
224 2039 256 2064 c.
289 2026 355 2065 51.
401 2027 509 2064 More.
543 2027 609 2076 Op.
641 2029 683 2065 11.
720 2027 812 2066 138.

212 2102 334 2140 1214.
394 2101 487 2154 Imp.
520 2100 793 2143 Diocletianus
826 2102 867 2142 C.
899 2101 1004 2157 Aug.
1037 2102 1128 2144 Pius
1150 2102 1259 2142 Felix
1291 2101 1468 2156 plurimis
1490 2101 1677 2154 operibus

66 2159 106 2199 in
139 2158 239 2200 colle
270 2159 348 2200 hoc
379 2164 575 2201 excavato
607 2172 705 2201 saxo
739 2161 955 2212 quaesitam
988 2174 1128 2214 aquam
1168 2161 1250 2214 iugi
1288 2160 1481 2213 profluvio
1514 2173 1567 2200 ex
1598 2159 1679 2200 tofo

65 2217 130 2258 hic
161 2223 382 2259 scatentem
413 2218 584 2270 invenit,
621 2219 718 2260 Mar.
735 2216 775 2274 ⁵)
818 2219 1102 2271 salubriorem,
1136 2217 1324 2274 Tihe1·.⁶)
1356 2219 1572 2270 leviorem,
1604 2231 1679 2259 cu-

65 2275 201 2317 randis
242 2276 514 2330 aegritudinib.
556 2282 707 2318 statera
738 2277 895 2318 iudicat.
957 2278 1050 2319 Eius
1081 2278 1260 2331 receptui
1291 2283 1454 2331 puteum
1485 2277 1534 2318 ad
1564 2289 1679 2331 prox.

65 2335 205 2376 triclin.
221 2332 262 2391 ⁷)
294 2347 410 2377 usum
441 2336 480 2376 in
511 2335 588 2377 hoc
619 2337 878 2389 spaeristerio
910 2337 978 2378 ubi
1010 2342 1049 2378 et
1081 2337 1260 2390 imperat.
1284 2336 1494 2391 Nymfeum
1517 2336 1559 2376 F.
1587 2333 1674 2390 08)

66 2415 122 2423 ·—
154 2397 299 2434 Romae.
346 2397 502 2434 Mazoch.
533 2410 567 2446 p.
603 2397 696 2435 127.
744 2398 841 2435 Grut.
873 2410 907 2446 p.
942 2397 1036 2435 178.
1089 2398 1231 2434 Nardin.
1262 2410 1296 2447 p.
1329 2397 1425 2435 473.
1482 2398 1578 2435 Orel.
1611 2397 1677 2435 57.

206 2546 244 2592 1)
271 2548 350 2583 Post
375 2548 454 2583 Chr.
480 2549 559 2583 203.
586 2564 630 2571 ——
665 2548 703 2593 2)
729 2551 818 2584 Post.
847 2549 925 2584 Chr.
950 2551 1028 2585 203.
1056 2562 1200 2596 quocum
1227 2557 1338 2584 tamen
1363 2554 1543 2593 sequentes
1568 2548 1655 2582 Cara

65 2595 173 2629 callae
207 2601 308 2629 notae
343 2598 478 2630 minime
513 2603 647 2630 coeunt.
696 2598 785 2631 Ante
819 2597 925 2631 Getae
957 2600 1024 2631 inte
1028 2598 1225 2631 rfectionem
1253 2599 1323 2629 eius
1350 2607 1472 2628 nomen
1499 2595 1675 2640 legebatur

64 2648 159 2686 post·
182 2649 284 2686 potest
312 2642 388 2676 V11.
416 2643 486 2677 Cos
513 2650 547 2677 et
571 2655 693 2677 nomen
720 2644 862 2678 Fulviae
887 2644 1064 2678 Plautillae
1080 2651 1174 2689 post.
1200 2643 1365 2676 Antonini
1381 2641 1434 2675 Pii
1450 2641 1574 2676 Felicis
1589 2642 1674 2687 Any.

65 2700 99 2722 v.
124 2689 308 2722 Fontanini
332 2690 471 2735 Antiqq.
497 2690 560 2724 Ed.
588 2690 708 2724 Graev.
734 2702 766 2735 p.
792 2690 848 2724 22.
875 2690 966 2725 Oret.
994 2710 1035 2714 —
1062 2691 1101 2733 3)
1127 2691 1269 2733 Augusti
1294 2690 1409 2723 nostri.
1439 2707 1479 2712 —-
1515 2688 1600 2734 4)p
1605 2692 1675 2723 rin-

66 2737 151 2779 cipis
176 2737 371 2770 iuventutis.
421 2735 670 2781 Supplenduni:
696 2738 803 2779 iussu,
830 2737 886 2771 vel
910 2738 1019 2771 simile
1045 2737 1137 2780 quid
1164 2736 1254 2769 Oret
1292 2754 1330 2758 ——
1366 2734 1404 2778 5)
1429 2736 1565 2769 Mania.
1579 2701 1673 2770 pilla-

65 2782 162 2815 zoch.
197 2800 238 2805 —
274 2781 311 2825 6)
346 2783 490 2817 Turbata
516 2784 601 2817 haec
626 2784 784 2818 videntur
809 2785 854 2817 ita
880 2785 1084 2818 ordinanda:
1117 2783 1240 2816 Marcia
1267 2782 1492 2816 salubriorem
1517 2784 1674 2817 curandis

66 2829 353 2872 aegritudinibus,
385 2830 543 2864 Tiberina
577 2831 741 2864 leviorem
773 2837 899 2865 statera
924 2832 1117 2864 indicatam.
1152 2848 1192 2852 ——
1227 2828 1265 2871 7)
1291 2831 1434 2873 proximi
1460 2830 1604 2864 triclinii.
1632 2848 1674 2854 —

66 2874 106 2916 8)
133 2877 386 2919 imperatorium
411 2877 586 2920 nymfeuni
612 2877 804 2912 faciendum
831 2879 972 2912 curavit.
1022 2877 1088 2910 Sed
1114 2877 1272 2910 Mazoch:
1297 2877 1350 2911 ubi
1375 2883 1404 2911 et
1426 2877 1674 2923 imperalotiam

67 2921 289 2965 diccyloeecam
315 2921 400 2967 (sic)
424 2935 493 2968 pos.
519 2923 608 2958 Orel.
