1877 3313
82 196 168 239 372
528 191 631 226 Inscr,
654 191 831 236 profanae.
880 190 963 236 Cap.
988 190 1028 225 11.
1077 190 1237 225 Tabulae.

81 315 178 352 rem,
209 297 392 353 Augusti,
424 298 545 351 patr1s
567 299 729 351 patriae,
761 299 897 353 pontif.
928 299 1134 349 maxsumi,
1166 295 1339 339 custodis
1361 295 1502 350 imperi
1521 298 1684 348 romani,

81 361 285 411 totiusque
318 357 426 398 orbis
460 361 655 397 terrarum
686 357 894 411 praesidis,
926 357 1068 408 filium,
1101 357 1189 396 Divi
1219 360 1428 409 nepotem,
1458 361 1550 408 post
1579 368 1684 397 con-

81 418 248 459 sulatum
280 428 398 468 quem
431 415 534 456 ultra
563 415 650 457 finis
681 422 881 457 extremas
912 416 1048 468 populi
1079 416 1230 457 romani
1262 414 1408 455 bellum
1438 426 1588 467 gerens
1618 414 1685 455 fe-

80 477 207 517 liciter
236 479 473 529 peregerat,
507 474 608 514 bene
638 480 752 528 gesta
785 488 829 515 re
861 475 1041 527 publica,
1075 474 1266 514 devicteis
1299 477 1366 514 aut
1397 473 1436 512 in
1466 471 1584 513 fidem
1614 485 1686 513 re-

81 535 208 588 ceptis
239 533 550 574 bellicosissimis
582 545 627 573 ac
666 534 862 574 maxsimis
895 534 1103 586 gentibus,
1144 534 1297 585 ipsum,
1339 531 1573 573 volneribus
1611 543 1685 584 pro

79 606 127 634 re
156 592 310 646 publica
341 592 535 644 exceptis,
566 604 618 632 ex
650 605 698 633 eo
731 604 825 632 casu
858 591 1086 632 crudelibus
1117 592 1205 631 satis
1239 595 1419 644 ereptum
1441 589 1589 644 populo
1609 602 1686 631 ro-

80 663 211 703 mano,
241 651 317 691 iam
350 649 600 704 designatum
632 651 901 692 iustissumum
933 663 978 690 ac
1009 650 1259 691 simillumum
1290 650 1465 702 parentis
1496 649 1558 690 sui
1598 649 1686 689 vir-

80 710 230 751 tutibus
260 709 491 763 principem,
523 709 782 762 coloniaeque
813 714 975 749 nostrae
1007 710 1164 750 unicum
1187 708 1438 762 praesidium,
1471 720 1598 760 eaque
1619 719 1687 748 res

81 767 254 810 nondum
286 768 417 820 quieto
448 768 555 808 luctu
586 780 705 821 quem
737 781 788 808 ex
820 767 991 808 decessu
1011 769 1051 808 L.
1077 768 1271 818 Caesaris,
1302 766 1436 807 fratris
1459 767 1559 819 eius,
1581 778 1686 808 con-

82 827 179 868 sulis
211 826 419 881 designati,
451 827 626 881 auguris,
658 827 811 880 patroni
834 823 869 880 ¹)
904 828 1051 877 nostri,
1084 827 1268 879 principis
1299 826 1538 876 iuventutis,
1569 825 1687 867 colo-

81 887 147 927 nia
179 888 363 927 universa
394 891 645 938 susceperat,
677 890 915 926 renovasset
936 885 1314 938 multiplicassetque
1337 896 1565 925 moerorem
1595 897 1687 926 om-

81 945 189 985 nium
221 944 466 997 singulorum
499 944 881 997 universorumque,
923 945 974 985 ob
1018 956 1086 985 eas
1129 956 1195 985 res
1226 944 1401 984 universi
1443 942 1686 984 decuriones

83 1003 320 1056 colonique,
354 1002 513 1055 quando
545 1016 595 1044 eo
627 1016 721 1043 casu
754 1004 791 1043 in
826 1002 981 1044 colonia
1023 1015 1155 1055 neque
1185 1003 1216 1043 ll
1229 1003 1287 1042 vir
1326 1014 1457 1054 neque
1497 1001 1689 1056 praefecti

83 1066 220 1113 erant,
259 1074 392 1114 neque
423 1063 629 1114 quisquam
660 1062 745 1102 iure
778 1062 948 1102 dicundo
981 1066 1160 1115 praerat,
1201 1062 1304 1101 inter
1334 1073 1428 1102 sese
1459 1073 1686 1102 consense-

80 1125 186 1172 runt,
215 1132 290 1173 pro
321 1119 585 1174 magnitudine
616 1125 746 1161 tautae
778 1133 825 1161 ac
856 1125 933 1160 tam
965 1121 1191 1174 inprovisae
1223 1120 1465 1172 calamitatis,
1497 1124 1686 1173 oportere

82 1192 135 1220 ex
166 1191 214 1219 ea
245 1178 308 1219 die
340 1191 416 1231 qua
447 1179 532 1219 eius
564 1178 756 1219 decessus
787 1180 984 1220 nuntiatus
1017 1184 1145 1229 esset,
1191 1191 1319 1231 usque
1350 1178 1399 1219 ad
1440 1191 1526 1219 eam
1568 1179 1686 1229 diem,

82 1250 160 1291 qua
190 1249 283 1279 ossa
313 1237 437 1278 relata
468 1243 586 1290 atque
617 1238 787 1288 condita,
817 1239 998 1290 iustaque
1031 1239 1116 1279 cius
1136 1239 1311 1279 manibus
1334 1237 1516 1291 perfecta
1537 1241 1686 1286 essent,

82 1300 275 1348 cunctos,
305 1300 419 1336 veste
454 1301 621 1348 mutata,
662 1297 896 1349 templisque
928 1298 1093 1338 deorum
1135 1296 1409 1337 immortalium
1451 1296 1686 1348 balneisque

81 1355 249 1408 publicis
281 1359 320 1394 et
350 1355 523 1395 tabernis
555 1356 735 1396 omnibus
767 1355 924 1407 clausis,
956 1356 1204 1396 convictibus
1235 1367 1328 1396 sese
1353 1359 1566 1409 apstinere,
1596 1367 1687 1395 ma-

81 1419 220 1454 tronas
253 1425 355 1465 quae
386 1414 424 1453 in
457 1413 614 1454 colonia
646 1419 781 1454 nostra
812 1420 924 1464 suut,
966 1415 1206 1465 subluffcre,
1239 1414 1422 1467 diemque
1451 1427 1564 1464 eum,
1606 1425 1686 1467 quo

83 1471 149 1512 die
180 1471 220 1512 C.
254 1472 405 1513 Caesar
437 1472 529 1522 obit,
561 1475 627 1525 qui
660 1472 745 1513 dies
777 1477 839 1513 est
867 1474 915 1513 A.
944 1473 987 1512 D.
1021 1473 1116 1513 Vlill
1136 1472 1180 1512 Κ.
1214 1472 1388 1524 Martias,
1420 1486 1493 1526 pro
1525 1472 1688 1514 Alliensi

81 1530 291 1584 lugubrem
323 1533 539 1571 memoriae
570 1530 697 1583 prodi,
728 1531 938 1583 notarique
968 1532 1005 1571 in
1038 1533 1275 1584 praeseutia,
1306 1533 1478 1573 omnium
1502 1532 1617 1573 iussu
1641 1544 1689 1572 ac

83 1589 311 1640 voluntate,
344 1590 559 1642 caverique
591 1603 642 1630 ne
674 1589 779 1643 quod
810 1590 1043 1630 sacrificium
1076 1589 1274 1642 publicum
1317 1602 1420 1630 neve
1451 1603 1554 1644 quae
1586 1603 1688 1644 sup-

82 1647 331 1701 plicationes,
362 1648 452 1688 nive
484 1649 682 1701 sponsalia
714 1649 805 1687 nive
837 1649 1015 1689 convivia
1048 1648 1217 1701 publica,
1250 1654 1389 1701 postea
1411 1649 1449 1689 in
1474 1662 1562 1689 eum
1585 1648 1687 1689 diem

84 1718 187 1747 eove
219 1706 303 1757 die,
335 1707 401 1759 qui
433 1706 518 1747 dies
548 1708 624 1747 erit
653 1707 701 1747 A.
734 1707 778 1746 D.
811 1706 906 1747 vttlt
936 1707 980 1747 Κ.
1013 1706 1152 1759 Mart,
1194 1708 1285 1748 fiant
1316 1708 1591 1760 concipiantur
1621 1709 1688 1748 in-

84 1763 335 1814 dicanturve3
377 1765 468 1805 nive
501 1766 566 1819 qui
597 1765 677 1806 ludi
708 1766 881 1807 scaenici
922 1765 1191 1807 circienscsvc
1233 1778 1283 1807 eo
1326 1766 1389 1807 dic
1432 1767 1526 1807 liant
1567 1778 1689 1820 spec-

84 1828 296 1872 tenturve3

224 1882 369 1936 Utique
401 1895 450 1924 eo
483 1882 546 1924 die
578 1883 797 1937 quodannis
829 1883 986 1937 publice
1017 1885 1196 1925 manibus
1219 1884 1302 1925 eius
1325 1896 1398 1938 per
1420 1884 1689 1939 magistratus,

85 1953 209 1982 eosve
241 1942 308 1994 qui
337 1941 436 1983 Pisis
468 1943 554 1982 iure
585 1942 757 1983 dicundo
788 1947 992 1995 praei-unt,
1023 1942 1165 1983 eodem
1198 1944 1286 1985 loco
1310 1943 1533 1998 eodemque
1556 1942 1689 1995 modo,

85 2013 165 2053 quo
195 1999 239 2040 L.
273 1999 433 2041 Caesari
464 2002 661 2054 parentari
694 2002 910 2042 institutum
932 2007 1004 2051 est,
1036 2007 1288 2055 parentetur3
1320 2003 1457 2055 utique
1478 2014 1594 2044 arcus
1617 2014 1689 2043 ce-

83 2059 298 2100 leberrimo
332 2059 511 2101 coloniae
543 2065 705 2101 nostrae
736 2060 827 2102 loco
859 2061 1140 2111 constituatur,
1174 2065 1336 2102 ornatus
1368 2060 1516 2115 spoleis
1548 2061 1690 2102 devic-

83 2121 213 2158 tarum
245 2122 313 2158 aut
343 2118 382 2158 in
426 2117 542 2158 fidem
582 2123 835 2172 receptarum
867 2119 914 2160 ab
947 2132 997 2160 eo
1028 2120 1227 2174 gentium3
1269 2133 1392 2173 super
1432 2133 1522 2162 eum
1563 2124 1689 2161 statua

83 2176 283 2229 pedestris
315 2177 436 2230 ipsius
470 2177 687 2230 triumphali
719 2183 871 2230 ornatu,
903 2178 1091 2230 circaque
1123 2191 1209 2219 eam
1249 2178 1351 2220 duae
1383 2184 1593 2232 equestres
1623 2179 1689 2220 in-

84 2239 249 2276 auratae
282 2234 351 2275 Gai
383 2239 423 2275 et
452 2235 548 2277 Luci
581 2236 796 2278 Caesarum
829 2241 982 2278 statuae
1012 2242 1230 2290 ponantur3

225 2294 390 2346 Utique,
432 2307 520 2334 cuni
559 2296 727 2348 primum
760 2308 832 2349 per
862 2296 991 2349 legem
1033 2297 1213 2338 coloniae
1245 2295 1433 2338 duoviros
1471 2309 1610 2338 creare
1650 2301 1690 2338 et

83 2352 233 2393 habere
264 2353 524 2405 potuerimus,
555 2355 580 2393 ii
613 2354 767 2395 ducx-iri
799 2356 864 2407 qui
895 2355 1009 2407 primi
1040 2356 1161 2396 creati
1193 2361 1330 2406 erunt,
1367 2356 1444 2397 boc
1475 2355 1581 2409 quod
1613 2355 1688 2396 de-

85 2411 315 2452 curionibus
349 2415 388 2451 et
418 2412 615 2453 universis
648 2412 801 2454 colonis
833 2412 998 2466 placuit,
1031 2413 1079 2454 ad
1112 2413 1350 2455 decuriones
1381 2413 1581 2465 referant,
1612 2426 1689 2455 eo—

84 2482 171 2510 rum
201 2469 359 2523 publica
390 2471 622 2512 auctoritate
643 2471 825 2522 adhibita,
856 2472 1042 2525 legittime
1074 2472 1112 2512 id
1144 2477 1346 2522 caveatur,
1378 2474 1689 2526 auctoribusque

83 2528 132 2569 iis
164 2528 203 2569 in
234 2528 385 2569 tabulas
417 2529 593 2582 publicas
624 2529 847 2579 reseratum
888 2532 1038 2572 interea
1070 2531 1113 2571 Τ.
1144 2530 1370 2572 Statulenus
1409 2532 1572 2584 Iuncus,
1612 2531 1689 2573 ssa-

85 2598 178 2627 men
207 2587 440 2641 augustalis,
471 2588 606 2640 pontif.
638 2590 768 2630 minor
798 2589 1044 2644 publicorum
1075 2590 1113 2630 P.
1146 2587 1247 2643 R.²)
1279 2602 1483 2631 sacrorum
1513 2603 1689 2646 rogare-

85 2649 171 2695 tur,
212 2646 268 2686 uti
299 2657 388 2686 cum
418 2645 580 2699 legatis,
613 2652 804 2688 excusata
844 2647 1045 2701 praesenti
1086 2647 1266 2689 coloniae
1306 2649 1571 2701 necessitate,
1611 2648 1688 2690 hoc

86 2702 261 2745 officium
304 2703 502 2757 publicum
541 2709 580 2745 et
623 2705 865 2747 voluntatem
906 2707 1182 2748 universorum
1223 2705 1358 2748 libello
1398 2706 1554 2750 reddito
1594 2708 1686 2761 imp.

87 2760 486 2861 {sseyqrrffiugqstm
527 2765 628 2817 patri
664 2766 836 2819 patriae,
866 2765 1001 2819 pontif.
1034 2766 1248 2818 maxsimo,
1279 2766 1513 2808 tribuniciae
1542 2770 1686 2821 potest.

214 2851 225 2872 ,
255 2833 294 2862 m
325 2834 384 2862 ice
412 2835 425 2872 ;

88 3004 155 3041 pop
181 2995 203 3030 1-
228 2949 264 2993 1)
290 2951 390 3007 Nor-is
414 2952 526 2996 {Wm
550 2953 612 2992 sed
636 2965 785 2990 marmor
815 2953 917 2991 Gorio
951 2961 1037 2991 teste
1061 2955 1162 2998 plene
1185 2955 1364 3001 scriptum:
1398 2955 1539 2999 patroni.
1574 2972 1616 2980 -
1643 2951 1685 2998 2)

159 3007 204 3032 ul
228 3008 367 3035 romani.
