1918 3313
312 135 342 178 §.
368 136 401 171 4.
426 136 527 171 Tituli
545 138 578 170 in
596 137 750 180 aedibus,
769 137 850 171 locis
868 137 988 181 sacris,
1006 137 1084 180 πίε,
1103 138 1181 172 don.
1200 138 1296 173 deor.
1314 148 1405 173 nom.
1423 148 1491 173 non
1511 138 1649 174 additis.
1733 139 1790 183 35

290 243 461 285 Licinius
495 243 648 285 Costas.
1099 244 1342 288 Servandius
1374 245 1570 290 Senudus.
1613 267 1671 277 --

289 302 467 343 Lutatius
499 304 648 344 Victor.
1101 301 1251 358 [Kassel
1283 320 1398 358 prope
1429 307 1610 358 iungunt.)

171 374 266 400 nunc
297 363 329 400 in
363 376 486 402 museo
519 365 681 412 Mogunt.
713 365 872 412 Katalog
905 364 937 400 d.
968 360 1061 402 Mus.
1094 366 1126 402 d.
1161 367 1211 403 St.
1244 368 1356 404 Mainz
1386 380 1420 417 p.
1448 368 1514 406 35.
1542 368 1642 413 Orel.
1665 368 1792 408 4983.

170 422 359 471 Explicuit
390 423 509 460 Lehne
540 424 575 460 in
610 424 770 461 Annalen
804 424 861 460 sur
891 424 1038 461 Nassau.
1069 425 1226 463 Alterth.
1257 427 1299 463 ΙΙ.
1332 439 1366 476 p.
1402 426 1465 465 18.

286 569 323 608 §—
355 565 391 602 4.
456 565 567 601 Tituli
597 566 637 602 in
669 565 838 612 aedibus,
871 565 963 602 locis
994 567 1130 612 sacris,
1164 569 1256 614 aris,
1289 568 1475 617 donariis,
1512 568 1669 607 deorum

734 624 946 662 nominibus
977 637 1052 662 uon
1085 627 1240 664 additis.

311 753 406 790 338.
468 750 519 792 Μ.
553 750 704 792 Acilius
738 749 782 792 Α.
818 751 858 792 F.
884 752 974 793 Vot.
997 750 1032 808 1)
1065 752 1221 794 Priscus
1245 753 1414 808 Egrilius
1436 754 1638 797 Plarianus
1659 754 1790 798 Praef.

175 809 331 851 Aerari.
366 810 518 851 militar.
553 810 695 850 Pontis.
737 810 899 851 Volcani
933 816 971 852 et
1013 811 1167 853 aedium
1209 825 1357 854 sacrar.
1389 814 1428 854 P.
1463 811 1560 868 C-2)
1604 814 1792 870 Clupeum

167 874 322 924 argent.
358 882 445 910 cum
478 870 652 924 imagine
684 882 807 911 aurea
839 870 884 911 D.
918 870 964 911 D.
997 871 1039 911 L.
1072 871 1117 912 D.
1151 872 1196 912 D.
1230 872 1276 913 D.
1310 896 1365 902 —
1398 874 1532 914 Ostiae.
1563 876 1687 915 Marini
1713 878 1790 916 Atti

167 931 210 968 11.
242 931 340 969 408.
375 931 472 968 Orel.
506 930 632 968 2154.

313 1008 410 1045 339.
472 1004 704 1046 Aediculam
738 1010 779 1046 et
810 1006 956 1047 bassim
988 1006 1193 1060 Magislrei
1235 1006 1326 1049 dant
1357 1008 1409 1050 M.
1452 1008 1634 1052 Aimilius
1663 1009 1715 1052 M.
1746 1009 1789 1052 F.

167 1065 219 1106 Μ.
239 1063 408 1106 Ofellius
425 1063 477 1106 M.
495 1065 536 1105 F.
556 1065 596 1105 P.
615 1065 821 1106 Mammius
840 1065 878 1106 P.
899 1066 942 1106 F.
960 1089 1016 1097 —
1033 1069 1161 1117 Aquin.
1176 1070 1274 1107 Grut.
1291 1082 1326 1119 p.
1344 1070 1436 1108 129.
1458 1072 1790 1110 Morc.Stil.XLIX.

309 1144 408 1180 340.
469 1140 599 1182 Annia
641 1141 798 1182 Zosima
846 1147 979 1184 volum
1026 1143 1240 1185 lucernam.
1284 1165 1339 1172 -
1380 1148 1585 1186 Torremuz.
1626 1148 1791 1198 Inscript.

174 1203 244 1240 Sic.
280 1203 330 1240 Cl.
362 1203 404 1240 11.
440 1203 475 1240 6.
509 1203 619 1239 More.
653 1204 730 1239 Stil.
763 1202 830 1240 41.

309 1279 404 1316 341.
467 1275 610 1317 Antius
644 1277 868 1317 Victoricus
901 1289 988 1317 cuin
1021 1276 1160 1318 Antios
1193 1278 1395 1320 Victoricu
1427 1280 1585 1322 Musolo
1611 1281 1790 1324 iuniores

164 1336 252 1377 viso
283 1336 420 1376 moniti
461 1335 588 1375 libens
634 1335 764 1376 animo
809 1333 1092 1391 collegia1·is³)
1127 1337 1378 1378 donaverunt
1410 1351 1462 1379 ex
1493 1340 1533 1381 S.
1565 1339 1611 1380 N.
1645 1339 1718 1382 CC.
1750 1341 1788 1382 S.

162 1395 203 1436 P.
235 1395 278 1436 F.
314 1395 361 1435 D.
392 1394 441 1435 D.
458 1391 513 1449 4).
548 1417 603 1423 —
636 1397 753 1445 Prope
794 1396 937 1434 Cirtam.
981 1398 1107 1435 Clarae
1148 1399 1270 1436 Museo
1303 1398 1380 1437 livr.
1416 1399 1481 1438 13.
1513 1412 1565 1439 nr.
1597 1401 1663 1440 52.
1695 1403 1789 1440 Bahr

166 1456 252 1494 Iahn
284 1456 426 1493 Iahrbb.
461 1457 560 1493 Tom.
595 1455 659 1492 52.
691 1468 727 1505 p.
760 1455 858 1493 423.

308 1533 404 1570 342.
466 1530 642 1571 Dccimia
677 1531 717 1571 C.
742 1530 782 1571 F.
817 1530 977 1572 Candid.
1001 1531 1134 1574 Sacer.
1158 1532 1209 1573 M.
1237 1533 1284 1574 D.
1302 1530 1339 1587 ⁵]
1374 1532 1554 1575 delficam
1579 1547 1669 1577 cum
1690 1534 1790 1577 lari-

173 1590 248 1632 bus
290 1594 330 1630 et
373 1590 593 1631 ceriolariis
634 1587 736 1645 ΝΕ)
779 1589 956 1632 XXXVI.
999 1614 1055 1620 —
1097 1595 1329 1633 Sablonetae.
1370 1596 1487 1634 Maffei
1523 1597 1610 1635 Mus.
1651 1598 1788 1636 Veron.

168 1652 235 1699 83,
268 1652 305 1690 2.
337 1652 423 1689 mur.
460 1651 598 1698 163,4.

311 1729 408 1766 343.
467 1726 571 1768 Eros
605 1725 828 1768 Germanici
860 1727 903 1768 L.
946 1727 1145 1770 Lollianus
1179 1728 1224 1769 D.
1257 1728 1302 1770 D.
1342 1729 1484 1785 clupea
1515 1743 1603 1773 cum
1643 1730 1789 1787 imagi-

168 1785 297 1828 nibus.
329 1808 386 1815 —
418 1788 519 1825 Rom.
551 1788 675 1825 Murat.
707 1801 742 1837 p.
778 1788 873 1826 121.
905 1789 1014 1827 More.
1047 1790 1124 1826 Stil.
1165 1787 1298 1828 XVIII.

307 1865 402 1902 344.
464 1863 504 1903 P.
537 1862 710 1904 Fannius
742 1862 794 1903 M.
828 1863 868 1904 F.
903 1863 944 1904 C.
978 1863 1177 1905 Masurius
1211 1863 1251 1904 C.
1284 1863 1325 1905 F.
1360 1864 1542 1916 Sabinus,
1573 1867 1615 1908 P.
1649 1866 1786 1909 Cutius

162 1922 204 1963 P.
235 1921 277 1962 F.
310 1921 484 1973 Bibulus,
516 1921 559 1962 L.
592 1921 784 1963 Aemilius
817 1922 859 1963 C.
893 1922 933 1963 F.
966 1923 1068 1964 Malo
1092 1922 1272 1964 fanorum
1295 1923 1511 1966 Curatores
1544 1939 1596 1966 ex
1616 1928 1788 1980 pecunia

162 1981 332 2022 fanatica
355 1980 579 2022 faciundum
606 1985 798 2022 curarunt
829 1981 1014 2034 idemque
1042 1983 1272 2036 probarunt.
1308 2005 1363 2011 —
1395 1986 1434 2023 In
1456 1998 1548 2034 agro
1570 1987 1787 2035 Veronensi,

163 2043 196 2080 in
230 2043 389 2080 ruderib.
421 2043 543 2091 templi
576 2042 768 2080 Minervae.
813 2043 890 2080 Orti
923 2043 1083 2092 Reliquie
1126 2043 1159 2080 dq
1192 2044 1309 2081 antico
1342 2045 1491 2094 tempio,
1522 2045 1578 2083 in:
1620 2045 1786 2085 Bulletin.

163 2103 261 2140 arch.
298 2102 420 2139 1836.
452 2114 487 2151 p.
525 2100 618 2139 141.

307 2178 403 2216 345.
464 2176 535 2217 Hic
566 2189 676 2231 ager.
710 2177 792 2230 iug.
825 2175 903 2217 VII.
938 2189 1026 2217 cuin
1061 2177 1232 2218 cisterna
1264 2182 1304 2218 et
1337 2177 1511 2219 tabernis
1537 2179 1622 2221 eius
1645 2193 1785 2223 eorum

161 2248 444 2290 possessorum
477 2235 574 2276 iuris
607 2241 669 2276 est
703 2236 771 2289 qui
802 2236 839 2276 in
886 2236 993 2277 cultu
1036 2236 1216 2288 corporis
1258 2235 1639 2290 Heliopolitanorum
1680 2244 1784 2292 sunt,

163 2300 354 2346 eruntve3
387 2300 506 2347 atque
537 2295 589 2335 ila
620 2295 656 2335 Is
688 2307 879 2336 accessus
907 2296 1050 2348 iusque
1076 2299 1161 2336 esto
1184 2307 1257 2348 per
1280 2296 1419 2337 ianuas
1441 2297 1663 2352 itineraque
1696 2299 1782 2341 eius

161 2353 260 2410 agri,
292 2356 359 2408 qui
391 2353 483 2394 nihil
514 2353 710 2396 adversus
743 2350 927 2408 lecem7)
961 2359 1000 2394 et
1034 2355 1342 2395 conventionem
1376 2356 1462 2396 eius
1494 2358 1678 2410 corporis
1710 2357 1777 2399 fa—

162 2426 256 2454 cere
287 2413 650 2467 perseveraverint.
686 2435 736 2441 ——
771 2416 955 2453 Casertae.
987 2415 1109 2452 Marini
1141 2415 1215 2452 Atti
1245 2416 1288 2453 Π.
1319 2429 1354 2466 p.
1387 2416 1481 2454 542.
1515 2418 1611 2456 Orel.
1643 2418 1773 2457 2393.

304 2503 402 2542 346.
461 2501 512 2543 Μ.
547 2500 680 2543 Iunius
712 2500 880 2543 Sabinus
912 2502 963 2542 IV
994 2502 1068 2553 vir,
1099 2499 1316 2543 Aediliciae
1347 2507 1491 2557 potest.
1517 2517 1539 2544 e
1561 2503 1654 2560 lege
1683 2504 1781 2548 Iulia

161 2561 398 2614 municipali,
430 2561 627 2602 Patronus
662 2560 820 2615 collegii
859 2560 1211 2612 centonariorum,
1251 2560 1424 2603 frontem
1466 2563 1603 2616 templi
1643 2564 1780 2606 vervis

161 2625 204 2662 et
232 2619 388 2662 Hermis
420 2621 653 2662 marmoreis
677 2620 846 2674 pecunia
878 2632 948 2662 sua
973 2619 1132 2661 ornavit
1162 2625 1201 2661 et
1223 2621 1376 2662 tuition.
1409 2621 1517 2662 dedit
1537 2621 1612 2665 HS.
1657 2635 1700 2663 00
1723 2635 1767 2664 00

301 2806 339 2852 1)
367 2808 503 2842 Votinia
536 2807 636 2841 tribu.
663 2826 704 2831 —
731 2807 770 2851 2)
805 2814 967 2852 patronus
1002 2808 1156 2842 civitatis.
1183 2825 1227 2831 —
1252 2807 1292 2853 3)
1318 2809 1527 2853 collegiariis
1552 2809 1573 2843 i.
1600 2819 1630 2844 e.
1655 2809 1696 2844 iis
1721 2810 1779 2856 qui

159 2855 313 2890 eiusdem
346 2862 424 2890 sunt
457 2855 606 2899 collegii.
634 2874 675 2880 -—
703 2853 742 2899 4)
769 2856 858 2890 Bahr
889 2855 1054 2899 explicat:
1087 2858 1249 2890 sestertiis
1282 2857 1426 2890 nummis
1452 2855 1508 2891 CC
1540 2867 1601 2891 sua
1631 2860 1778 2902 pecunia

162 2902 358 2937 faciundum
387 2902 514 2936 donum
547 2902 725 2938 dederunt.
760 2917 804 2929 ·—
838 2900 877 2947 5)
902 2902 1065 2938 sacerdos
1096 2903 1240 2948 Magnae
1271 2904 1376 2938 Deae.
1411 2920 1454 2927 —
1486 2901 1526 2947 6)
1551 2914 1706 2940 numero.
1732 2922 1774 2930 —

162 2947 201 2992 ¹7)
227 2949 283 2985 Sic
306 2961 369 2996 pro
397 2949 508 2995 leqem.
1539 3008 1565 3033 ς·

1495 3009 1522 3052 3
