1877 3313
211 174 296 216 270
652 168 754 202 luscr.
779 168 951 212 profanae.
1000 165 1081 211 Cap.
1107 167 1147 202 ΙΙ.
1196 167 1354 203 Tabulae.

210 280 361 321 aliusxe
392 276 478 328 quis
510 286 609 328 mag.
653 273 842 326 publiceis
882 273 1140 328 vectigalibus
1180 274 1336 314 ulti-ove
1375 273 1555 314 tributeis
1595 272 1799 315 fruendeis

208 334 415 378 tuendisve
446 332 553 373 dixet
583 331 750 382 dixerit,
790 333 847 372 eis
889 332 979 384 quei
1021 344 1067 371 ea
1108 331 1272 372 fruenda
1312 330 1511 372 tuendave
1552 330 1798 385 conduc-12¹)

208 389 476 446 habebunt2],
508 395 548 431 ut
580 390 659 431 utei
691 389 792 431 fruet
823 390 951 439 liceat,
984 391 1063 431 utei
1094 402 1141 429 ea
1171 389 1218 430 ab
1249 391 1307 430 eis
1331 390 1613 439 custodiantur,
1644 395 1800 431 cautum

210 457 291 503 est,
323 452 358 491 ei
390 449 598 503 quominus
630 448 688 489 eis
718 448 839 490 loceis
870 453 1029 489 utantur
1060 446 1240 488 fruantur
1270 449 1321 488 ita
1353 448 1631 501 utei‘quoque
1662 459 1800 490 eorum

210 524 262 552 ex
292 510 382 563 lege
414 507 618 548 locationis
651 507 777 546 eidem
810 507 890 547 utei
922 505 1024 547 fruei
1054 505 1199 556 licebit,
1232 519 1284 546 ex
1314 505 1349 546 h.
1383 505 1406 545 l.
1438 518 1474 546 n.
1507 519 1538 546 r.

348 567 459 615 Quos
491 564 603 606 ludos
634 565 799 618 quisque
829 564 977 605 Romae
1010 577 1044 617 p.
1079 577 1127 603 vc
1159 577 1196 604 u.
1228 564 1270 604 R.
1295 576 1331 617 p.
1356 564 1405 604 Μ.
1428 563 1559 615 faciet,
1591 565 1800 616 quominus

210 629 247 667 ei
278 638 413 667 eorum
445 624 622 665 ludorum
655 635 795 664 caussa
826 626 1008 663 scaenam
1041 623 1229 676 pulpitum
1268 627 1480 674 ceteraque
1518 634 1619 674 quae
1650 621 1697 662 ad
1729 635 1800 664 eos

208 684 325 726 ludos
356 695 455 736 opus
488 685 624 732 erunt,
667 682 702 721 in
734 680 823 721 loco
855 681 1009 734 publico
1049 692 1198 733 ponere
1239 685 1435 731 statuere,
1478 681 1617 733 eisque
1647 679 1800 732 (liebus,

211 745 352 796 quibus
385 753 457 782 eos
489 739 626 790 faciet,
658 739 745 781 loco
776 739 934 792 publico
965 740 1046 780 utei
1077 739 1212 789 liceat,
1245 751 1267 778 e
1298 739 1333 779 h.
1366 739 1388 779 l.
1420 751 1456 779 n.
1488 752 1520 780 r.

347 800 445 848 Quei
490 799 642 839 scribae
681 798 835 838 librarei
871 798 1165 851 magistratibus
1202 797 1471 850 apparebunt,
1512 798 1547 838 ei
1590 798 1800 850 quominus

208 860 330 902 loccis
361 857 548 912 publiceis
581 857 671 897 ubei
701 857 732 896 is
747 852 788 909 ³)
822 856 988 908 quisque
1020 868 1155 896 corum
1188 855 1452 908 apparebunt,
1485 856 1643 906 inserit,
1676 868 1800 909 appa-

208 918 320 960 rendi
352 928 490 958 caussa
522 919 698 965 utantur,
731 927 764 953 c.
798 914 832 954 ll.
866 914 889 953 l.
923 926 959 954 n.
991 926 1021 954 r.

350 975 460 1023 Quae
491 974 576 1014 loca
609 973 759 1013 serveis
790 972 980 1024 publiceis
1013 972 1061 1012 ab
1093 984 1200 1012 cens.
1234 971 1454 1012 habitandei
1477 971 1637 1012 utendei
1659 984 1799 1013 caussa

209 1035 402 1076 adtributa
431 1037 534 1081 sunt,
566 1032 601 1072 ei
633 1030 840 1084 quominus
873 1030 930 1070 eis
962 1029 1084 1071 loccis
1115 1034 1292 1081 utantur,
1325 1042 1358 1070 e.
1393 1030 1427 1070 h.
1460 1029 1484 1069 l.
1517 1042 1554 1070 n.
1587 1042 1617 1070 r.

901 1099 1021 1152 Caput
1063 1100 1106 1138 V.

349 1174 647 1226 Queiquomque
679 1172 716 1211 in
748 1170 988 1223 municipieis
1021 1169 1197 1210 coloneis
1228 1170 1512 1223 praefectureis
1543 1169 1665 1211 foreis
1696 1182 1799 1211 con—

208 1233 422 1275 ciliabuleis
454 1244 486 1271 c.
519 1243 550 1271 r.
581 1230 610 1270 ll
624 1231 694 1270 vir.
726 1228 786 1269 llll
800 1229 868 1268 vir.
902 1233 1042 1278 crunt.‚
1083 1227 1211 1269 aliove
1242 1241 1321 1281 quo
1353 1229 1510 1268 nomine
1548 1241 1650 1282 mag.
1681 1233 1802 1281 pote-

207 1297 412 1341 statemve,
443 1288 627 1331 sussracio
642 1285 683 1341 ⁴)
708 1300 860 1338 eorum,
891 1287 984 1339 quei
1006 1287 1229 1339 quoiusque
1252 1287 1457 1339 municipia
1479 1286 1660 1328 coloniae
1681 1299 1801 1340 prae-

349 1432 480 1477 Quibus
512 1430 597 1467 locis
631 1430 789 1476 exlege
828 1429 1036 1474 locationis,
1080 1440 1179 1476 quam
1223 1440 1351 1465 censor
1392 1428 1523 1464 aliusve
1565 1429 1640 1476 quis
1681 1428 1800 1476 magi-

207 1495 336 1529 stratus
369 1490 516 1538 publicis
551 1488 784 1534 vectigalibus
827 1488 968 1523 ulti-ove
1001 1487 1138 1523 tributis
1182 1487 1338 1523 fruendis
1371 1487 1555 1523 tuendisve
1587 1486 1698 1532 dixit,
1740 1487 1795 1522 di-

208 1550 322 1594 xerit,
355 1549 404 1585 eis
435 1548 492 1595 qui
526 1560 565 1584 ea
599 1546 743 1583 fruenda
776 1546 952 1582 tuendave
984 1546 1159 1582 couducta
1192 1546 1395 1590 habebunt,
1436 1550 1473 1581 ut
1504 1546 1552 1582 uti
1585 1545 1651 1581 frui
1683 1545 1798 1591 liceat,

207 1609 257 1645 uti
287 1620 329 1645 ea
361 1608 404 1643 ab
436 1607 475 1643 iis
519 1605 782 1648 custodiantur,
825 1608 961 1640 cautum
995 1608 1071 1650 est,
1113 1604 1135 1640 ii
1176 1615 1247 1651 quo
1280 1604 1389 1640 minus
1431 1604 1482 1640 eis
1514 1603 1602 1640 locis
1644 1607 1798 1649 utantur,

207 1668 366 1703 fruantur
396 1665 442 1701 ita
475 1665 522 1701 uti
565 1666 691 1711 cuique
723 1674 846 1699 corum
879 1673 923 1698 ex
957 1663 1038 1709 lege
1080 1662 1266 1699 locationis
1307 1662 1428 1698 iisdem
1472 1662 1519 1698 uti
1560 1662 1626 1698 lrui
1667 1661 1798 1708 licebit,

208 1737 255 1762 ex
286 1725 352 1761 hac
382 1723 464 1769 lege
495 1722 578 1759 nihil
609 1726 767 1767 rogatur.

347 1782 443 1826 Quos
474 1781 577 1817 ludos
609 1780 754 1827 quisque
795 1780 927 1816 Romae
959 1778 1152 1827 propiusve
1193 1778 1314 1815 urbem
1355 1778 1499 1816 Romam
1542 1789 1666 1826 passus
1705 1777 1796 1814 mille

211 1841 340 1886 faciet,
373 1850 442 1888 quo
476 1839 585 1875 minus
617 1839 671 1884 ei,
704 1849 826 1874 eorum
859 1838 1020 1874 ludorum
1053 1849 1175 1881 causa,
1208 1848 1361 1881 scenam,
1393 1836 1560 1884 pulpitum
1592 1841 1798 1884 ceteraque,

209 1912 299 1947 quae
331 1898 374 1935 ad
407 1909 470 1934 eos
503 1898 604 1934 ludos
636 1908 724 1945 opus
758 1900 882 1940 erunt,
923 1895 956 1932 iu
989 1896 1070 1932 loco
1102 1895 1245 1943 publico
1277 1906 1433 1943 ponere,
1465 1899 1643 1940 statuere,
1675 1894 1796 1942 eisque

205 1958 352 2003 diebus,
393 1956 517 2003 quibus
559 1967 621 1992 eos
664 1955 791 1999 faciet,
834 1955 914 1990 loco
958 1954 1099 2001 publico
1143 1953 1189 1989 uti
1231 1953 1357 1999 liceat,
1400 1964 1445 1990 ex
1486 1954 1551 1990 hac
1592 1953 1675 2000 lege
1715 1953 1798 1990 nihil

205 2020 364 2063 rogatur.

339 2072 405 2117 Qui
448 2072 584 2108 scribae
627 2071 756 2108 librarii
799 2070 1062 2117 magistratibus
1106 2071 1349 2118 apparebunt,
1390 2070 1412 2106 ii
1444 2081 1514 2118 quo
1560 2069 1670 2106 minus
1709 2069 1796 2106 locis

206 2131 377 2181 publicis,
409 2130 466 2167 ubi
497 2131 549 2176 is,
592 2131 786 2177 cuicunque
818 2140 939 2165 eorum
974 2129 1216 2177 apparebunt,
1259 2128 1424 2174 iusserit,
1466 2128 1659 2176 apparendi
1691 2139 1796 2166 causa

205 2195 366 2235 utantur,
398 2201 443 2225 ex
476 2189 540 2224 hac
571 2189 652 2234 lege
684 2188 764 2224 nihil
798 2192 956 2233 rogatur.
1701 2233 1706 2238 ,

345 2248 442 2291 Quae
475 2247 552 2282 loca
584 2246 695 2282 servis
727 2246 873 2294 publicis
906 2246 948 2281 ab
982 2245 1142 2282 Censore
1174 2244 1364 2289 habitandi,
1397 2244 1515 2280 utendi
1547 2256 1652 2281 causa
1679 2244 1795 2282 adtri-

205 2308 288 2344 buta
319 2310 420 2352 sunt,
452 2304 475 2341 ii
507 2315 577 2351 quo
609 2304 717 2341 minus
749 2304 798 2341 eis
831 2303 919 2340 locis
952 2308 1115 2349 utantur,
1149 2314 1192 2338 ex
1225 2304 1290 2339 hac
1323 2302 1405 2349 lege
1437 2302 1520 2339 nihil
1551 2307 1711 2350 rogatur.

907 2373 1020 2421 Caput
1051 2373 1092 2409 V.

343 2444 548 2491 Quicunque
581 2442 613 2480 in
645 2443 862 2492 municipiis,
905 2443 1078 2488 coloniis,
1110 2441 1365 2490 praefecturis,
1403 2442 1514 2488 foris,
1553 2441 1794 2479 conciliabulis

205 2504 331 2542 civium
363 2504 599 2540 Romanorum
631 2502 821 2548 duumviri,
864 2501 1080 2549 quatuorviri
1112 2504 1233 2544 erunt,
1275 2499 1390 2537 aliove
1431 2511 1502 2548 quo
1544 2500 1685 2537 nomine
1715 2511 1793 2537 ma-

200 2563 386 2610 gistratum
416 2564 699 2610 potestatemque
730 2559 901 2607 suffragio
930 2571 1065 2605 eorum,
1098 2559 1155 2606 qui
1191 2557 1358 2604 cuiusque
1392 2557 1582 2606 municipii,
1616 2559 1794 2605 coloniae,

341 2721 376 2764 1)
403 2722 506 2756 Prior.
531 2720 608 2753 add.
635 2722 782 2755 condona.
808 2721 866 2755 sed
894 2721 1004 2755 tabula
1030 2721 1094 2754 hoc
1120 2720 1242 2754 mendo
1261 2726 1363 2754 caret.
1390 2719 1551 2764 Gottling.
1576 2738 1614 2743 -
1643 2718 1680 2759 2)
1701 2719 1791 2753 Hac-

203 2774 300 2801 tenus
332 2780 389 2802 aes
423 2768 660 2801 Britannicum.
708 2768 863 2813 Sequitur
895 2778 951 2801 aes
984 2766 1248 2812 Neapolitanum.
1281 2783 1326 2790 --
1357 2764 1396 2808 3)
1430 2766 1569 2800 Mazoch
1601 2765 1636 2799 IS
1671 2767 1793 2809 accipit

204 2825 282 2857 pro:
317 2816 375 2856 iis,
407 2821 443 2848 ut
467 2825 581 2847 sensus
608 2815 665 2846 sit:
698 2814 753 2848 ubi
778 2816 817 2847 iis
842 2813 880 2855 (i.
907 2825 936 2846 e.
964 2812 1229 2857 'nagistratibusJ
1263 2815 1403 2858 quisque
1435 2823 1553 2845 eorum
1586 2810 1625 2854 (i.
1649 2823 1678 2845 e.
1705 2814 1792 2845 scri-

203 2860 336 2902 harum]
363 2860 581 2905 apparebunt.
624 2860 832 2894 Marezollius
867 2861 1100 2905 corrigendum
1134 2860 1331 2893 arbitratur:
1363 2860 1496 2903 quoique
1528 2857 1566 2900 (i.
1593 2868 1622 2892 e.
1652 2856 1792 2904 cuique)

201 2917 262 2948 pro
287 2909 428 2951 quisque.
455 2926 494 2930 —-
521 2905 560 2949 4)
585 2905 696 2940 tabula
720 2906 898 2941 mendose:
931 2907 1077 2940 saer-acio
1102 2916 1178 2950 pro:
1213 2906 1386 2949 suffluqio3
1417 2911 1453 2939 ut
1485 2904 1584 2949 paulo
1611 2904 1695 2938 infra
1718 2905 1790 2947 foro

203 2962 268 2997 pro
286 2955 363 2995 tor-i.
