1877 3313
593 114 625 158 ξ.
651 115 684 149 9.
733 114 820 150 Acta
845 113 982 160 publica
1007 117 1278 162 municipiorum.
1657 118 1744 162 375

125 222 203 265 cito
234 223 274 264 P.
305 220 355 263 X.
402 220 564 264 Eisdem
605 222 750 264 ostium
792 222 954 263 introitu
999 223 1038 264 in
1084 235 1178 266 area
1221 225 1330 278 quod
1373 237 1479 268 nuno
1509 230 1574 269 est
1603 231 1645 269 et
1673 227 1743 268 fe-

125 287 282 323 nestras
314 294 416 335 quae
447 283 484 322 in
517 281 668 335 pariete
699 286 865 335 propter
897 294 983 322 eam
1025 294 1156 323 aream
1198 289 1288 325 sunt
1319 286 1512 339 parietem
1544 288 1742 340 opstruito

124 347 165 383 et
194 342 350 394 parieti,
380 342 445 394 qui
475 353 581 382 nunc
612 345 674 381 est
706 345 870 394 propter
900 341 1017 392 viam,
1049 343 1269 397 marginem
1293 349 1525 398 perpetuum
1549 346 1742 399 inponite,

125 413 280 454 eosque
319 402 494 454 parietes
535 400 817 454 marginesque
867 412 1028 452 omneS,
1082 413 1183 454 quae
1224 402 1289 443 lita
1330 415 1410 444 non
1465 409 1583 445 erunt
1631 405 1742 446 calce

122 459 337 510 harenato,
376 459 442 500 lita
471 459 673 512 politaque
713 464 752 500 et
784 458 895 500 calce
937 458 1014 500 uda
1057 458 1239 502 dealbata
1281 466 1391 503 recte
1432 461 1566 504 facito.
1627 464 1743 513 Quod

124 530 225 585 opus
255 518 435 560 structile
465 518 534 559 fiet
563 519 602 558 in
633 522 763 569 terra,
806 518 925 559 calcis
957 518 1161 560 restinctai
1198 525 1351 574 partem
1394 526 1574 575 quartam
1604 523 1742 574 indito,

122 578 214 618 nive
245 577 435 618 maiorem
467 580 672 618 caementa
703 577 870 629 struito,
912 590 1028 630 quam
1071 591 1173 631 quae
1217 585 1421 621 caementa
1462 581 1558 622 arda
1596 581 1744 635 pendat

121 637 163 677 P.
185 636 284 688 XV.,
315 637 406 677 nive
428 635 632 690 angolaria
653 635 832 677 altiorem
865 648 902 676 =
923 649 960 676 =
979 640 1005 669 C
1037 635 1156 678 facito
1176 635 1226 693 ¹),
1258 639 1471 706 locumque
1498 653 1640 693 purum
1667 653 1742 694 pro

77 712 79 714 ·
121 707 247 749 opere
277 694 446 736 reddito.
505 694 644 735 Eidem
685 695 832 736 sacella
873 708 962 736 aras
1003 696 1211 749 signaque,
1245 710 1348 751 quae
1380 699 1418 739 in
1449 711 1589 753 campo
1635 705 1741 751 sunt,

122 766 227 808 quae
259 753 531 795 demonstrata
562 758 701 805 er,unt
744 766 790 795 ca
831 756 961 796 omnia
1002 755 1143 807 tollito,
1175 755 1348 807 deferte,
1381 759 1620 811 componito,
1652 764 1741 800 sta-

120 814 302 867 tuitoque
343 813 433 854 ubei
473 813 587 854 locus
630 813 923 854 demonstratus
967 815 1066 864 erit,
1109 814 1354 856 duumvirum
1395 817 1595 858 arbitratu.
1657 817 1742 859 Hoc

120 885 220 926 opus
253 884 370 913 omne
400 871 522 913 facito
555 871 745 913 arbitratu
777 872 930 913 duovir.
965 879 1003 914 et
1036 872 1370 929 duoviratium2),
1402 876 1469 929 qui
1500 876 1538 916 in
1570 876 1739 918 consilio

119 944 212 972 csse
243 931 373 972 solent
403 930 589 982 Puteolis,
623 930 713 972 dum
746 932 785 972 ni
816 933 943 973 minus
975 933 1114 986 viginti
1145 933 1310 986 adsient,
1343 947 1433 975 cum
1461 947 1510 976 ea
1537 947 1605 976 res
1635 948 1739 977 con-

118 991 284 1031 suletur.
346 990 463 1039 Quod
493 1003 635 1031 eorum
667 992 806 1045 viginti
837 992 952 1032 iurati
979 992 1248 1045 probaverint,
1280 994 1448 1047 probum
1471 999 1573 1036 esto.
1622 994 1742 1044 Quod

118 1050 191 1090 icis
228 1050 562 1103 improbaverint,
604 1051 826 1104 improbum
870 1055 970 1091 esto.
1031 1051 1125 1092 Dies
1158 1053 1290 1105 operis
1322 1052 1367 1093 Κ.
1399 1053 1616 1095 Novembr.
1650 1054 1740 1108 pri-

118 1109 230 1149 meis.
291 1109 387 1150 Dies
428 1121 598 1163 pequn.:
640 1121 732 1162 pars
775 1108 933 1151 dimidia
974 1108 1153 1161 dabitur,
1198 1111 1289 1151 ubei
1315 1111 1477 1165 praedia
1509 1113 1604 1153 satis
1636 1113 1740 1154 sub-

117 1168 272 1223 signata
304 1173 443 1217 erunt3
475 1168 599 1209 altera
631 1181 722 1221 pars
753 1168 909 1209 dimidia
937 1169 1117 1210 solvetur
1143 1182 1266 1223 opere
1294 1170 1441 1212 effecto
1474 1172 1738 1225 probatoque.

258 1245 300 1286 C.
331 1244 488 1286 Blosius
520 1246 565 1293 Q.
598 1245 639 1286 F.
672 1245 733 1286 HS
766 1244 843 1289 CI.)
875 1246 921 1286 D.
953 1245 1140 1299 idemque
1171 1258 1289 1300 praes
1322 1247 1368 1295 Q.
1400 1247 1572 1291 Fuficius
1603 1248 1650 1298 Q.
1681 1249 1738 1303 F„

117 1304 187 1346 Cn.
221 1303 401 1346 Tetteius
434 1304 480 1352 Q.
512 1303 541 1345 F
549 1335 572 1356 .,
605 1303 646 1345 C.
679 1304 847 1346 Cranius
879 1304 917 1345 C.
951 1304 993 1346 F.
1027 1306 1084 1346 Ti.
1118 1304 1351 1348 Crassicius.

262 1400 387 1438 1752.
848 1398 930 1441 Col.
982 1399 1010 1441 Ι.

258 1500 406 1510 ......
438 1468 689 1511 laudabiliter
720 1467 881 1511 functus
907 1502 916 1511 .
937 1502 944 1511 .
966 1503 974 1511 .
994 1502 1027 1512 ..
1056 1470 1304 1512 incrementa
1337 1470 1446 1527 digni
1464 1503 1472 1513 .
1492 1503 1501 1515 .
1521 1505 1528 1514 .
1552 1504 1561 1515 .
1579 1504 1589 1514 .
1607 1474 1740 1516 mani-

116 1528 220 1571 festa
250 1540 344 1583 spes
374 1560 491 1570 .....
518 1528 652 1570 ficiant
682 1534 834 1585 gratam
862 1561 981 1571 .....
1014 1543 1131 1584 quam
1168 1530 1339 1572 industri
1371 1563 1494 1573 .....
1523 1532 1668 1575 levavit
1699 1540 1740 1576 et

118 1589 244 1642 magis
273 1619 396 1630 .....
424 1588 501 1629 iam
531 1587 661 1641 plebis
689 1621 813 1630 .....
844 1593 936 1630 ntur
974 1589 1063 1642 plac
1090 1622 1209 1631 .....
1236 1595 1277 1631 et
1311 1590 1388 1632 tab.
1422 1603 1586 1633 aeneam
1610 1623 1734 1635 .....

117 1660 202 1688 rem
234 1660 271 1701 p.
304 1659 402 1701 erga
420 1678 538 1688 .....
553 1648 580 1688 Ι.
613 1647 658 1689 R.
701 1648 746 1689 H.
778 1648 804 1689 l.
837 1646 1002 1703 quod2)
1045 1651 1205 1702 eyreqie
1246 1650 1295 1690 cle
1334 1650 1452 1692 uobis
1493 1652 1737 1706 insequentis

117 1707 212 1748 anni
243 1719 385 1748 curam
415 1712 538 1748 antea
568 1708 650 1748 iam
681 1708 732 1748 ab
765 1720 810 1748 eo
842 1708 1052 1760 splendide
1081 1709 1341 1751 administra-

849 1808 931 1849 Cot.
972 1809 1010 1850 2.

119 1895 196 1932 tam
228 1902 351 1932 rusus
383 1889 595 1933 subeundo
638 1892 831 1933 meruerit
871 1897 909 1932 ct
937 1896 1097 1932 statuae
1127 1890 1282 1934 honore
1314 1898 1525 1936 contentus
1555 1898 1738 1948 sumptus

118 1951 320 1992 remiserit
348 1963 437 1991 cum
467 1950 517 1991 D.
549 1950 596 1991 E.
630 1951 680 1992 R.
697 1948 738 2006 4]
757 1951 918 2004 publice
942 1951 1231 1993 decerneretur
1252 1953 1290 1993 in
1310 1951 1356 1994 E.
1380 1953 1424 1993 V.
1448 1953 1493 2002 Q.
1518 1953 1545 1995 1.
1566 1954 1607 1995 S.
1627 1953 1668 1995 S.
1685 1951 1738 2008 ⁵).

261 2141 298 2186 1)
319 2149 398 2177 nota
413 2149 491 2177 ante
512 2143 656 2178 verbum
676 2143 780 2186 facila
797 2144 961 2187 significat
977 2148 1136 2189 quattuor
1149 2144 1265 2176 uncias
1281 2153 1356 2176 cum
1370 2142 1565 2177 semiuncia.
1591 2140 1645 2176 De
1660 2144 1738 2177 uni-

120 2201 221 2226 verso
235 2191 391 2225 hocloco
409 2191 489 2225 inde
504 2203 522 2225 a
537 2191 670 2225 verbis:
690 2190 781 2231 Quod
794 2203 874 2236 opus
885 2191 1033 2224 structile
1047 2197 1110 2224 cet.
1126 2190 1276 2232 Iahnius,
1296 2192 1352 2236 qui
1368 2196 1547 2233 caementa,
1561 2190 1738 2234 anyolaria

119 2250 183 2284 pro
197 2240 392 2272 accusativo
406 2245 621 2280 caementum,
635 2238 859 2281 angularium.
879 2244 1030 2282 utsupra
1042 2239 1168 2282 pariete
1187 2248 1247 2281 pro
1264 2239 1435 2282 parietem,
1455 2239 1592 2281 accipit,
1609 2240 1655 2270 ita
1674 2249 1737 2272 ex-

120 2287 216 2331 ponit
241 2284 417 2328 (Bullctin.
443 2286 640 2329 archeolog.
668 2285 768 2319 1841.
795 2298 827 2329 p.
849 2283 938 2326 11.):
967 2284 1108 2326 „Totum
1134 2285 1243 2318 locum
1261 2287 1309 2317 sic
1327 2284 1489 2328 intellige.
1515 2283 1606 2329 Opus
1624 2291 1737 2319 struc—

120 2334 180 2368 tile
205 2335 258 2366 cui
285 2333 430 2366 solidum
457 2335 651 2378 opponitur,
678 2333 768 2378 quod
796 2344 837 2366 ex
864 2343 928 2365 una
955 2334 1095 2366 materia
1122 2332 1247 2365 sactum
1273 2338 1337 2373 est,
1362 2333 1501 2365 struitur
1526 2342 1545 2365 e
1567 2331 1663 2365 calce
1680 2333 1737 2366 vel

121 2380 276 2425 simplice
301 2380 359 2414 vel
384 2386 473 2414 terra
501 2380 671 2420 admixta,
699 2386 801 2424 atque
827 2381 1030 2421 caementis3
1056 2379 1146 2425 quod
1171 2384 1209 2412 ut
1233 2385 1328 2412 recte
1353 2378 1431 2420 fiat,
1457 2378 1659 2423 praescribit
1682 2379 1737 2413 lex

120 2428 305 2462 redemtori
330 2429 495 2462 rationem
520 2439 586 2473 qua
612 2407 740 2461 calcem
768 2433 879 2460 terrae
905 2428 1053 2460 misceat.
1101 2426 1210 2460 Locus
1226 2427 1329 2470 igitur
1345 2427 1392 2459 sic
1410 2426 1616 2470 iungendus·
1641 2427 1736 2472 quod

121 2486 206 2520 opus
231 2475 384 2508 structile
409 2475 467 2508 fiet
491 2477 526 2508 in
550 2481 644 2509 terra
669 2474 770 2507 calcis
796 2485 848 2507 res
854 2475 977 2507 tinctae
1001 2479 1134 2517 partem
1153 2479 1306 2518 quartam
1323 2474 1440 2515 indito,
1466 2484 1555 2507 neve
1572 2474 1736 2507 maiorem

122 2528 335 2556 caementarii
360 2523 493 2564 struito,
520 2533 620 2567 quam
646 2533 733 2567 quae
759 2527 935 2554 caementa
961 2521 1042 2554 arda
1068 2520 1194 2565 pendat
1219 2519 1326 2564 pedes
1351 2520 1412 2553 XV
1438 2526 1502 2554 etc.
1507 2519 1524 2536 ‘⁶
1566 2520 1736 2555 Zanonius

122 2575 239 2603 contra
264 2569 369 2603 verba
394 2570 470 2602 nive
494 2570 654 2602 nzaiorem
679 2580 754 2602 cum
780 2568 1058 2601 antecedentibus
1085 2569 1270 2611 coniungit,
1295 2568 1473 2612 sequentia
1499 2569 1544 2601 ita
1571 2567 1734 2612 explicat:

123 2623 298 2651 caementa
323 2616 420 2661 (lege
444 2614 647 2659 caememas)
673 2617 803 2657 struito,
831 2626 1000 2660 quamque
1027 2613 1111 2659 (leg.
1129 2614 1290 2659 quaeque)
1317 2620 1488 2649 caementa
1508 2614 1590 2648 arda
1608 2615 1735 2669 pendat:

123 2664 159 2698 P.
183 2664 298 2698 XV...
324 2665 404 2698 nive
428 2664 604 2708 angolaria
630 2661 727 2707 (lege
751 2660 979 2705 anqulariam)
1016 2662 1171 2696 altiorem
1198 2668 1264 2696 etc.
1292 2680 1333 2685 -
1360 2662 1549 2696 Brissonius
1572 2672 1634 2706 pro
1658 2663 1735 2696 nive

123 2711 280 2745 maiorem
305 2711 409 2745 habet
431 2712 526 2744 vivae
558 2711 727 2744 maiorem.
776 2709 900 2743 Forma
931 2709 1017 2743 arcla
1049 2715 1100 2743 est
1134 2720 1195 2753 pro
1228 2709 1338 2743 arida.
1383 2724 1424 2731 —-·
1467 2707 1506 2750 2)
1539 2708 1734 2743 duovirates

123 2765 201 2792 sunt
225 2760 280 2803 qui
304 2769 446 2792 munere
477 2758 731 2792 duumvirorum
765 2756 917 2790 defuncti
941 2762 1028 2790 sunt.
1076 2756 1182 2790 Erant
1217 2757 1273 2800 qui
1308 2757 1515 2790 coniicerent
1548 2755 1733 2800 tegendum

125 2815 217 2838 esse·
242 2805 474 2839 demin-alium.
510 2805 578 2839 Sed
602 2804 715 2838 tabula
740 2803 843 2837 habet
868 2809 961 2837 certa
985 2805 1153 2848 scriptura
1176 2803 1377 2848 insculptum
1404 2801 1552 2836 Guarino
1577 2808 1612 2837 et
1637 2803 1732 2838 Zan-

125 2853 226 2885 nonio
251 2853 392 2886 testibus
416 2853 650 2886 duoviracium.
677 2851 714 2885 V.
740 2850 920 2885 Forcellin.
944 2862 971 2885 s.
997 2851 1203 2885 duovirates.
1232 2868 1274 2873 ——
1300 2848 1338 2892 3)
1364 2849 1605 2894 Supplementa
1629 2848 1733 2894 Cayri

128 2903 164 2931 et
185 2898 302 2934 Pistilii
325 2905 414 2941 sunt,
438 2911 535 2933 rusus
559 2900 682 2933 vitiose
706 2909 769 2944 pro
793 2909 915 2933 rursus.
942 2916 982 2922 —
1011 2896 1050 2941 8)
1077 2898 1119 2932 de
1145 2909 1187 2933 ea
1210 2909 1259 2932 re.
1287 2913 1329 2919 -
1355 2894 1394 2939 4)
1419 2898 1453 2931 in
1471 2897 1600 2932 eisdem
1616 2898 1732 2933 verbis

129 2954 215 2990 quae
238 2945 327 2982 infra
350 2948 475 2992 scripta
499 2951 585 2983 sunt.
