1877 3313
126 183 208 227 156
303 182 405 216 Inscr.
430 181 603 227 profanae.
649 180 731 226 Cap.
756 182 782 218 Ι.
829 183 928 218 Tituli
951 193 1092 227 operum
1116 181 1242 227 public.
1266 193 1335 218 non
1359 192 1541 218 sacrorum.

122 289 302 332 conditor
341 288 441 328 viam
483 300 643 341 quoque
686 287 898 332 Gemimam
929 302 950 330 a
982 293 1098 343 portu
1138 300 1266 341 usque
1297 288 1346 329 ad
1376 294 1537 342 pontem
1567 300 1640 343 per
1672 289 1725 330 ti-

121 360 243 388 rones
275 347 485 387 iuventutis
517 359 645 387 novae
676 348 831 388 Italicae
863 361 960 388 suae
994 348 1157 387 dilectus
1199 347 1431 399 posterioris
1470 347 1580 402 longi
1619 353 1725 388 tem-

122 407 228 458 poriS
270 406 356 445 labe
374 403 410 459 ¹)
452 410 676 457 corruptam
717 408 878 447 munivit
910 419 954 446 ac
996 406 1177 446 restituit.
1221 428 1275 434 —
1318 408 1516 456 Aquileiae.
1563 409 1660 446 Grut.
1691 421 1725 458 p.

130 465 222 503 152.
268 466 401 502 Preller
433 466 582 512 Region.
613 467 731 504 Roms.
762 480 794 516 p.
828 467 924 504 236.
956 471 1027 504 not.

269 553 390 590 1344.
450 550 683 594 Beatissimo
716 552 874 593 saeculo
909 552 1163 592 Domitiorum
1196 556 1423 592 nostrorum
1455 550 1660 592 Constanti
1685 554 1727 591 et

125 609 348 649 Constantis
381 609 651 661 Augustmum
683 610 849 652 Senatus
891 610 1140 663 populusque
1173 623 1359 651 romanus
1391 610 1535 650 clivum
1577 610 1725 650 Tibur·

122 668 244 707 tinum
283 668 321 708 in
359 667 556 720 planitiem
599 668 775 721 redegit,
819 674 980 709 curante
1011 668 1052 707 L.
1094 669 1241 709 TureIo
1284 668 1468 711 Secundo
1510 662 1761 730 Aproniani

124 725 248 765 Piaef.
283 726 366 766 urb.
398 725 451 766 fil.
483 726 643 767 Asterio
675 728 719 767 V.
755 727 795 767 C.
841 727 1077 768 Correctore
1113 727 1231 768 Flam.
1248 724 1289 781 2]
1333 731 1371 767 et
1402 727 1546 768 Piceni.
1577 749 1633 756 —-
1663 720 1749 766 Ti-

123 786 223 823 bure.
269 787 392 823 lllurat.
425 787 523 834 463,
557 787 593 824 9.
641 787 736 824 Orel.
774 788 893 825 1099.

271 874 391 911 1345.
450 871 502 912 M.
536 872 667 912 Aurel.
700 873 827 913 Valer.
861 871 1081 914 Maxentius
1112 873 1152 912 P.
1184 872 1225 912 F.
1257 871 1428 913 Invictus
1459 870 1561 926 Aug.
1585 871 1725 913 Pontis.

125 941 227 970 max.
269 931 372 970 Trih.
415 935 608 983 potestate
649 932 749 971 viam
790 931 1007 971 Herculiam
1052 929 1100 971 ad
1141 931 1342 984 pristinam
1375 930 1516 971 faciem
1546 931 1726 972 restituit.

126 1009 177 1030 .-
213 992 359 1028 Runculi
390 992 424 1028 in
456 992 594 1040 Apulia.
640 993 767 1028 Donat.
800 993 841 1028 II.
872 1005 906 1040 p.
940 992 1036 1038 220,
1072 991 1105 1028 1.
1153 992 1248 1029 Orel.
1285 992 1408 1029 1068.

269 1079 389 1116 1346.
450 1077 500 1118 M.
534 1078 712 1129 Aquilius
744 1078 794 1118 Μ.
828 1078 868 1118 F.
904 1077 1034 1118 Gallus
1066 1079 1229 1119 Piocos.
1263 1078 1362 1118 viam
1396 1077 1499 1118 fecei
1530 1078 1577 1118 ab
1599 1077 1725 1132 Regio
1760 1099 1770 1135 s

125 1134 172 1175 ad
207 1135 377 1201 Capuam
409 1140 468 1175 et
478 1137 515 1175 in
549 1148 593 1176 ca
626 1137 686 1175 via
717 1137 871 1188 ponleis
905 1138 1056 1177 omneis
1089 1137 1295 1177 meiliarios
1318 1136 1624 1189 tabellariosque
1647 1148 1756 1189 po-

125 1195 263 1235 seivei.
317 1195 440 1235 Hince
483 1200 573 1234 sunt
606 1194 813 1234 'Noceriam
858 1195 983 1234 meilia
1025 1196 1054 1234 II
1087 1194 1255 1247 Capuam
1297 1194 1479 1235 XXCIIII.
1521 1190 1747 1240 Muranum

124 1251 275 1294 lXXIII.
311 1252 531 1292 Cosentiam
566 1252 728 1292 CXXIII.
762 1253 974 1292 Valentiam
1009 1252 1168 1292 CIXXX
1200 1251 1254 1305 U
1286 1252 1333 1293 ad
1365 1253 1522 1293 Fretum
1555 1253 1602 1294 ad
1634 1251 1739 1295 Sta-v

124 1315 228 1351 tuam
264 1310 465 1351 CCXXXI.
500 1309 553 1363 [l
586 1311 750 1364 Regium
784 1310 1033 1351 CCXXXVII.
1069 1312 1188 1352 Sunia
1220 1311 1262 1351 af
1283 1311 1411 1363 Capua
1434 1311 1600 1365 Regium
1621 1312 1730 1367 mei-5

124 1368 174 1409 lla
207 1368 401 1410 CCCXXI.
437 1367 490 1422 [l
523 1375 561 1409 et
593 1370 717 1409 eidem
750 1370 912 1409 Praetor
935 1370 970 1408 in
995 1369 1123 1409 Sicilia
1146 1368 1360 1422 fugiteivos
1383 1370 1600 1411 Italicorum
1623 1382 1726 1410 con-

126 1427 326 1481 quaesivei
369 1428 599 1480 redideique
641 1427 819 1467 homines
860 1427 1132 1468 DCCCCXVII.
1175 1427 1381 1480 eidemque
1422 1429 1567 1481 primus
1608 1427 1727 1478 secet,

123 1491 167 1526 ut
197 1485 246 1524 de
278 1497 375 1538 agro
407 1486 561 1538 poblico
594 1486 817 1526 aratoribus
850 1485 1041 1526 cederent
1072 1491 1291 1539 paastores.
1333 1486 1477 1526 Forum
1509 1484 1732 1539 aedeisque‘

124 1543 298 1597 poblicas
332 1544 419 1584 heic
451 1543 565 1584 secel.
599 1568 654 1574 —-
687 1547 723 1582 In
757 1548 850 1583 valle
883 1547 1027 1593 Dianae,
1061 1558 1150 1594 agro
1183 1547 1336 1583 Atinate.
1387 1548 1526 1584 Gruter.
1561 1546 1656 1594 150,
1690 1548 1727 1584 7.

127 1605 324 1643 Romanclli
355 1606 550 1653 Topograf.
584 1606 607 1641 I.
641 1605 736 1641 297.
789 1605 880 1641 Orel.
916 1606 1039 1641 3308.

270 1692 391 1729 1347.
455 1690 490 1729 P.
523 1689 789 1730 Arunculeius
831 1689 876 1729 D.
919 1690 958 1730 F.
1000 1691 1040 1730 C.
1073 1690 1270 1731 Minucius
1314 1690 1354 1731 C.
1386 1690 1427 1730 F.
1460 1690 1654 1731 Thermus
1693 1689 1725 1731 ΙΙ

124 1748 198 1788 viri
228 1749 328 1788 viam
359 1747 473 1802 lapid.
508 1748 604 1788 silio.
638 1761 689 1788 ex
719 1748 765 1788 D.
797 1748 841 1787 D.
874 1748 914 1787 P.
947 1749 984 1788 P.
1018 1753 1137 1789 stern.
1172 1762 1255 1789 cur.
1296 1748 1437 1801 idemq.
1470 1749 1581 1802 prob.
1596 1745 1638 1803 ³]
1673 1773 1723 1778 —

125 1809 241 1857 Prope
281 1810 417 1845 Soram.
461 1809 625 1849 Bulletin.
666 1809 759 1845 arch.
796 1808 916 1845 1839.
959 1821 991 1858 p.
1027 1810 1092 1845 60.
1152 1809 1269 1846 Osann
1307 1810 1341 1846 in
1382 1810 1512 1857 Bergk.
1553 1810 1725 1848 Zeitschr.

128 1867 250 1905 1846.
283 1868 320 1904 N.
356 1867 420 1904 68.

266 1954 386 1992 1348.
448 1951 688 2006 Augustales
723 1952 769 1992 VI
800 1952 870 1993 vir.
903 1952 946 1993 L.
969 1922 1127 1993 *Gellius
1149 1952 1190 1992 L.
1212 1952 1254 1993 L.
1279 1953 1528 2007 Hippolytus,
1557 1952 1599 1993 L.
1627 1952 1726 1994 Gel-
1761 1976 1789 2006 N

121 2010 198 2052 Iius
229 2010 270 2051 L.
303 2011 345 2051 L.
379 2011 557 2060 Vernus,
597 2011 639 2051 L
675 2010 819 2051 Gellius
851 2011 892 2050 L.
924 2011 965 2050 L.
1000 2011 1118 2051 Polus
1151 2012 1250 2051 viam
1290 2011 1397 2065 long.
1440 2013 1480 2052 P.
1513 2011 1725 2052 CCXLIIX.
1789 2019 1794 2069 ξ

126 2083 178 2111 ex
208 2070 254 2110 D.
287 2069 333 2110 D.
367 2070 416 2110 ob
451 2070 640 2110 honorem
672 2071 894 2110 sexviralus
927 2082 996 2109 sui
1028 2070 1195 2122 pecunia
1226 2070 1333 2110 silice
1366 2070 1618 2111 sternendam
1651 2083 1726 2111 cu·-
1790 2077 1795 2110 l

126 2141 202 2170 rar.
236 2151 291 2157 --
322 2131 359 2167 In
390 2131 484 2167 Foro
508 2118 718 2178 Sempronii.
750 2131 823 2167 Noe
829 2132 838 2166 l
871 2131 932 2166 des
966 2131 1125 2176 Vergers
1153 2131 1299 2178 Epistol.
1333 2131 1374 2166 ad
1408 2131 1573 2169 Letronn.
1604 2132 1725 2169 Revue

130 2190 173 2226 de
203 2189 401 2238 philologie
437 2189 557 2225 1845.
590 2202 623 2237 p.
658 2188 752 2224 524.
798 2189 932 2236 Zumpt.
964 2189 1017 2224 De
1048 2189 1236 2234 Augustal.
1267 2200 1301 2236 p.
1337 2188 1401 2225 70.

271 2276 392 2313 1349.
451 2274 501 2314 Μ.
535 2274 701 2314 Consius
733 2274 781 2315 M.
814 2273 854 2313 L.
889 2273 1097 2314 Cerintlius
1130 2273 1335 2314 Accensus
1358 2273 1511 2314 velatus
1542 2274 1725 2316 immunis

127 2346 214 2374 cum
247 2334 318 2373 sim
352 2345 402 2373 ex
433 2332 636 2373 voluntate
669 2345 755 2372 mea
788 2337 827 2372 et
858 2333 1034 2384 impensa
1076 2343 1162 2371 mea
1195 2333 1333 2372 clivom
1365 2333 1486 2372 stravi
1517 2332 1646 2385 lapide
1678 2334 1725 2374 ab

125 2392 203 2432 imo
235 2404 370 2435 susum
403 2391 560 2444 longum
594 2390 717 2443 pedes
751 2390 927 2431 CCCXL.
959 2389 1077 2429 latum
1110 2403 1197 2430 cum
1226 2391 1463 2444 marginibus
1486 2390 1610 2443 pedes
1633 2391 1727 2434 VIIII

126 2450 168 2490 fit
199 2449 304 2503 quod
337 2450 459 2490 stravi
490 2450 591 2488 milia
624 2448 766 2501 pedum
799 2461 840 2488 α)
871 2461 912 2488 00
943 2460 984 2487 α)
1015 2448 1094 2488 LX.
1127 2449 1268 2489 iterum
1300 2448 1470 2490 eundem
1503 2449 1646 2490 eilvom
1676 2450 1725 2490 ab

124 2509 203 2549 imo
235 2509 361 2548 levavi
392 2513 432 2548 et
464 2507 605 2547 clivom
638 2507 808 2548 medIum
839 2507 942 2560 fregi
966 2510 1005 2546 et
1037 2505 1214 2559 depressi
1245 2507 1421 2560 impensa
1452 2519 1538 2547 mea
1570 2505 1726 2562 regioni

125 2566 323 2607 Ficulensi
364 2578 467 2620 pago
510 2565 671 2605 L'lmano
705 2570 745 2605 et
774 2565 1054 2606 Transulmano
1096 2565 1303 2606 Peleciano
1345 2578 1470 2619 usque
1510 2564 1557 2606 ad
1589 2565 1725 2607 Martis

128 2629 166 2664 et
197 2625 310 2665 ultra.
356 2648 405 2654 —
450 2626 673 2662 Cesarianae.
720 2627 937 2664 Kunstblatt.
975 2624 1093 2661 1825.
1126 2638 1158 2673 p.
1192 2627 1257 2663 87.
1305 2626 1364 2663 Or.
1401 2625 1492 2663 111.
1538 2627 1612 2663 Atti
1644 2625 1725 2664 dell'

128 2687 246 2723 accad.
279 2697 367 2722 rom.
399 2686 435 2721 T.
468 2685 526 2721 IV.
559 2697 592 2732 p.
626 2685 722 2722 258.

269 2761 390 2798 1350.
451 2757 510 2822 M.¹
534 2758 689 2799 Vicinus
720 2757 767 2799 III
799 2759 857 2799 vir
887 2769 959 2811 pro
991 2757 1146 2811 publica
1185 2757 1461 2800 commoditate
1494 2758 1601 2799 viam
1632 2758 1724 2800 Fla-

263 2919 300 2964 1)
326 2921 455 2957 Gruter.
479 2922 572 2962 Iae·e‚·
598 2922 790 2956 emendavit
814 2921 950 2956 Preller.
987 2939 1027 2944 -
1060 2919 1099 2963 2)
1124 2921 1318 2955 Flaminiae.
1354 2939 1394 2945 —-
1427 2919 1466 2963 3)
1492 2921 1604 2965 lapide
1629 2922 1724 2956 silice

123 2978 166 3001 ex
192 2966 328 3003 decreto
356 2969 573 3003 decurionum
600 2971 735 3013 propria
762 2971 904 3013 pecunia
928 2971 1143 3003 sternendam
1163 2975 1322 3003 curarunt
1339 2969 1510 3012 iidemque
1529 2968 1725 3012 probarunt.
