1877 3313
1 2709 7 2832 l

7 2928 9 2939 Ι

6 2946 9 2981 l

587 166 619 206 ξ.
648 167 676 199 1.
724 165 832 210 Leges
858 172 891 200 et
916 165 1101 210 plebiscita.
1552 166 1636 208 269

50 272 196 313 ducere
227 271 380 320 licebit3
420 271 561 324 quibus
593 270 732 311 diebus
764 271 937 325 virgines
970 271 1162 326 Vestales,
1192 283 1267 311 rex
1296 282 1520 323 sacrorum,
1562 272 1637 312 tla-

50 331 196 380 mines,
236 330 422 383 plostrcis
464 330 501 369 in
532 329 654 378 urbe,
695 341 898 370 sacrorum
942 328 1186 381 publicorum
1217 342 1253 381 p.
1285 341 1318 369 r.
1348 341 1508 381 caussa,
1548 330 1639 370 vehi

50 389 245 442 oportebit
256 401 266 436 ;
309 399 487 440 quaeque
521 387 666 438 plostra
698 387 881 440 triumphi
912 399 1063 437 caussa,
1097 400 1175 439 quo
1207 387 1269 427 die
1301 387 1466 440 quisque
1496 388 1639 428 trium-

48 444 202 499 phavit,
233 446 345 486 dueei
377 446 595 498 oportebit3
627 457 810 497 quaeque
840 444 988 498 plostra
1019 445 1221 495 ludorum,
1264 446 1354 498 quei
1394 445 1541 486 Romae
1572 451 1638 486 aut

48 504 160 544 urbei
191 504 339 545 Romae
370 503 524 556 publice
554 502 697 554 feient,
728 504 817 543 inve
849 515 1026 556 pompam
1059 502 1184 544 ludeis
1215 503 1493 555 circiensibus,
1526 503 1638 544 ducei

49 563 137 615 agei
179 574 278 615 opus
311 563 405 610 erit,
447 573 578 614 quove
623 562 749 601 minus
791 573 924 601 earum
966 572 1096 601 rerum
1140 574 1279 612 causa,
1321 562 1458 614 eisque
1500 561 1640 603 diebus

48 620 197 674 plostra
229 619 395 660 interdiu
426 620 463 658 in
496 620 593 659 urbe
624 618 815 660 ducantur
846 624 1023 673 agantur,
1054 632 1087 658 e.
1122 620 1156 659 h.
1190 620 1211 659 l.
1246 632 1281 660 n.
1313 633 1345 660 r.

189 677 302 726 Quae
333 677 483 731 plostra
516 682 635 718 noctu
667 679 705 717 in
736 677 872 718 urbem
908 676 1062 717 inducta
1094 683 1219 728 erunt,
1251 679 1459 731 quominus
1482 690 1527 718 ea
1550 678 1642 731 plo-

31 741 128 777 stra
160 736 311 784 inania,
353 739 417 776 aut
448 736 636 776 stercoris
668 733 924 788 exportandei
956 747 1118 785 caussa,
1159 741 1248 788 post
1278 736 1400 777 solem
1442 741 1570 777 ortum
1603 736 1637 776 h.

47 794 86 893 lX
117 794 213 845 diei,
257 794 382 891 bplbuls
424 794 680 834 iumeuteisve
722 794 852 834 iuncta
892 794 930 833 in
962 806 997 834 u.
1031 793 1074 834 R.
1108 798 1145 834 et
1177 795 1223 834 ab
1256 807 1290 834 u.
1323 795 1366 835 R.
1399 807 1434 848 p.
1466 794 1515 836 M.
1548 806 1640 836 esse

64 854 185 902 ieeat,
219 864 252 893 e.
314 884 321 891 .
370 883 375 892 .
410 863 446 891 n.
480 864 511 891 r.

741 922 863 974 Caput
886 920 945 961 lv,

188 992 297 1040 Quae
337 991 423 1032 loca
466 991 617 1044 publica
659 992 887 1044 porticusve
928 992 1105 1045 publicae
1147 993 1184 1032 in
1217 1006 1254 1033 u.
1288 993 1330 1033 R.
1363 1006 1398 1046 p.
1432 1006 1491 1033 ve.
1523 1006 1560 1034 u.
1591 993 1638 1034 R,

49 1063 85 1104 p.
107 1048 204 1104 MA)
229 1055 319 1091 sunt
342 1055 472 1100 erunt,
504 1061 673 1102 quorum
697 1050 871 1090 locorum
895 1051 1116 1103 quoiusque
1147 1052 1321 1102 porticus
1352 1051 1529 1092 aedilium
1562 1064 1639 1093 eo-

48 1121 187 1149 rumve
219 1121 335 1162 magn,
367 1109 458 1160 quei
490 1109 586 1148 vieis
617 1107 821 1160 loceisque
853 1108 1053 1160 publieeis.
1087 1121 1123 1148 u.
1155 1109 1198 1149 P..
1231 1122 1267 1161 p.
1300 1122 1360 1150 ve.
1393 1123 1429 1150 u.
1462 1110 1506 1150 R.
1530 1122 1564 1162 p.
1588 1109 1637 1150 M.

48 1167 289 1221 purgandeis
320 1170 528 1219 praerunt,
560 1165 710 1206 lecibus
742 1167 965 1218 procuratio
999 1171 1060 1207 est
1090 1167 1186 1216 erit,
1218 1168 1368 1219 neiquis
1400 1169 1437 1208 in
1469 1168 1540 1208 ieis
1570 1167 1638 1208 lo-

50 1226 155 1275 ceis,
196 1226 286 1265 inve
319 1225 389 1265 ieis
429 1225 644 1277 porticibus
687 1223 777 1276 quid
820 1225 855 1263 in
897 1223 1139 1264 aedificatum
1180 1225 1443 1266 inmolitomve
1485 1226 1640 1277 habeto,

49 1295 151 1323 neve
183 1296 230 1324 ea
260 1283 347 1323 loca
378 1282 624 1336 porticumve
656 1294 768 1334 quam
802 1281 1017 1334 possideto,
1049 1295 1150 1322 neve
1177 1295 1313 1323 eorum
1336 1283 1440 1336 quod
1462 1288 1639 1337 saeptum

50 1342 276 1382 clausumve
307 1341 472 1391 habeto,
506 1341 712 1392 quominus
745 1340 801 1379 cis
832 1339 957 1380 loeeis
987 1340 1284 1392 porticibusque
1314 1341 1482 1394 populus
1514 1346 1642 1383 utatur

49 1404 281 1453 pateantve,
320 1400 393 1439 nisi
424 1399 565 1451 quibus
605 1399 765 1450 uteique
796 1398 871 1450 leg.
905 1398 953 1450 pl.
987 1411 1047 1438 ve.
1079 1410 1134 1438 sc.
1168 1411 1199 1439 s.
1231 1411 1293 1439 ve.
1326 1412 1360 1438 c.
1393 1411 1641 1451 concessum,

49 1459 334 1512 permissumve
372 1462 443 1498 est.
492 1456 640 1504 Quibus
681 1456 804 1497 loccis
846 1468 897 1495 ex
937 1455 1028 1509 lege
1069 1455 1297 1507 locationis,
1339 1470 1453 1510 quam
1495 1470 1640 1499 censor

48 1611 204 1658 virgines
237 1610 421 1656 Vestales,
462 1621 586 1657 regem
618 1620 823 1654 sacrorum,
857 1609 1034 1655 flamines,
1066 1610 1211 1657 plostris
1243 1610 1276 1646 in
1308 1611 1417 1655 urbe,
1460 1621 1640 1648 sacrorum

49 1669 272 1718 publicorum
304 1669 426 1717 populi
466 1668 611 1705 Romani
642 1679 765 1712 causa,
805 1668 885 1704 vehi
918 1669 1123 1715 oportebit,
1155 1679 1317 1716 quaeque
1349 1669 1481 1716 plostra
1513 1670 1640 1706 trium-

50 1727 110 1776 phi
144 1739 273 1773 eausa,
306 1738 376 1774 quo
410 1727 466 1763 die
499 1726 645 1773 quisque
677 1726 923 1775 triumphabit.
957 1727 1036 1763 duci
1069 1728 1272 1775 oportebit,
1313 1738 1473 1774 quaeque
1503 1728 1639 1776 plostra

48 1786 235 1831 ludorum,
277 1785 335 1833 qui
377 1786 508 1822 Romae
540 1789 598 1820 aut
629 1784 706 1821 urbi
747 1785 878 1821 Romae
919 1785 1060 1832 publice
1100 1785 1205 1831 fient,
1243 1786 1325 1822 inve
1356 1797 1520 1834 pompam
1551 1786 1639 1822 ludis

50 1844 276 1890 circensibus,
309 1844 406 1889 duci,
439 1844 497 1891 agi
530 1854 618 1890 opus
650 1843 736 1888 erit,
768 1854 884 1890 quove
916 1842 1027 1880 minus
1059 1855 1178 1880 earum
1210 1855 1326 1880 rerum
1358 1855 1484 1890 eausa,
1516 1844 1637 1892 eisque

51 1903 172 1939 diebus
204 1903 342 1950 plostra
375 1902 525 1938 interdiu
557 1902 590 1938 in
622 1902 709 1937 urbe
742 1901 938 1947 ducantur,
971 1906 1142 1949 agantur,
1185 1913 1306 1939 eorum
1341 1902 1407 1938 liae
1442 1903 1524 1950 lege
1555 1903 1641 1939 nihil

49 1966 207 2008 rogatur.

192 2020 290 2063 Quae
321 2019 458 2067 plostra
490 2023 596 2055 noctu
629 2018 662 2055 in
697 2019 819 2056 urbem
850 2018 991 2055 inducta
1024 2022 1147 2064 crunt,
1189 2030 1259 2066 quo
1291 2019 1400 2055 minus
1433 2030 1473 2055 ea
1505 2019 1640 2066 plostra

51 2077 177 2123 inania,
210 2082 268 2114 aut
298 2077 466 2114 stercoris
499 2077 713 2125 exportandi
745 2088 863 2122 causa,
894 2081 976 2125 post
1005 2077 1115 2114 solem
1147 2081 1262 2113 ortum
1294 2077 1388 2113 horis
1421 2077 1542 2113 decem
1570 2076 1641 2113 diei

50 2136 165 2172 bobus
195 2135 403 2172 iumentisve
435 2135 550 2172 iuncta
582 2135 615 2171 in
648 2136 733 2171 urhe
766 2135 873 2171 Roma
905 2140 940 2171 et
972 2136 1014 2171 ab
1047 2136 1133 2171 urhe
1165 2135 1272 2171 Roma
1295 2146 1419 2183 passus
1443 2135 1536 2171 mille
1558 2145 1637 2171 esse

51 2194 179 2241 liceat,
211 2205 333 2231 eorum
365 2196 431 2231 hac
462 2195 545 2241 lege
577 2193 658 2230 nillil
691 2198 848 2239 rogatur.

743 2264 856 2311 Caput
888 2263 947 2300 1V.

192 2334 292 2378 Quae
334 2333 412 2370 loce
453 2333 593 2381 publica
637 2333 868 2381 porticusque
910 2333 1073 2381 publicae
1104 2332 1138 2368 in
1170 2332 1256 2369 urbe
1297 2333 1404 2370 Roma
1446 2332 1639 2381 propiusve

54 2392 175 2428 urbem
196 2392 339 2429 Romam
371 2404 492 2440 passus
525 2392 617 2428 mille
649 2396 742 2436 sunt,
777 2395 892 2437 erunt,
919 2402 1066 2438 quorum
1089 2391 1262 2436 locorum,
1294 2392 1461 2439 cuiusque
1483 2391 1640 2439 porticus

54 2450 215 2487 aedilium
257 2461 424 2487 eorumve
467 2450 758 2495 magistratuum,
800 2449 858 2497 qui
891 2449 952 2486 viis
992 2448 1150 2496 locisque
1189 2449 1336 2497 publicis
1375 2450 1469 2486 urbis
1510 2450 1641 2485 Romae

53 2508 245 2557 propiusve
278 2509 398 2545 urbem
429 2509 572 2546 Romam
613 2519 736 2556 passus
767 2508 859 2544 mille
891 2507 1082 2555 purgandis
1114 2512 1327 2554 praeerunt,
1369 2508 1506 2554 tegibus
1546 2517 1638 2555 pro-

55 2566 190 2603 curatio
232 2571 308 2612 est,
350 2567 442 2612 erit,
481 2579 524 2603 ne
566 2566 641 2613 quis
672 2566 704 2602 in
736 2565 776 2602 iis
809 2565 914 2611 locis,
954 2566 1034 2601 inve
1076 2565 1115 2600 iis
1156 2565 1350 2612 porticibus
1383 2565 1465 2612 quid
1496 2565 1639 2602 inaedi-

56 2624 193 2661 ficatum
234 2624 474 2662 inmolitumve
515 2625 670 2670 habeto,
712 2635 801 2660 neve
833 2636 874 2660 ea
916 2624 994 2660 loca
1034 2622 1256 2670 porticumve
1296 2635 1397 2671 quam
1441 2623 1640 2671 possideto,

57 2693 148 2719 neve
178 2693 300 2719 eorum
332 2683 427 2730 quod
457 2688 595 2731 septum
627 2683 826 2719 clausumve
857 2682 1009 2726 habeto,
1042 2692 1112 2727 quo
1144 2681 1254 2717 minus
1285 2682 1337 2717 eis
1369 2681 1455 2718 locis
1487 2681 1638 2728 portici-

57 2740 196 2788 busque
228 2741 378 2789 populus
411 2745 529 2778 utatur
559 2744 765 2789 pateantve,
798 2739 862 2776 nisi
893 2739 1017 2787 quibus
1049 2738 1168 2786 utique
1189 2739 1340 2786 legibus,
1371 2738 1644 2787 plebisvescitis,

59 2803 246 2835 senatusve
276 2799 445 2836 consultis
477 2810 704 2845 concessum,
735 2798 988 2846 permissumve
1019 2800 1082 2832 est.

200 2944 235 2988 1)
260 2949 390 2991 signum
414 2948 544 2983 numeri
569 2947 746 2983 millenarii
771 2946 813 2981 ab
831 2946 904 2982 aliis
921 2946 1194 2990 praetermissum
1211 2946 1290 2992 legit
1306 2946 1340 2981 in
1357 2945 1468 2982 tabula
1484 2944 1644 2991 Gottling.
