1877 3313
631 147 664 190 §.
688 146 723 182 2.
770 145 871 181 Tituli
894 145 1114 191 sepulcrales.
1588 145 1676 191 435

205 251 269 295 Sit
298 252 367 294 tibi
396 256 504 294 terra
535 251 636 294 levis
667 252 856 296 Socrates
886 251 1130 295 Astomachi.
1153 274 1208 283 —
1230 255 1348 306 Prope
1373 254 1518 295 Ostiam.
1550 256 1678 304 Nibby.

74 315 116 351 ΙΙ.
147 326 181 363 p.
214 315 309 351 284.
340 315 404 351 En.
446 314 487 358 Q.
518 314 678 351 visconti
709 315 862 353 llIonum.
905 315 1030 353 Gabini
1060 327 1094 364 p.
1128 314 1193 353 90.
1234 320 1308 354 not.
1342 314 1412 354 19.
1451 317 1518 355 Ed.
1549 316 1675 355 Labus.

75 374 170 411 Orel.
205 373 298 411 132.
330 373 528 421 Antholog.
558 374 692 420 Meyer.
728 373 850 412 1174.

217 449 339 487 1941.
399 447 472 488 Hic
501 447 604 488 iacet
633 447 837 490 Helvidius
870 448 958 491 fatis
991 449 1186 491 exstintus
1216 446 1429 505 iniquiS,¹)

212 506 409 561 Egregius
440 507 617 557 invenis,
650 519 855 548 causarum
887 513 1023 550 orator
1053 508 1287 549 honestus..

215 566 289 614 Qui
318 565 414 605 vixit
444 566 556 606 annis
586 564 712 606 XXX.
744 588 800 596 —-
831 570 870 606 In
902 574 1025 608 sancta
1056 569 1177 617 lllaria,
1208 569 1243 608 in
1265 568 1427 619 Aquirio.
1454 569 1554 609 Grut.
1587 569 1682 609 652.-

76 626 112 665 3.
144 626 339 676 Antholog.
370 627 485 664 Burm.
518 627 581 675 lv,
614 627 650 664 6.
682 627 816 674 Meyer.
847 640 881 665 n.
917 628 1009 666 118.

637 702 758 740 1942.
818 702 888 744 Dis
926 702 1121 745 Manibus.

518 759 748 802 Domestico
792 761 859 813 qui
889 762 986 802 vixit
1017 775 1108 803 ann.
1139 761 1240 804 XVI.

306 819 390 863 Hoc
420 819 512 860 mihi
540 823 679 860 noster
708 820 829 862 herus
867 822 1039 862 sacravit
1067 822 1184 862 inane
1215 820 1454 875 sepulcrum.

411 878 534 919 Villae
572 883 677 919 tecta
708 891 804 920 suae
834 885 1000 934 propter
1030 885 1074 921 ut
1104 880 1340 934 aspicerem,

311 938 440 991 thue
471 937 553 978 suis
584 938 764 979 manibus
794 938 917 980 flores
949 939 1041 980 mihi
1071 940 1244 992 vinaque
1276 952 1398 993 saepe

410 996 609 1038 Funderet
640 1001 679 1038 et
708 996 907 1038 lacrimam
922 994 963 1052 2)
1005 997 1113 1051 quod
1143 998 1236 1039 mihi
1266 998 1390 1052 pluris
1423 998 1510 1041 erit.

311 1055 480 1097 Nostros
512 1068 602 1096 nam
633 1056 792 1097 cineres
822 1057 1011 1097 Pollentia
1026 1054 1066 1112 3)
1112 1069 1234 1098 saeva
1264 1058 1423 1113 subegit
1433 1071 1447 1109 3

423 1114 494 1156 Est
526 1120 565 1156 et
595 1114 650 1155 ibi
681 1114 852 1156 tumulus
884 1127 1030 1157 nomen
1062 1119 1102 1156 et
1132 1128 1200 1157 ara
1231 1117 1336 1157 mibi.

310 1173 396 1214 Nec
426 1178 558 1214 tamen
590 1178 657 1215 aut
688 1174 766 1214 illie
798 1175 937 1215 subter
968 1174 1143 1215 crudelia
1174 1175 1289 1216 busta

423 1232 504 1273 Aut
534 1233 631 1273 istas
671 1232 791 1274 sedes
821 1238 959 1274 nostra
990 1234 1096 1274 subit
1109 1231 1150 1287 4)
1184 1234 1335 1284 anima3

316 1290 396 1334 Sed
426 1296 535 1344 petat
564 1291 780 1345 Assyrios,
811 1297 922 1345 petat
953 1292 1017 1332 ille
1048 1292 1183 1332 licebit
1216 1292 1389 1334 Hiberos

424 1350 501 1391 Per
538 1362 647 1391 mare
678 1363 752 1403 per
782 1356 911 1391 terras
943 1351 1201 1403 subsequitur
1233 1351 1447 1392 dominum.

211 1409 262 1450 M.
295 1407 511 1450 Caerellius
542 1407 846 1462 Smaragdianus
887 1408 994 1450 fecit.
1027 1431 1082 1438 —
1113 1412 1249 1449 Bonad.
1288 1412 1339 1450 Cl.
1372 1412 1410 1450 9.
1441 1424 1475 1450 n.
1509 1411 1547 1451 5.
1578 1411 1689 1453 More.

75 1471 139 1520 Op.
170 1470 209 1508 Il.
241 1470 338 1508 227.
369 1471 571 1518 Antholog.
602 1471 716 1507 Burm.
747 1471 810 1518 IV,
842 1471 938 1508 355.
987 1471 1111 1518 Mayer
1145 1469 1269 1508 1439.

219 1546 340 1584 1943.
401 1544 557 1598 Hospes
590 1544 698 1598 quod
729 1543 843 1586 deico
878 1545 1048 1598 paullum
1081 1548 1157 1597 est,
1187 1549 1272 1586 asta
1302 1557 1349 1586 ac
1379 1545 1560 1602 pelleget

212 1603 307 1644 Heio
341 1608 403 1644 est
433 1603 660 1657 sepulcrum
690 1603 770 1645 heu
786 1601 824 1659 5)
856 1604 1039 1658 pulcrum
1069 1603 1222 1658 pulcrai
1252 1603 1436 1656 feminai3

213 1662 369 1704 Nomen
400 1667 588 1715 parentes
619 1663 872 1704 nominaront
903 1662 1115 1704 Claudiam.

215 1721 363 1764 Sovom
393 1722 602 1763 mai-eitum
633 1721 757 1763 corde
788 1720 925 1763 dilexit
955 1734 1081 1773 sovo,

209 1779 358 1821 Gnatos
390 1779 489 1821 duos
522 1781 694 1830 creavit3
725 1780 879 1822 horunc
910 1781 1075 1822 alterum

214 1838 257 1878 In
290 1843 399 1879 terra
428 1839 569 1892 linquit
583 1836 639 1894 ⁶),
671 1839 788 1880 alium
819 1840 892 1881 sub
925 1845 1033 1881 terra
1062 1840 1180 1882 locat.

215 1896 384 1938 Domum
415 1899 608 1950 servavit,
640 1898 768 1939 lanam
798 1898 907 1939 fecit.
938 1899 1042 1939 Dixi.
1074 1898 1191 1940 Abei.
1223 1922 1280 1930 —
1311 1900 1410 1939 Grut.
1440 1913 1475 1951 p.
1518 1900 1613 1940 769.
1644 1911 1693 1941 ex

77 1957 214 1996 Smetio
245 1959 389 1996 Bonada
420 1960 518 1996 Tom.
550 1960 593 1996 11.
623 1972 657 2008 p.
691 1960 757 1997 98.
803 1961 946 1997 Zaccar.
977 1960 1127 1997 Istitutz.
1158 1972 1193 2008 p.
1213 1960 1311 1998 296.
1343 1961 1441 1998 Gorii
1471 1960 1587 2000 Xenia
1608 1960 1690 2011 epi·

77 2018 206 2068 graph.
238 2030 272 2066 p.
308 2016 371 2055 16.
404 2017 501 2055 Orel.
532 2019 658 2056 4848.
689 2020 836 2058 Anthol.
867 2020 983 2058 Burni.
1015 2019 1079 2068 IV,
1115 2018 1208 2057 147.
1239 2020 1365 2066 Meyer
1401 2019 1524 2058 1276.

219 2093 342 2132 1944.
403 2092 553 2141 Quarta
585 2092 758 2135 Senenia
1063 2092 1208 2134 Posilla
1238 2092 1411 2135 Senenia

503 2151 546 2192 C.
577 2152 621 2192 L.
1102 2152 1278 2200 Quartae
1308 2152 1352 2194 F.

216 2210 373 2264 Hospes
405 2209 551 2251 resiste
584 2215 624 2251 et
654 2223 780 2264 pauce
811 2211 999 2264 scriptum
1030 2210 1207 2265 perlige:

217 2270 384 2311 Matrem
414 2269 519 2310 haud
550 2270 695 2310 licitum
726 2281 820 2311 esse
850 2271 965 2310 unica
997 2274 1116 2324 gnata
1147 2268 1270 2320 fruei,

219 2328 346 2375 Quam
375 2328 442 2368 nei
474 2333 583 2370 esset
613 2328 737 2370 credo
769 2330 905 2370 nescio
938 2328 1003 2381 qui
1033 2325 1204 2382 veidit7)
1239 2327 1353 2370 deus.

218 2386 314 2427 Eam
347 2387 532 2439 quoniam
562 2387 668 2429 haud
698 2388 847 2429 licitum
877 2387 1030 2427 veivam
1061 2399 1084 2427 a
1114 2392 1240 2428 matre
1270 2386 1465 2440 ornarier‚

220 2445 315 2487 Post
344 2449 513 2486 mortem
543 2445 620 2487 hoc
649 2446 743 2487 fecit
773 2450 892 2498 atque
926 2450 1106 2487 extremo
1139 2450 1321 2499 tempore

219 2503 435 2545 Decoravit
465 2517 553 2545 eam
584 2509 841 2546 monumento
884 2516 1002 2556 quam
1047 2504 1300 2546 deilexserat.
1337 2529 1387 2535 —
1419 2508 1538 2557 Prope
1578 2504 1691 2545 Rieti:

2 2547 4 2585 ἦ
81 2564 232 2602 Martelli
261 2565 309 2602 Le
351 2565 520 2603 antichita
563 2565 621 2603 de'
662 2566 781 2603 Sicoli.
843 2565 985 2613 Aquila.
1029 2565 1151 2602 1830.
1192 2566 1291 2603 Tom.
1331 2567 1374 2605 II.
1415 2579 1451 2615 p.
1496 2565 1589 2603 179.
1628 2566 1692 2604 Tb.

4 2622 5 2681 J
82 2623 276 2661 Mommsen
306 2624 341 2661 in
372 2624 508 2673 Bergk.
573 2624 777 2663 Zeitschrift
807 2624 864 2661 fur
902 2624 1055 2662 Alterth.
1095 2623 1209 2663 Wiss.
1243 2624 1367 2664 1846.
1397 2626 1457 2665 Nr.
1488 2625 1555 2664 38.
1585 2636 1692 2674 quem

83 2686 225 2721 secutus
254 2694 342 2721 sum.

228 2821 267 2865 1)
293 2822 471 2857 Helvidius
499 2823 635 2858 Priscus
666 2821 754 2855 filius
779 2832 798 2855 a
822 2820 1016 2856 Domitiano
1046 2823 1192 2860 occisus.
1225 2821 1361 2856 Sueton.
1386 2820 1486 2858 Dom.
1509 2831 1539 2856 c.
1564 2821 1618 2857 10.
1646 2838 1688 2847 -—

5 2892 9 2920 .'
87 2864 126 2908 2)
151 2878 191 2902 an
217 2868 411 2913 lacrymas?
435 2870 564 2914 Meyer.
598 2886 642 2893 --
674 2866 712 2911 3)
737 2868 898 2913 Ligurum
923 2869 1096 2914 oppidum.
1131 2887 1174 2892 —
1208 2867 1246 2911 4)
1272 2879 1355 2912 pro:
1379 2868 1485 2903 subiit.
1509 2886 1555 2894 —
1579 2868 1619 2913 5)
1642 2871 1691 2905 ita

87 2913 215 2949 Bonad.
238 2916 303 2950 hau
328 2916 460 2951 Gruter.
491 2933 537 2940 —
570 2914 610 2959 6)
636 2914 721 2950 Gud.
746 2915 854 2960 liquit.
888 2933 930 2939 —
967 2915 1005 2959 7)
1031 2916 1171 2950 inveidit
1200 2916 1345 2950 coniecit
1372 2913 1500 2961 Bergk.
1524 2916 1569 2954 de
1591 2917 1691 2955 verbi

8 2979 9 2982 =
88 2965 255 2999 structura
277 2963 418 3001 laudans
442 2962 512 3000 Cic.
536 2963 635 3000 Tusc.
659 2962 716 3001 ΙΙΙ.
752 2961 913 3005 Quisnam
936 2961 1058 3002 florem
1082 2962 1225 3001 liberum
1249 2962 1371 2999 invidit
1394 2973 1520 3000 meum.

1379 3019 1480 3073 28³}
