1887 3324
505 159 616 202 Legis
641 159 830 201 municipii
852 158 972 190 Flavii
996 159 1206 192 Malacitani
1229 171 1322 203 pars.
1667 160 1720 201 15

105 275 206 311 sunt
225 284 314 311 non
336 274 462 310 erunt
479 274 553 310 aut
573 282 662 308 non
684 268 778 309 sine
803 267 901 309 dolo
923 273 1038 309 malo
1063 275 1162 309 sunt
1193 276 1338 323 erunt,
1366 271 1538 324 Hviris,
1568 271 1642 327 qui
1660 270 1723 312 ibi

103 326 195 367 iure
218 325 403 367 dicundo
426 329 682 380 praeerunt,
716 322 930 364 ambobus
964 323 1146 365 alterive
1181 341 1332 367 eorum
1363 341 1418 368 ex
1438 327 1721 368 decurionum

104 382 537 437 conscriptorumque
577 379 777 432 decreto,
823 379 939 436 quod
985 379 1209 422 decretum
1248 396 1345 423 cum
1383 398 1534 424 eorum
1570 388 1719 439 partes

102 438 259 479 tertiae
281 452 368 478 non
385 438 527 478 minus
547 450 677 492 quam
697 435 809 477 duae
828 435 1036 477 adessent
1051 437 1215 478 factum
1236 439 1326 490 erit,
1348 438 1541 480 vendere
1559 439 1722 490 legem—

105 508 187 549 que
209 492 276 534 his
297 492 544 534 vendundis
569 491 715 533 dicere
738 493 804 533 ius
827 497 1111 548 potestasque
1136 500 1252 536 esto:
1277 494 1379 536 dum
1403 510 1497 536 eam
1519 488 1664 551 legem
1684 496 1721 536 is

103 547 234 591 rebus
256 548 504 590 vendundis
528 547 687 600 dicant,
711 564 841 604 quam
858 548 1001 602 legem
1020 563 1108 602 eos,
1133 551 1205 603 qui
1221 550 1388 592 Romae
1408 552 1578 593 aerario
1595 565 1721 606 prave—

63 604 65 607 ’
105 610 244 658 erunt,
267 620 289 645 e
311 604 409 660 lege
431 603 733 660 praediatoria
754 604 994 660 praedibus
1017 606 1282 662 praedisque
1303 606 1551 648 vendundis
1574 608 1721 649 dicere

104 665 339 716 oporteret,
359 667 453 713 aut,
478 661 513 701 si
534 659 633 716 lege
655 660 954 714 praediatmia
978 667 1220 717 emptorem
1243 677 1331 704 non
1352 663 1567 717 inveniet,
1591 678 1722 720 quam

102 716 247 772 legem
278 717 323 757 in
357 731 545 758 vacuom
566 716 812 758 vendendis
832 716 977 758 dicere
1001 723 1243 773 oporteret:
1278 724 1321 759 et
1353 718 1454 760 dum
1486 719 1545 760 ita
1578 720 1722 776 legem

105 772 264 825 dicant,
283 773 344 813 uti
365 774 597 828 pecuniam
622 773 665 814 in
687 773 782 814 fore
800 776 832 828 ¹)
854 773 1065 829 municipi
1085 773 1214 815 Flavi
1230 774 1486 816 Malacitani
1506 776 1725 818 referatur

109 829 263 873 luatur
289 828 497 870 solvatur.
559 828 772 885 Quaeque
794 829 866 871 lex
888 830 946 870 ita
971 829 1085 871 dicta
1110 831 1201 883 erit,
1222 831 1336 872 iusta
1357 837 1538 888 rataque
1561 838 1668 873 esto.

156 918 207 959 R.
248 917 308 959 Ut
330 919 394 960 ius
418 918 588 960 dicatur
611 935 632 960 0
655 918 753 975 lege
778 918 895 960 dicta
918 919 1157 975 praedibus
1182 926 1223 961 et
1244 920 1421 975 praedis
1445 920 1710 963 vendundis.

184 996 322 1038 LXV.
352 996 473 1049 Quos
505 997 693 1053 praedes
726 1012 923 1054 quaeque
946 997 1129 1053 praedia
1155 1012 1351 1053 quosque
1387 1000 1636 1055 cognitores
1662 1001 1723 1042 Π-

101 1054 186 1096 viri
204 1054 431 1109 municipii
447 1053 577 1095 Flavi
594 1053 851 1095 Malacitani
868 1053 946 1095 hac
962 1054 1046 1107 lesse
1066 1054 1359 1108 vendiderint,
1386 1054 1438 1096 de
1457 1053 1508 1096 iis
1533 1056 1724 1112 quicum-

103 1124 185 1164 que
208 1111 298 1151 iure
316 1109 502 1151 dicundo
521 1116 714 1165 praeerit,
738 1110 794 1151 ad
813 1125 939 1165 quem
964 1110 1017 1151 de
1041 1126 1093 1151 ea
1114 1126 1161 1152 re
1183 1112 1249 1152 ius
1273 1111 1436 1152 aditum
1461 1112 1554 1162 erit,
1576 1112 1637 1152 ita
1657 1112 1724 1153 ius

103 1166 235 1208 dicito
259 1165 508 1221 iudiciaque
533 1165 648 1218 dato,
671 1172 717 1207 ut
741 1167 779 1207 ei
795 1169 842 1218 2),
863 1167 934 1221 qui
957 1181 1031 1207 cos
1050 1167 1238 1222 praedes
1258 1168 1509 1222 cognitores
1529 1183 1580 1208 ea
1599 1183 1724 1223 prae-

110 1222 183 1264 dia
199 1222 383 1263 mercati
401 1227 540 1274 erunt,
562 1221 750 1277 praedes
774 1223 879 1263 socii
898 1221 1170 1278 heredesque
1191 1238 1339 1264 eorum
1359 1229 1456 1279 ique
1470 1225 1520 1276 3),
1543 1223 1599 1265 ad
1615 1238 1722 1280 quos

111 1294 164 1320 ea
193 1293 264 1319 res
295 1277 552 1333 pertinebit,
586 1277 638 1319 dc
671 1279 706 1318 is
737 1277 868 1319 rebus
900 1293 1031 1334 agere
1063 1294 1224 1335 easque
1253 1294 1324 1320 res
1346 1285 1497 1335 petere
1519 1280 1727 1336 persequi

109 1339 230 1375 recte
253 1334 404 1389 possit.

166 1423 217 1464 R.
256 1424 326 1465 De
349 1422 484 1464 multa
507 1438 617 1479 quac
644 1422 761 1465 dicta
783 1424 875 1465 crit.

192 1502 355 1544 LXVI.
386 1502 548 1543 Multas
580 1503 623 1542 in
657 1518 707 1542 eo
740 1503 977 1557 municipio
1012 1518 1035 1543 a
1070 1503 1222 1544 IIviris
1254 1503 1539 1558 praefectove
1573 1503 1726 1557 dictas,

108 1558 213 1600 item
247 1558 301 1599 ab
335 1557 569 1609 aedilibus,
602 1573 710 1613 quas
743 1558 908 1599 aediles
940 1558 1104 1600 dixisse
1129 1574 1174 1599 sc
1199 1565 1305 1614 aput
1326 1559 1491 1600 IIviros
1517 1558 1644 1601 ambo
1670 1559 1728 1601 al-

109 1620 232 1656 terve
256 1629 311 1655 ex
327 1615 362 1655 is
396 1614 586 1669 profifssi
610 1620 753 1666 crunt,
784 1614 897 1655 IIvir
920 1615 992 1670 qui
1015 1615 1104 1656 iure
1124 1614 1311 1656 de'cwido
1334 1621 1515 1670 praeerit
1537 1616 1581 1657 in
1603 1615 1725 1657 tabu-

110 1669 174 1711 las
199 1684 451 1711 communes
473 1669 744 1724 municipum
769 1670 876 1711 eiius
900 1671 1109 1726 municipi
1131 1671 1287 1712 referri
1309 1670 1470 1712 iubeto.
1513 1671 1560 1713 Si
1583 1673 1651 1712 cui
1673 1687 1727 1713 ea

109 1726 245 1768 multa
268 1726 386 1768 dicta
407 1726 488 1766 erit
510 1732 583 1766 aut
605 1726 780 1766 1101111110
805 1727 912 1766 eiius
936 1726 1045 1767 alius
1068 1726 1326 1781 postulabit,
1358 1732 1403 1767 ut
1426 1726 1478 1768 (10
1503 1743 1553 1769 03
1576 1727 1632 1768 ad
1654 1727 1725 1768 de—

110 1783 312 1823 curiones
345 1782 674 1836 c‹⁷›nscriptosve
706 1782 946 1834 referatur,
980 1782 1032 1823 de
1068 1797 1119 1823 ea
1151 1781 1432 1824 decurionum
1457 1783 1725 1838 conscripto—

55 1839 57 1842 ‘
109 1852 263 1879 rumve
285 1837 493 1878 iudicium
519 1842 624 1877 esto.
683 1836 895 1892 Quaeque
926 1837 1089 1878 multae
1121 1852 1208 1878 non
1241 1844 1366 1879 erunt
1394 1839 1581 1880 iniustae
1604 1853 1628 1879 a
1653 1838 1725 1879 de-

110 1892 363 1934 curionibus
395 1893 714 1948 conscriptisve
744 1893 986 1946 iudicatae,
1014 1908 1089 1934 eas
1110 1893 1269 1934 multas
1290 1894 1419 1935 IIviri
1439 1894 1482 1934 in
1504 1893 1725 1949 publicum

108 1950 377 2005 municipum
402 1949 509 1989 eiius
534 1949 759 2004 municipii
779 1949 1028 2005 redigunto.

165 2039 217 2080 R.
234 2039 304 2080 De
322 2038 509 2095 pecunia
528 2038 748 2079 communi
766 2039 1034 2093 municipum
1055 2038 1193 2094 deque
1211 2037 1453 2080 rationibus
1473 2039 1724 2081 eorundem.

196 2118 381 2159 LXVII.
411 2116 483 2158 Ad
515 2131 642 2172 quem
674 2118 860 2172 pecunia
894 2118 1135 2158 connnunis
1168 2118 1435 2172 municipum
1459 2118 1567 2159 eiius
1588 2120 1725 2159 muni-

113 2174 201 2229 cipi
229 2174 483 2230 pcrvencrit
512 2173 697 2215 heresve
733 2173 842 2214 eiius
875 2174 968 2214 isve
999 2173 1055 2214 ad
1085 2188 1211 2229 quem
1231 2188 1282 2214 ca
1304 2188 1374 2214 res
1400 2173 1656 2229 pertinebit,
1679 2176 1724 2215 in

112 2229 268 2271 diebus
290 2229 428 2270 XXX
449 2230 681 2285 proximis,
706 2228 860 2284 quibus
894 2244 945 2270 ea
967 2230 1156 2284 pecunia
1183 2229 1239 2270 ad
1261 2243 1359 2269 eum
1381 2230 1652 2284 pervenerit,
1680 2231 1725 2271 in

110 2285 331 2340 publicum
353 2286 620 2342 municipum
645 2286 752 2326 eiius
774 2285 984 2340 municipi
1007 2300 1104 2327 eam
1125 2286 1301 2326 referto.
1335 2284 1506 2341 Quique
1529 2286 1723 2327 rationes

111 2356 365 2383 communes
396 2343 681 2397 negotiumve
717 2340 833 2396 quod
862 2356 1086 2382 commune
1107 2342 1376 2395 municipum
1399 2341 1491 2382 eius
1513 2342 1724 2397 municipi

109 2399 298 2452 gesserit
327 2398 604 2450 tractaverit,
637 2398 674 2438 is
705 2395 890 2438 hcresve
915 2398 1022 2438 eiius
1047 2397 1160 2455 [isse]
1181 2400 1210 2452 ²)
1234 2398 1290 2439 ad
1313 2412 1440 2452 quem
1465 2411 1515 2437 ea
1536 2411 1607 2437 res
1626 2411 1723 2452 per-

108 2452 265 2494 tinebit
285 2454 330 2494 in
352 2452 513 2494 diebus*
523 2453 660 2494 XXX
681 2453 893 2508 proximis
917 2453 1072 2509 quibus
1097 2468 1147 2494 ea
1170 2453 1351 2509 negotia
1374 2467 1507 2494 easve
1528 2453 1722 2493 rationes

109 2524 264 2565 gerere
286 2514 478 2550 tractare
502 2509 699 2561 desierit,
732 2508 975 2564 quibusque
1004 2509 1262 2550 decuriones
1282 2509 1575 2563 conscriptive
1592 2507 1723 2549 habe-

106 2566 281 2618 buntur,
302 2565 495 2606 rationes
515 2564 630 2606 edito
653 2564 911 2619 redditoque
932 2563 1240 2606 decurionibus
1261 2564 1577 2619 conscriptisve
1596 2564 1722 2605 cuive

110 2622 163 2664 de
196 2620 261 2662 his
295 2619 565 2676 accipiendis
588 2620 911 2675 cognoscendis
943 2635 998 2661 ex
1027 2619 1204 2662 decreto
1228 2620 1509 2662 decurionum
1534 2619 1723 2661 conscri-

155 2758 189 2801 1)
216 2760 277 2792 Sic
292 2759 428 2792 tabula.
455 2759 668 2792 Mommsen.
686 2759 879 2802 legendum
898 2760 1061 2791 coniicit:
1080 2762 1132 2792 uti
1145 2763 1294 2800 pecunia
1309 2760 1388 2791 inde
1406 2759 1543 2791 redacta
1562 2758 1653 2796 (vel.⁴
1669 2770 1724 2792 re-

109 2806 216 2846 cepta)
236 2808 273 2837 in
289 2816 464 2837 commune
484 2805 553 2842 (vel
563 2819 573 2837 .·
592 2807 632 2837 in
645 2807 834 2846 publicum,
851 2805 930 2837 vel:
948 2807 988 2837 in
1005 2806 1085 2837 rem)
1102 2808 1323 2846 municipum
1338 2806 1512 2844 municipi
1527 2805 1632 2836 Flavi
1647 2806 1723 2838 Ma-

107 2853 266 2883 lacitani.
290 2850 444 2882 Laboul.
464 2850 693 2882 adsentiente
720 2850 875 2883 Giraud:
900 2853 954 2882 ⁴uti
976 2852 1127 2891 pecunia
1151 2853 1190 2882 in
1211 2852 1286 2891 foro
1310 2852 1485 2890 municipi
1513 2851 1567 2881 Fi.
1586 2851 1722 2882 Mal.—

107 2895 218 2928 LXV.
244 2893 279 2935 2)
314 2895 507 2928 Probabile
534 2896 772 2928 Mommsenio
802 2895 967 2935 videtur,
1007 2896 1230 2938 antiquiores
1254 2895 1445 2927 verborum
1469 2895 1620 2927 formas:
1642 2892 1721 2933 u'tii,

108 2943 173 2972 eici
191 2939 283 2972 male
305 2951 383 2973 esse
403 2944 559 2973 mutatas
577 2941 632 2973 in:
651 2943 744 2973 ei.—
756 2939 791 2982 3)
817 2944 923 2982 isque.
944 2941 999 2973 Ob
1017 2951 1170 2983 sequens
1188 2940 1371 2983 singulare
1387 2942 1509 2980 possit,
1537 2939 1633 2982 quod
1650 2940 1724 2972 edi-

107 2988 205 3018 tores
230 2986 406 3018 intactum
431 2986 657 3029 relinquunt,
686 2986 841 3019 fortasse
865 2986 1018 3026 rectius,
1044 2985 1200 3018 lectione
1226 2985 1370 3018 tabulae
1388 2988 1484 3027 isque
1501 2988 1661 3026 retenta,
1677 2986 1724 3019 ad

109 3042 192 3074 quos
208 3031 470 3064 emendandum
487 3033 543 3064 in:
570 3033 616 3065 ad
634 3044 743 3074 quem.
758 3049 801 3053 ——
813 3032 964 3064 LXVII.
982 3029 1017 3072 4)
1035 3031 1078 3063 In
1095 3030 1219 3063 tabula
1236 3034 1306 3063 isve
1325 3030 1436 3064 deest.
