1877 3313
718 86 750 128 §.
778 86 809 121 1.
857 86 966 130 Leges
991 91 1026 121 et
1049 85 1238 131 plebiscita.
1702 84 1788 129 279

174 196 309 240 Illlvir
338 195 513 250 praefec.
546 206 610 246 ve,
642 206 927 248 quoquomque
959 192 995 235 d.
1029 206 1064 234 e.
1096 206 1128 234 r.
1161 194 1199 234 in
1231 195 1293 235 ius
1324 193 1469 236 aditum
1500 194 1588 247 erit,
1620 193 1658 235 d.
1689 206 1725 235 e.
1756 206 1788 235 r.

176 258 229 298 ita
260 256 322 297 ius
353 254 500 296 deicito
531 254 676 295 iudicia
709 254 799 294 dato
834 252 1094 305 iudicareque
1114 250 1151 305 ¹]
1184 253 1321 295 iubeto
1355 255 1502 308 cogito,
1532 252 1703 307 proinde
1723 257 1790 295 at-

177 327 258 369 que
289 314 349 355 sei
380 313 417 354 d.
451 327 486 355 e.
518 326 573 364 r.,
617 325 735 365 quom
766 313 819 353 ita
848 310 1092 364 postulatum
1125 316 1259 363 esset,
1302 309 1503 368 damn[ei]
1540 312 1708 353 infectei
1738 324 1793 353 ex

173 372 343 415 formula
373 377 486 413 recte
517 372 807 425 repromissum
839 371 988 411 satisve
1022 370 1154 410 datum
1182 375 1303 412 esset.
1336 371 1383 412 D.
1413 368 1471 425 [e.
1491 368 1564 425 r.]‚
1600 369 1707 424 quod
1738 370 1793 412 ita

173 431 361 473 iudicium
383 430 532 482 datum,
562 430 791 471 iudicareve
814 430 966 470 iussum
990 428 1253 470 iudicatumve
1286 430 1374 481 erit,
1389 461 1398 469 .
1414 461 1423 469 .
1441 461 1472 470 ..
1508 426 1614 484 [i]us
1636 434 1793 471 ratum-

175 503 256 544 que
287 495 401 542 esto,
443 490 536 530 dum
567 490 606 529 in
647 501 694 529 ea
725 488 862 538 verba,
895 488 955 529 sei
998 487 1155 528 damnei
1192 487 1352 529 infectei
1393 489 1680 541 repromissum
1711 501 1794 530 non

176 550 263 600 erit,
294 549 483 589 iudicium
515 547 595 599 det,
626 547 758 600 itaque
792 546 969 587 iudicare
1000 546 1152 586 iubeat:
1194 548 1218 587 i.
1242 546 1268 587 f.
1292 544 1381 601 s.2)
1414 551 1625 600 antequam
1655 546 1696 588 id
1726 548 1795 588 iu-

175 608 320 648 dicium
351 620 390 660 q.
424 606 462 648 d.
494 619 528 647 r.
562 619 620 657 a.,
661 605 806 646 factum
839 609 923 656 est,
957 605 1002 653 Q.
1035 605 1208 646 Licinius
1241 605 1369 646 damni
1400 604 1587 658 infectei,
1629 617 1679 647 eo
1711 619 1794 648 no-

174 667 278 707 mine
310 678 346 718 q.
379 665 415 706 d.
447 678 478 705 r.
510 678 560 716 a.,
591 677 678 705 eam
711 664 1027 718 stipulationem,
1060 676 1177 716 quam
1208 664 1241 705 is
1276 664 1366 717 quei
1398 664 1548 705 Romae
1580 665 1684 705 inter
1713 677 1793 718 pe-

173 725 386 780 regreinos
416 725 476 765 ius
508 723 663 775 deicet,
693 724 732 764 in
763 723 853 764 albo
884 723 1128 776 propositam
1160 723 1299 774 habet,
1335 723 1378 763 L.
1411 722 1502 765 Seio
1544 724 1794 776 repromeis-

175 785 306 832 sisset,
337 789 417 824 tum
451 782 638 836 quicquid
670 795 761 823 eum
795 782 840 830 Q.
873 781 1061 822 Licinium
1094 795 1147 822 ex
1181 795 1229 822 ea
1270 781 1526 836 stipulatione
1557 782 1600 822 L.
1632 781 1724 824 Seio
1757 781 1795 823 d.

174 843 199 883 f.
222 846 427 896 oporteret
448 854 500 881 ex
530 841 557 882 f.
590 841 644 892 b.‚
675 840 712 882 d.
745 838 822 895 ΕΒ)
835 840 970 881 HS...
994 854 1030 881 e.
1060 841 1083 881 1'.
1117 840 1163 888 Q.
1194 840 1384 882 Licinium
1414 841 1457 881 L.
1489 840 1593 882 Seio.
1635 840 1702 883 Sei
1742 853 1796 882 ex

177 901 342 942 decreto
373 900 403 942 Il
415 913 488 951 vir,
519 899 652 941 llllvir
682 898 860 954 praefec.
899 912 963 950 ve,
995 912 1047 939 ex
1078 900 1169 953 lege
1199 899 1350 941 Rubria
1363 897 1405 954 4)
1437 899 1548 941 seive
1589 898 1629 940 id
1659 899 1712 953 pl.
1743 912 1796 940 ve

175 973 231 1002 sc.
256 965 330 1011 est,
353 959 590 1010 decreverit,
623 959 669 1006 Q.
692 958 876 1009 Licinius,
910 971 959 1000 eo
982 959 1141 1000 nomine
1163 971 1241 1011 qua
1273 958 1309 999 d.
1341 972 1373 1000 r.
1406 971 1456 1010 a.,
1488 958 1531 999 L.
1564 957 1657 1000 Seio
1679 957 1795 999 dam-

175 1019 242 1060 nei
271 1018 436 1059 infectei
465 1018 747 1071 repromittere
780 1018 917 1068 noluit,
949 1030 984 1057 c.
1016 1029 1048 1058 s.
1081 1030 1118 1058 n.
1150 1030 1187 1070 p.
1219 1030 1253 1058 a.
1271 1015 1311 1071 ⁵)
1345 1017 1428 1058 Ant
1447 1018 1507 1058 sei
1539 1017 1695 1058 damnei
1726 1019 1794 1058 in-

175 1078 296 1119 fectei
326 1079 422 1118 satis
454 1077 583 1117 datum
617 1089 696 1117 non
729 1077 824 1127 erit,
855 1077 894 1116 in
927 1089 976 1117 ea
1006 1077 1131 1116 verba
1161 1076 1346 1117 iudicium
1379 1075 1466 1117 det:
1501 1077 1525 1116 i.
1549 1075 1576 1117 f.
1610 1088 1642 1118 s.
1675 1081 1796 1117 ante-

176 1150 292 1191 quam
322 1135 361 1177 id
392 1135 578 1176 iudicium
614 1135 680 1176 det
712 1148 749 1188 q.
782 1134 818 1175 d.
851 1147 883 1176 r.
916 1148 964 1187 a.,
996 1134 1143 1175 factum
1166 1140 1241 1185 est,
1275 1136 1321 1183 Q.
1345 1135 1519 1176 Licinius
1543 1134 1699 1176 damnei
1731 1136 1797 1176 in-

176 1196 311 1248 fectei,
344 1206 394 1236 eo
416 1195 578 1236 nomine
612 1206 648 1246 q.
682 1194 718 1235 d.
750 1206 782 1234 r.
816 1206 865 1244 a.,
899 1206 946 1234 ea
978 1194 1254 1246 stipulatione,
1295 1206 1413 1246 quam
1455 1194 1490 1234 is
1522 1194 1614 1246 quei
1644 1194 1796 1236 Romae

177 1330 355 1375 sectusue,
387 1337 602 1374 quocunque
635 1326 681 1362 de
714 1337 755 1362 ea
787 1337 827 1362 re
859 1325 893 1362 in
925 1325 977 1362 ius
1011 1325 1144 1361 aditum
1177 1325 1258 1370 erit,
1290 1325 1335 1361 de
1369 1336 1413 1360 ea
1445 1336 1486 1361 re
1517 1324 1566 1361 ita
1598 1325 1649 1362 ius
1672 1325 1798 1372 dicito,

177 1386 311 1425 iudicia
344 1387 444 1432 dato,
474 1384 696 1433 iudicarique
728 1385 865 1430 iubeto,
897 1383 1036 1431 cogito,
1068 1383 1222 1432 proinde
1255 1387 1362 1431 atque
1395 1383 1424 1420 si
1456 1383 1501 1419 de
1534 1395 1576 1420 ea
1606 1395 1659 1430 re,
1691 1396 1798 1432 quum

176 1447 227 1484 ita
258 1445 477 1494 postulatum
509 1448 618 1490 esset,
652 1442 769 1480 damni
800 1443 925 1480 infecti
957 1454 1003 1479 ex
1035 1443 1188 1479 formula
1220 1447 1319 1480 recta
1350 1442 1606 1491 repromissum
1640 1442 1797 1480 satisue-

177 1506 298 1542 datum
330 1508 438 1540 esset.

316 1563 370 1600 De
403 1574 445 1600 ea
476 1574 529 1609 re,
559 1561 657 1610 quod
688 1561 737 1598 ita
767 1560 935 1598 iudicium
967 1561 1101 1608 datum,
1132 1561 1339 1598 iudicareue
1370 1560 1524 1608 iussum,
1555 1560 1793 1599 iudicatumue

178 1623 268 1670 erit,
299 1621 352 1659 ius
383 1626 571 1669 ratumque
604 1624 706 1668 esto,
747 1619 829 1656 dum
860 1620 894 1657 in
928 1632 970 1657 ea
1002 1622 1136 1667 verba,
1179 1621 1207 1657 si
1239 1620 1356 1657 damni
1389 1620 1512 1657 insecti
1544 1621 1799 1669 repromissum

178 1694 250 1720 non
285 1682 375 1728 erit,
407 1680 574 1717 iudicium
608 1680 693 1726 det,
735 1679 855 1727 itaque
886 1679 1043 1716 iudicare
1076 1680 1217 1716 iubeat:
1262 1679 1403 1728 „Iudex
1435 1679 1494 1716 fiat
1525 1679 1579 1726 si,
1610 1685 1800 1728 antequam

178 1742 213 1779 id
244 1740 424 1786 iudicium,
457 1751 525 1787 qua
556 1740 601 1776 de
633 1750 673 1775 re
705 1738 847 1786 agitur,
879 1739 1010 1775 factum
1044 1743 1117 1785 est,
1150 1739 1298 1783 Quintus
1330 1738 1481 1775 Licinius
1514 1738 1630 1776 damni
1662 1739 1799 1786 infecti,

179 1812 225 1838 eo
257 1799 420 1845 nomine,
463 1810 531 1846 qua
564 1799 609 1834 de
641 1809 681 1834 re
714 1797 857 1845 agitur,
900 1810 978 1835 eam
1011 1798 1304 1847 stipulationem,
1345 1809 1450 1846 quam
1481 1797 1534 1844 is,
1575 1798 1634 1846 qui
1666 1798 1799 1835 Romae

179 1860 272 1896 inter
304 1857 520 1908 peregrinos
553 1857 604 1893 ius
638 1857 753 1903 dicet,
795 1857 829 1893 in
862 1857 944 1894 albo
978 1857 1202 1906 propositam
1233 1857 1366 1903 habet,
1408 1857 1517 1893 Lucio
1549 1856 1634 1893 Seio
1666 1868 1799 1906 repro-

179 1917 355 1964 misisset,
397 1921 469 1953 tum
502 1916 673 1964 quidquid
706 1927 787 1952 eum
820 1916 860 1960 Q.
892 1916 1066 1952 Licinium
1099 1927 1145 1952 ex
1178 1927 1220 1952 ea
1252 1915 1483 1963 stipulatione
1524 1915 1559 1952 L.
1592 1915 1677 1953 Seio
1711 1916 1800 1953 dare

180 1977 303 2014 facere
344 1979 535 2025 oporteret
567 1987 613 2011 ex
645 1975 715 2011 fide
747 1976 867 2022 hona,
910 1975 996 2012 dare
1041 1975 1163 2012 facere
1208 1974 1395 2012 sestertios
1513 1985 1593 2012 eum
1634 1974 1717 2012 iube
1757 1974 1799 2020 Q.

180 2035 347 2073 Licinium
379 2035 415 2072 L.
448 2033 572 2071 Seio.‘'·

323 2094 388 2144 „Si
420 2106 467 2131 ex
500 2094 650 2130 decreto
683 2093 887 2140 Duumuiri,
921 2092 1163 2139 Quatuoruiri,
1195 2092 1421 2129 Praefectiue
1452 2091 1670 2139 Mutinensis,
1702 2092 1800 2141 quod

182 2153 257 2192 eius
288 2153 449 2199 Duumir,
481 2152 711 2198 Quatuoruir,
743 2153 1012 2199 Praefectusue,
1046 2164 1092 2189 ex
1124 2152 1221 2198 Lege
1253 2151 1382 2188 Rubria
1415 2151 1492 2188 siue
1523 2151 1557 2188 id
1591 2151 1798 2188 Plebisues-

183 2214 289 2251 citum
321 2217 387 2258 est,
422 2212 650 2258 decreuerit,
686 2212 727 2256 Q.
758 2211 930 2258 Licinius,
965 2223 1009 2248 eo
1043 2211 1198 2257 nomine,
1231 2223 1297 2258 qua
1331 2211 1375 2247 de
1410 2222 1449 2247 re
1482 2210 1612 2257 agitur,
1643 2211 1679 2247 L.
1712 2210 1798 2249 Seio

185 2272 301 2309 damni
333 2271 455 2309 infecti
487 2271 741 2319 repromittere
772 2270 885 2307 noluit
918 2270 1146 2316 Condemna,
1177 2269 1213 2306 Si
1244 2270 1321 2306 Non
1355 2270 1460 2306 Paret
1483 2268 1684 2306 Absolve.“
1728 2270 1799 2307 Ant

184 2331 213 2368 si
244 2331 361 2367 damni
394 2329 514 2367 infecti
547 2329 755 2366 satisdatum
787 2341 858 2366 non
891 2330 980 2376 erit,
1023 2329 1056 2366 in
1090 2341 1131 2365 ea
1164 2330 1274 2365 verba
1307 2328 1471 2365 iudicium
1506 2329 1587 2365 det:
1631 2323 1799 2378 „ssudex

185 2391 257 2436 liat,
289 2385 357 2443 si,)
391 2393 579 2436 antequam
611 2388 646 2425 id
678 2388 857 2435 iudicium,
890 2401 958 2436 qua
991 2388 1036 2424 de
1067 2400 1106 2424 re
1139 2388 1269 2435 agitur,
1302 2388 1433 2424 factum
1467 2391 1542 2434 est,
1576 2387 1616 2431 Q.
1649 2387 1798 2424 Licinius

187 2449 303 2486 damni
334 2447 472 2495 infecti,
504 2459 550 2485 eo
581 2447 739 2495 nomine,
771 2459 839 2495 qua
874 2447 918 2484 de
948 2458 989 2484 re
1021 2446 1152 2495 agitur,
1184 2458 1227 2484 ea
1259 2446 1503 2496 stipulatione,
1534 2457 1638 2494 quam
1664 2445 1708 2493 is,
1740 2445 1799 2495 qui

326 2575 364 2620 1)
390 2577 623 2622 iudicat-eique.
657 2575 751 2610 Carl.
784 2592 828 2597 —
862 2573 900 2618 2]
936 2575 1026 2620 Huyo
1060 2575 1086 2609 F
1122 2575 1154 2608 in
1180 2575 1208 2608 E
1241 2581 1369 2608 mutato
1403 2576 1662 2618 interpretatur:
1697 2573 1800 2607 iudex

188 2631 281 2667 esto;
306 2626 334 2658 si
360 2630 422 2659 etc.
450 2625 571 2658 Postea
596 2624 793 2658 retractavit
819 2626 1048 2656 coniecturam
1069 2620 1242 2665 (Beitrfige
1261 2634 1320 2656 zur
1338 2622 1469 2655 civilist.
1489 2620 1799 2655 Biicberkenntniss

189 2672 334 2706 Tom.11.
348 2684 380 2717 p.
396 2670 480 2713 129)
499 2678 532 2705 et
549 2673 725 2715 proposuit
743 2670 1025 2714 explicationem:
1044 2670 1204 2703 iudicium
1223 2670 1290 2704 fiat.
1311 2688 1349 2692 -
1372 2667 1409 2711 3]
1424 2668 1558 2702 tabula:
1576 2667 1602 2700 Γ
1615 2667 1713 2712 proF
1727 2667 1797 2708 (fa-

189 2719 297 2762 cere).
325 2736 365 2742 ——-
392 2718 432 2761 4)
458 2718 519 2752 Hic
545 2724 597 2752 est
621 2718 728 2760 locus,
754 2720 847 2750 cuius
874 2718 1101 2761 interpunctio
1128 2716 1268 2750 multum
1295 2716 1386 2750 valet
1408 2715 1448 2748 ad
1469 2715 1693 2748 definiendum
1713 2714 1798 2758 legis

190 2766 287 2799 huius
312 2776 448 2807 nomen,
473 2770 593 2809 praeut
618 2764 724 2798 verba
750 2775 792 2797 esc
816 2764 883 2807 leye
907 2764 1036 2797 Rubria
1062 2775 1138 2797 cum
1166 2763 1445 2797 antecedentibus
1476 2759 1729 2805 (praefectusve
1754 2774 1798 2796 ex

189 2812 267 2855 lege
290 2810 432 2855 Rubria)
458 2823 499 2845 an
526 2823 601 2845 cum
627 2813 781 2855 proxime
807 2811 1026 2856 sequentibus
1060 2808 1120 2852 (ex
1145 2810 1222 2855 lege
1248 2810 1372 2843 Rubria
1407 2807 1616 2852 decreverit)
1649 2810 1795 2843 coniun-

192 2861 291 2892 xeris.
326 2859 396 2893 Nos
420 2860 644 2904 posteriorem
670 2860 883 2899 sententiam,
909 2869 1007 2903 quarn
1033 2858 1162 2891 Puchta
1188 2863 1312 2899 tuetur,
1337 2857 1443 2891 secuti
1468 2867 1592 2891 sumus.
1619 2874 1660 2880 —
1688 2854 1726 2899 5)
1746 2856 1796 2891 De

193 2905 310 2940 harum
334 2912 493 2942 notarum
519 2906 746 2951 explicatione
771 2906 811 2941 V.
836 2905 936 2949 Hugo
962 2904 1119 2949 Beitra'ge
1144 2904 1166 2939 l.
1190 2904 1212 2938 l.
