1877 3287
777 119 1114 157 PRAEFATIO.
1692 121 1752 158 vn

134 234 245 285 priori
278 233 448 272 volumini
484 232 622 270 incluso
654 232 745 270 haec
785 231 978 280 praecipue
1010 230 1093 268 mihi
1125 231 1320 280 spectanda
1352 229 1427 269 visa
1458 234 1560 269 sunt:
1602 230 1754 282 primum

134 311 173 344 ut
203 309 316 343 totum
348 304 618 353 inscriptionum
651 303 816 340 ambitum
850 302 1178 351 complecteretur,
1211 302 1340 340 deinde
1371 307 1409 340 ut
1431 303 1613 352 aptissima
1635 315 1753 352 quae-

135 388 205 425 que
250 375 413 425 exempla
447 386 493 412 ex
524 379 594 411 tam
627 373 767 422 ingenti
799 372 910 422 copia
943 377 1150 422 promeret3
1191 384 1302 422 porro
1334 378 1372 410 ut
1403 373 1584 422 aptissimo
1626 374 1755 412 ordine

136 448 371 496 disponeret3
413 450 633 495 postremum
668 449 706 481 ut
736 456 834 481 usum
878 445 1001 481 harum
1034 444 1302 492 inscriptionum
1342 443 1554 482 necessariis
1586 445 1752 482 subsidiis

133 519 328 556 instrueret
363 522 399 554 et
429 521 581 554 externa
613 516 693 553 libri
726 515 1014 552 conformatione
1050 515 1197 552 iuvaret.
1259 515 1330 552 Iam
1359 516 1555 563 videamus,
1589 527 1657 564 qua
1688 527 1754 553 ra-

133 589 232 627 tione
274 589 336 626 has
369 588 474 625 dotes
507 586 662 624 delectui
699 597 779 623 meo
823 586 851 623 si
883 597 954 623 non
987 586 1198 633 conciliavi,
1241 591 1340 623 certe
1372 586 1514 635 quidem
1556 586 1752 626 conciliare

90 659 341 715 fistud‘uerim.

78 715 88 717 ⁴
198 713 212 715 ..
275 729 426 767 Primum
459 729 568 776 igitur
609 728 742 765 nullum
782 727 1053 777 inscriptionum
1086 740 1201 777 genus
1243 729 1350 777 plane
1387 728 1645 777 praetermitti,
1687 729 1754 768 sed

135 801 358 849 singulorum
391 812 565 848 generum
597 800 764 849 exempla
796 799 909 848 recipi
943 799 1117 848 oportuit,
1150 811 1256 847 quum
1289 803 1326 836 et
1359 799 1519 838 doctrina
1542 801 1658 839 altero
1680 812 1755 840 vo-

132 873 264 910 lumine
286 872 547 920 comprehensa
580 882 704 908 omnes
731 871 1001 920 inscriptionum
1034 875 1157 920 partes
1179 871 1428 920 complectens
1460 871 1600 920 plenam
1622 884 1755 911 exem-

133 944 274 993 plorum
306 943 447 992 copiam
480 942 695 990 requireret.
758 943 879 990 Atque
911 943 1007 990 quod
1041 942 1085 978 ad
1117 943 1207 978 hanc
1240 942 1487 990 exemplorum
1520 942 1660 992 copiam
1693 947 1755 981 at-

133 1014 236 1062 tinet,
270 1015 451 1052 detectum
478 1019 637 1051 nostrum
670 1014 865 1063 praecipue
889 1026 907 1050 a
931 1017 1242 1050 monumentorum
1276 1013 1445 1061 legalium
1477 1025 1569 1061 quae
1587 1013 1755 1052 dicuntur

132 1085 360 1124 collectione
394 1086 679 1123 commendatum
713 1086 754 1122 iri
787 1085 942 1122 confido.
1005 1086 1154 1122 Constat
1186 1083 1300 1131 enim,
1338 1096 1441 1133 quam
1473 1096 1596 1134 parum
1632 1086 1757 1135 Span-

132 1157 328 1204 genbergii
360 1157 517 1193 Tabulae
550 1156 782 1204 negotiorum
816 1156 899 1192 iuris
932 1156 1068 1193 romani
1102 1155 1324 1193 sollemnium
1358 1151 1524 1207 (Lipsiae
1559 1152 1694 1210 1822)
1717 1160 1756 1195 et

132 1228 316 1266 Hauboldi
362 1229 587 1265 monumenta
620 1228 751 1275 legalia
788 1222 877 1278 (Ed.
909 1227 1186 1275 Spangenberg.
1223 1226 1388 1264 Berolini.
1424 1222 1574 1279 1830.)
1606 1227 1756 1266 satisfa-

132 1299 239 1346 ciant,
274 1311 380 1347 quum
413 1303 450 1335 et
481 1298 685 1335 accuratior
716 1298 768 1335 rei
802 1298 967 1334 tractatio
1001 1302 1037 1334 et
1068 1309 1139 1335 non
1174 1298 1326 1345 exiguus
1349 1303 1661 1336 monumentorum
1682 1310 1756 1337 nu-

131 1382 250 1408 merus
284 1374 413 1419 postea
448 1370 676 1407 inventorum
710 1369 742 1406 in
775 1373 931 1416 utroque
964 1380 1079 1418 opere
1112 1369 1348 1406 desideretur.
1410 1370 1482 1406 Iam
1514 1370 1547 1406 in
1580 1370 1651 1407 hoc
1682 1381 1757 1409 no·-

130 1446 210 1479 stro
244 1442 388 1478 delectu
422 1440 593 1489 quidquid
637 1440 844 1477 llauboldus
877 1445 914 1477 et
946 1440 1267 1489 Spangenbergius
1309 1441 1486 1489 praebent
1516 1441 1659 1488 legum,
1690 1453 1757 1479 se-

133 1513 496 1559 natusconsultorum,
529 1511 684 1559 denique
709 1516 1019 1549 monumentorum
1052 1523 1158 1549 omne
1191 1524 1306 1560 genus
1339 1513 1469 1550 eodem
1501 1512 1757 1561 pertinentium

132 1583 302 1632 coniungi
335 1584 520 1629 invenies,
563 1595 680 1631 eaque
713 1583 828 1621 onmia
862 1595 931 1620 non
966 1594 1035 1620 uno
1070 1584 1153 1620 loco
1194 1584 1371 1631 castigata
1404 1588 1441 1620 et
1471 1582 1630 1632 pluribus
1668 1594 1755 1621 mo-

130 1655 307 1692 numentis
341 1659 457 1692 aucta.
503 1656 653 1691 Tantum
687 1655 731 1691 (le
765 1654 804 1691 iis
839 1658 1148 1690 monumentorum
1182 1655 1350 1702 legalium
1372 1654 1580 1702 generibus,
1610 1654 1646 1692 in
1667 1654 1754 1703 qui·-

128 1726 195 1762 bus
227 1724 314 1763 nihil
347 1726 423 1763 sere
456 1725 521 1762 nisi
555 1726 703 1763 eaedem
738 1726 914 1762 formulae
946 1725 1139 1762 sollemnes
1182 1726 1322 1762 mutatis
1355 1725 1555 1762 nominibus
1594 1725 1753 1775 propriis

128 1801 361 1847 repetuntur,
394 1809 466 1835 non
501 1797 618 1834 omnia
650 1798 772 1845 recepi
806 1810 872 1834 nec
905 1797 1060 1844 integra,
1093 1797 1156 1833 sed
1189 1797 1382 1846 specimina
1415 1797 1545 1845 selegi,
1576 1797 1668 1835 utin
1689 1802 1751 1835 ta-

127 1868 220 1905 bulis
252 1868 427 1905 honestae
459 1868 653 1914 missionis,
685 1868 717 1905 in
751 1868 877 1905 tabulis
910 1868 1158 1916 hospitalibus,
1190 1868 1222 1904 in
1256 1869 1374 1905 tabula
1407 1868 1628 1906 alimentaria
1658 1869 1752 1907 Tra-

127 1938 218 1976 iana.
280 1939 355 1977 Sed
388 1939 605 1987 reliquorum
640 1950 815 1985 generum
847 1943 1076 1976 monumenta
1109 1939 1256 1986 legalia,
1288 1943 1326 1976 ut
1356 1939 1472 1988 leges,
1508 1944 1752 1979 senatuscon-

127 2010 232 2057 sulta,
268 2015 347 2047 acta
380 2011 519 2059 publica
553 2010 823 2058 magistratuum
857 2012 1072 2047 urbanorum
1107 2015 1142 2047 et
1173 2010 1458 2059 municipalium,
1492 2011 1596 2048 etiam
1628 2012 1749 2050 colle-

127 2081 268 2128 giorum
302 2081 383 2118 dedi
418 2082 550 2129 onmia,
584 2082 740 2129 undique
773 2082 972 2130 conquisita
1006 2087 1041 2118 et
1073 2082 1289 2130 optimorum
1316 2082 1557 2120 subsidiorum
1589 2094 1661 2132 ope
1681 2095 1748 2121 re-

127 2152 284 2200 cognita.
333 2153 408 2197 Qua
433 2153 552 2201 operis
587 2153 653 2190 mei
678 2157 779 2201 parte
812 2153 968 2190 curanda
992 2165 1048 2189 me
1081 2164 1151 2189 nou
1175 2153 1371 2201 philologis
1405 2153 1520 2190 solum
1551 2154 1616 2191 sed
1638 2154 1748 2193 etiam

126 2223 381 2261 iureconsultis
414 2229 554 2271 gratum
590 2223 720 2261 fecisse
753 2230 851 2273 puto.
899 2226 1076 2272 Nusquam
1110 2224 1200 2260 euim
1233 2224 1304 2261 alio
1335 2225 1418 2262 loeo
1440 2229 1496 2262 tot
1517 2230 1748 2264 monumenta

126 2295 258 2343 legalia
291 2300 377 2343 quot
410 2296 442 2332 in
476 2297 546 2333 hoe
579 2300 703 2333 nostro
733 2296 874 2333 delectu
904 2296 1092 2333 coniuncta
1118 2295 1356 2333 inveniuntur.
1405 2296 1462 2333 Ad
1485 2297 1654 2334 nonnulla
1678 2297 1746 2335 alia

127 2366 290 2403 delectus
334 2366 476 2416 capita,
517 2371 555 2403 ut
596 2367 779 2403 titulorum
819 2367 1092 2416 sepulcralium,
1134 2367 1433 2414 honorariorum,
1473 2367 1746 2417 inscriptionum

125 2437 362 2486 poeticarum,
395 2438 505 2475 multo
538 2437 747 2475 uberiorem
782 2438 923 2488 copiam
957 2443 1201 2487 comparatam
1232 2439 1451 2486 habueram,
1481 2439 1547 2477 sed
1577 2443 1616 2476 ut
1645 2450 1746 2478 suam

125 2508 296 2545 volumini
328 2508 612 2545 mediocritatem
643 2520 850 2556 servarem,
883 2510 990 2546 multa
1023 2509 1179 2558 seposui.

267 2580 322 2616 Ex
354 2583 424 2616 tam
455 2578 595 2627 ingenti
628 2584 745 2617 autem
778 2580 1045 2630 inscriptionum
1073 2581 1177 2630 copia
1211 2592 1276 2618 eae
1302 2581 1524 2630 potissimum
1548 2585 1650 2619 erant
1670 2581 1743 2619 de-

124 2650 316 2698 ligendae,
364 2661 456 2698 quae
488 2662 554 2698 per
586 2662 626 2687 se
659 2655 779 2688 essent
811 2651 958 2699 cognitu
991 2651 1242 2699 dignissimae,
1284 2652 1506 2700 eaedemque
1538 2651 1591 2690 sui
1622 2664 1740 2704 quae-

125 2733 195 2770 que
236 2722 382 2770 generis
415 2725 663 2767 argumentum
705 2722 958 2771 propriamque
998 2723 1150 2760 formam
1192 2723 1371 2773 aptissime
1411 2728 1741 2773 repraesentarent,

128 2796 164 2828 et
195 2804 287 2841 quae
319 2791 533 2830 coniunctae
573 2793 808 2831 formularum
840 2794 873 2830 in
903 2805 1114 2843 unaquaque
1156 2795 1273 2833 classe
1303 2795 1513 2833 varietatem
1549 2796 1739 2846 complec-

125 2866 297 2900 terentur.
368 2864 516 2901 Praeter
558 2864 649 2901 hane
691 2864 878 2912 deligendi
917 2875 1077 2902 normam
1119 2877 1240 2903 earum
1282 2877 1428 2914 quoque
1467 2866 1738 2916 inscriptionum

124 2934 354 2984 praecipuam
384 2934 562 2973 rationem
592 2935 794 2973 habendam
827 2947 908 2974 esse
939 2936 1050 2985 duxi,
1091 2949 1183 2985 quae
1213 2937 1247 2976 in
1280 2937 1512 2987 amplioribus
1543 2937 1737 2977 collectio-
