1918 3313
324 121 356 162 §.
380 116 413 154 2.
462 119 654 163 Festorum‚
678 121 923 155 sacrificiorum
948 126 983 154 et
1009 130 1185 154 sacrorum
1210 121 1433 165 collegiorum
1458 126 1545 155 acta.
1689 121 1748 164 39

129 227 300 271 Salonae
331 227 568 280 coniugibus
599 227 817 281 liberisque
849 227 1008 271 nostris.
1040 250 1097 257 —-
1129 231 1286 267 Salonae
1327 231 1438 278 olim,
1479 241 1572 268 nuno
1603 230 1751 278 Patavii,

130 289 256 338 partim
287 300 382 325 novo
415 288 448 325 in
481 301 658 326 marmore
691 290 819 338 partim
861 289 987 326 veteri.
1036 289 1087 325 De
1121 290 1380 328 recentioribus
1412 295 1558 336 tamen,
1602 293 1752 328 auctore

130 348 336 393 Moroeffio,
368 359 439 385 non
472 349 724 394 dubitandum,
756 360 863 396 quum
905 348 1074 393 Cyriacus
1107 347 1353 386 Anconitanus
1395 346 1531 397 aliique
1572 348 1753 396 integram

129 406 401 456 inscriptionem
424 412 508 444 ante
531 408 788 456 descripserint
811 419 916 455 quam
943 407 986 443 ad
1011 407 1232 454 Ramnusios,
1266 409 1429 445 eiusdem
1450 407 1628 453 dominos,
1658 420 1752 456 per-

132 467 298 504 ferretur.
345 467 500 502 Edidere
544 467 682 503 Gruter.
726 466 866 513 23‚12.
913 466 1058 502 Zachar.
1104 467 1226 503 Salon.
1259 480 1295 516 p.
1327 467 1395 504 41.
1441 467 1570 505 Murat.
1611 466 1751 514 325,5.

130 526 354 562 Furlanettus
387 525 420 562 in
452 526 612 562 Morcell.
645 524 711 574 Op.
746 538 801 573 ep.
833 526 870 562 T.
903 525 948 564 Π.
981 537 1014 573 p.
1050 524 1115 561 62.
1167 526 1261 562 Orci.
1295 525 1422 564 2490.

273 612 368 649 363.
428 610 536 651 Haec
567 623 660 652 area
690 611 792 651 intra
825 611 926 652 hanc
945 610 1212 652 definitionem
1237 612 1443 666 cipporum
1465 612 1600 654 clausa
1625 625 1754 654 veru-

87 722 90 724 *
132 670 207 710 bus
239 673 279 710 et
311 681 418 719 area,
451 681 556 722 quae
589 675 650 710 est
681 669 861 720 inferius,
895 669 1075 711 dedicata
1108 675 1168 710 est.
1199 683 1251 710 ex
1283 676 1376 712 voto
1409 676 1613 725 suscepto,
1647 671 1756 724 quod

132 727 198 768 diu
237 733 322 769 erat
364 733 597 781 susceptum
641 742 717 769 nec
760 729 957 770 redditum
998 729 1271 770 incendiorum
1314 730 1578 772 arcendorum
1620 743 1756 782 causa,

133 786 292 841 quando
326 787 421 828 urbs
453 799 526 840 per
558 800 701 829 novem
740 787 824 829 dies
870 789 965 829 arsit
1006 788 1241 829 Neronianis
1283 789 1554 842 temporibus,
1604 795 1644 831 et
1681 790 1756 830 hac

132 847 224 901 lege
257 846 385 888 dicata
418 852 495 898 est,
528 859 579 887 ne
612 848 674 887 cui
706 846 823 888 liceat
853 848 956 888 intra
987 847 1060 888 hos
1093 848 1284 890 terminos
1307 847 1527 889 aedificium
1550 853 1756 902 extruere,

133 917 308 957 manere,
339 906 552 960 negotiari,
585 907 769 947 arborem
798 919 966 960 ponere,
1001 906 1155 947 aliudve
1181 906 1271 960 quid
1295 920 1459 958 serere3
1491 912 1531 948 et
1560 912 1602 949 ut
1631 919 1757 962 prae-

134 969 216 1014 tor,
249 965 312 1005 cui
344 965 443 1005 haec
467 966 580 1020 regio
612 970 723 1006 sorte
756 966 990 1017 obvenerit,
1023 965 1221 1006 litaturum
1253 978 1298 1006 se
1331 967 1430 1008 sciat
1471 966 1623 1009 aliusve
1666 967 1757 1021 quis

133 1024 385 1078 magistratus
419 1023 698 1066 Volcanalibus
730 1024 767 1065 X
798 1024 881 1065 Kal.
913 1024 1018 1078 Sept.
1054 1025 1236 1065 omnibus
1269 1026 1380 1067 annis
1412 1025 1536 1068 vitulo
1567 1026 1684 1068 robio
1717 1030 1758 1067 et

133 1095 265 1124 verre.
298 1106 354 1112 —
386 1086 520 1123 Romae
560 1087 605 1123 ad
637 1087 805 1148 templum
838 1086 1013 1123 Mercurii.
1061 1087 1158 1123 Grut.
1194 1086 1301 1133 61‚3,
1347 1088 1489 1125 Fabret.
1520 1100 1554 1137 p.
1589 1087 1758 1135 684‚83.

134 1145 293 1183 ltlorcell.
327 1145 402 1182 Stil.
434 1145 537 1182 LXII.
588 1145 684 1182 Orel.
719 1145 814 1183 736.

278 1233 372 1270 364.
434 1231 630 1272 Vediovei
673 1231 803 1271 Patrei
846 1230 1043 1285 genteiles
1086 1230 1207 1270 Iuliei.
1242 1254 1297 1260 ——
1330 1228 1412 1285 (Ab
1454 1235 1567 1272 altera
1606 1230 1757 1288 partet)

134 1290 272 1344 Leege
304 1289 455 1331 Albana
488 1290 633 1330 dicata.
666 1307 722 1318 -—
753 1292 899 1329 Bovillis
931 1293 965 1328 in
1005 1303 1077 1328 ara.
1141 1292 1237 1328 Oret.
1274 1291 1396 1329 1287.
1457 1293 1635 1331 Cardinali
1666 1293 1758 1343 Dipl.

136 1364 170 1401 p.
204 1352 271 1389 46.
304 1364 337 1389 n.
371 1351 436 1388 64.
480 1351 635 1388 Klauseu
670 1352 814 1388 Aeneas
848 1351 890 1388 11.
922 1362 955 1399 p.
993 1350 1114 1387 1082.
1157 1351 1352 1388 Mommsen
1385 1352 1437 1388 De
1470 1353 1601 1400 colleg.
1633 1364 1668 1401 p.
1694 1352 1760 1391 17.

280 1439 376 1476 365.
437 1434 701 1492 Synopsis¹].
764 1437 902 1478 Victor
943 1441 1162 1490 argenteus
1204 1437 1243 1477 in
1288 1437 1479 1490 Capitolio
1527 1437 1678 1480 babens
1719 1438 1760 1480 in

137 1496 264 1550 capite
296 1509 487 1538 coronam
519 1501 751 1551 argenteam
785 1493 1087 1551 querqueam²)
1121 1496 1251 1536 folior.
1286 1496 1400 1537 XXX
1426 1498 1464 1537 in
1489 1509 1569 1550 qua
1590 1497 1759 1553 glandes

136 1556 181 1596 V.
214 1555 299 1597 XV.
331 1555 468 1597 serens
500 1558 538 1596 in
571 1568 690 1597 manu
724 1555 865 1596 dextra
897 1556 1035 1596 orbem
1063 1560 1296 1609 argenteum
1329 1561 1366 1596 et
1396 1557 1564 1598 victoria
1591 1557 1760 1611 palmam

135 1613 331 1656 ferentem
364 1620 405 1656 et
436 1628 625 1656 eoronam
658 1615 786 1656 folior.
820 1614 972 1655 XXXX
1014 1615 1057 1655 in
1096 1615 1261 1655 sinistra
1302 1615 1454 1656 hastam
1496 1621 1756 1672 argent.....

137 1697 192 1704 ——
227 1677 346 1715 Cirtae
378 1671 665 1730 (Constantine)
700 1677 826 1715 Clarae
858 1677 980 1714 Musce
1014 1677 1059 1713 de
1091 1677 1264 1725 sulpture.
1312 1677 1402 1715 Livr.
1439 1676 1503 1715 13.

255 1829 291 1869 §2
322 1825 359 1864 2.
419 1826 626 1873 Fastorum,
657 1826 937 1873 sacrificiorum
971 1830 1007 1862 et
1036 1835 1236 1862 sacrorum
1268 1825 1512 1876 colleyiorum
1543 1831 1643 1866 acta.

561 1956 657 1994 366.
731 1953 773 1995 C.
806 1953 964 1996 Minicio
997 1952 1186 1994 Fundano

733 2013 774 2054 C.
809 2013 1006 2054 Vetennio
1040 2013 1193 2054 Severo
1227 2008 1323 2067 (2³)

788 2072 871 2112 Lat.
904 2071 1004 2112 fuer.
1020 2069 1060 2125 4)
1091 2072 1154 2112 Pr.
1185 2070 1268 2112 Idu.
1300 2070 1406 2126 Aug.

729 2131 770 2171 P.
803 2130 917 2172 Aelio
949 2130 1146 2172 Hadriano

733 2190 782 2233 Μ.
815 2190 1001 2231 Trebatio
1034 2189 1155 2230 Prisc.
1190 2187 1230 2228 C.

791 2249 874 2290 Lat.
908 2248 1010 2289 fuer.
1043 2249 1103 2288 VI.
1136 2246 1162 2288 1.
1195 2246 1266 2288 Iul.

734 2308 774 2348 P.
809 2308 980 2349 Calvisio
1013 2307 1140 2348 Tullio

733 2367 774 2407 L.
807 2367 938 2408 Annio
970 2367 1114 2419 Largo.

797 2426 880 2467 Lat.
912 2426 1014 2467 fuer.
1047 2424 1108 2465 v1.
1141 2422 1168 2464 I.
1200 2424 1227 2465 1.
1244 2421 1284 2480 ⁵)

143 2532 199 2540 —-
231 2512 436 2559 Fragment.
468 2512 611 2548 tabulae
642 2516 779 2560 repert.
811 2511 847 2548 in
877 2516 1001 2549 monte
1029 2510 1157 2548 Alban.
1201 2509 1346 2548 Oderic.
1377 2511 1452 2559 Syl.
1484 2523 1520 2560 p.
1552 2509 1649 2549 231.
1681 2508 1761 2549 Ma-

143 2570 209 2609 rini
238 2571 314 2608 Atti
344 2571 370 2608 1.
407 2570 499 2608 129.
546 2571 656 2608 More.
691 2571 756 2620 Op.
789 2583 846 2620 ep.
879 2571 921 2608 11.
955 2569 1022 2607 41.
1071 2569 1180 2607 Orell.
1214 2569 1340 2607 2472.

285 2733 324 2778 1)
349 2734 470 2770 Clarae
496 2735 621 2779 accipit
643 2745 724 2780 pro:
757 2735 903 2769 Veiovis.
929 2733 1017 2768 Bahr
1050 2730 1149 2775 (Iahn
1174 2733 1286 2769 Iahrb.
1314 2733 1408 2768 Tom.
1434 2733 1488 2766 52.
1512 2742 1547 2776 p.
1574 2729 1672 2776 413.)
1698 2743 1761 2766 ex-

146 2782 266 2826 plicat:
291 2783 520 2817 inventarium
546 2782 636 2816 Iovis
662 2784 682 2815 i.
708 2794 737 2815 e.
763 2782 882 2826 templi
907 2780 1020 2821 lovis,
1055 2786 1090 2813 ut
1116 2782 1181 2814 iam
1215 2782 1320 2825 prima
1354 2791 1409 2813 res
1442 2781 1484 2814 sit
1517 2780 1614 2814 huius
1638 2782 1762 2814 inven-

146 2831 223 2863 tarii
258 2831 392 2874 signum
427 2830 517 2863 Iovis
551 2830 708 2863 Victoris.
738 2847 777 2852 —
804 2828 844 2872 2)
880 2838 961 2872 pro:
989 2838 1183 2872 querneam‚
1208 2839 1298 2862 nova
1323 2827 1482 2861 adjectivi
1507 2827 1626 2862 forma.
1653 2845 1696 2851 —
1721 2825 1761 2871 3)

147 2875 359 2910 Consulibus.
386 2874 545 2910 Ceterum
571 2876 606 2910 hi
630 2876 786 2910 consules
821 2882 855 2910 ut
887 2880 1069 2920 sequentes
1098 2875 1193 2910 fastis
1226 2881 1303 2910 sunt
1338 2875 1458 2918 ignoti.
1494 2891 1539 2897 —
1571 2873 1613 2918 4)
1638 2875 1762 2910 latinae

148 2923 254 2958 feriae
278 2924 425 2959 fuerunt.
453 2942 494 2947 —
521 2921 560 2967 5)
586 2923 660 2958 idus
686 2923 809 2959 Iunias.
