1877 3313
516 135 546 177 ς.
575 134 629 170 10.
689 135 775 171 Acta
800 136 1024 182 collegiorum
1049 148 1117 171 non
1142 149 1327 175 sacrorum.
1642 143 1727 186 389

255 242 376 281 1772.
437 242 481 282 L.
515 243 639 297 Ogius
670 244 876 286 Patroclus
908 249 1071 286 secutus
1102 245 1286 298 pietatem
1319 247 1394 289 col.
1427 253 1530 290 cent.
1554 246 1591 305 ¹)
1624 250 1723 292 lior-

112 304 176 340 tos
208 311 295 340 cum
327 300 506 342 aedificio
547 303 638 343 huic
681 304 804 356 sepul.
820 301 861 358 2)
906 305 1040 345 iuncto
1071 305 1185 345 vivos
1218 304 1399 357 donavit,
1441 314 1484 348 ut
1515 321 1568 349 ex
1598 309 1726 351 reditu

111 370 196 399 eor.
226 358 375 414 largius
407 373 526 401 rosae
558 367 597 402 et
629 374 750 403 escae
781 363 954 404 Patrono
986 375 1062 404 suo
1095 367 1134 403 et
1167 364 1404 418 quandoque
1427 367 1501 407 sibi
1520 380 1726 420 poneren-

111 421 186 459 tur.
220 442 277 448 -
307 421 486 459 Toricelli.
526 423 611 459 Mur.
649 423 787 470 5133.
850 424 961 462 Orell.
995 425 1120 461 4070.

254 509 375 547 1773.
437 508 481 548 Ti
502 507 684 550 Claudius
718 509 946 552 Cliresimus
970 511 1020 552 ob
1044 508 1190 565 hon.3)
1220 511 1601 565 Quinquennalitatis
1634 516 1725 557 col-

108 564 214 620 legio
248 565 516 619 dendrophor.
560 580 760 609 romanor.
805 570 947 622 quibus
979 582 1031 610 ex
1061 569 1099 611 S.
1133 570 1174 611 C.
1209 571 1317 610 coire
1359 571 1452 613 licet
1490 575 1643 627 argenti
1682 576 1724 616 P.

108 623 145 664 X
177 629 216 664 ct
246 623 318 666 HS.
351 625 400 665 X.
434 625 539 666 mllia
569 626 614 666 N.
646 626 839 679 reddedit,
874 641 976 681 quae
1011 628 1136 670 divisa
1167 635 1260 670 sunt
1290 630 1441 684 populo
1473 643 1545 684 per
1576 633 1724 686 gradus

106 681 151 723 Κ.
185 682 290 737 Aug.
324 683 483 738 collegii
514 684 560 725 N.
576 682 617 740 4)

246 741 431 784 Nummio
472 742 615 785 Albino
658 748 697 784 et
737 744 820 786 Ful.
873 745 1095 788 Aemiliano
1150 744 1293 803 Cos.⁵)
1337 772 1393 780 -—-
1435 752 1579 790 Romae.
1626 753 1724 792 Grut.

111 802 245 851 175,8.
280 804 389 842 Orell.
422 804 548 842 4075.
608 805 768 843 Morcell.
800 807 876 844 Stil.
911 808 1106 845 CCLXXX.

251 892 374 929 1774.
436 890 512 931 Mu.
528 887 568 945 ⁶)
601 891 728 932 Acilio
768 891 1003 945 Glabrione,
1046 893 1097 935 M.
1141 894 1301 936 Valerio
1344 895 1529 939 Homulo.
1575 896 1664 939 Cos.
1680 895 1721 952 7)

245 948 356 990 Ordo
413 954 717 1003 corporatorum
781 951 1091 994 lenuncularior.
1167 954 1448 997 tabulariorum
1506 956 1723 999 auxiliares

105 1007 326 1050 Ostienses.

826 1069 996 1111 Patroni.

242 1127 293 1168 M.
327 1125 496 1168 Sedatus
530 1126 571 1167 C.
605 1126 646 1167 F.
679 1126 933 1169 Severianus.

245 1187 292 1226 T.
321 1185 538 1227 Prifernius
571 1186 665 1227 Sex.
699 1187 741 1226 F.
773 1187 916 1228 Paetus
948 1187 1146 1230 Rosianus
1179 1189 1380 1233 Geminus.

243 1245 294 1286 M.
328 1244 511 1285 Sedatius
543 1244 595 1286 M.
628 1245 669 1285 F.
702 1245 876 1287 Severus
908 1245 1026 1288 Iulius
1057 1248 1249 1303 Reginus.

244 1304 285 1344 C.
319 1302 458 1345 Aelius
490 1303 530 1344 C.
562 1303 605 1345 F.
638 1304 870 1346 Fascianus.

243 1422 286 1463 L.
323 1422 509 1463 Volusius
541 1422 763 1464 Marcianus
796 1420 936 1477 005)

240 1482 284 1522 L.
316 1480 435 1522 Iulius
467 1481 632 1522 Memor.
664 1482 716 1522 M.
751 1482 960 1523 Cornelius
996 1483 1047 1524 M.
1081 1484 1121 1525 F.

240 1539 292 1581 M.
325 1539 456 1593 Cipius
488 1540 718 1581 Proclianus
752 1541 976 1582 Secundus.

241 1599 284 1640 Τ.
318 1598 501 1640 Aurelius
533 1600 638 1653 Aug.
670 1599 754 1640 Lib.
788 1600 985 1642 Strenion.

238 1657 281 1698 L.
313 1658 463 1699 Marius
496 1657 731 1700 Germanus.

732 1718 872 1771 Quinq.
915 1716 1085 1775 pcrp.⁰)

238 1777 290 1817 M.
324 1775 533 1818 Cornelius
565 1776 805 1831 Epagathus.

803 1833 1013 1892 Quinq.¹⁰)

238 1894 290 1936 M.
323 1893 519 1936 Antistius
551 1893 703 1936 Aelius.

844 1954 974 1996 Plebs.

239 2013 290 2054 M.
323 2012 470 2056 Sollius
501 2013 688 2054 Marinus.
738 2013 776 2054 C.
809 2014 1020 2066 Septimius
1061 2014 1304 2068 Prophimus.
1351 2015 1394 2055 L.
1427 2016 1608 2058 Valerius
1641 2016 1721 2059 Se-

100 2084 233 2114 verus.
267 2071 306 2113 C.
340 2072 554 2113 VatronIus
586 2073 784 2113 Iunianus.
820 2070 914 2128 (cet.
942 2075 1083 2113 nomina
1106 2075 1140 2112 in
1163 2080 1277 2114 totum
1300 2073 1482 2130 CXXIII.)
1511 2096 1559 2108 -ι-
1585 2079 1720 2118 Ostiae.

101 2135 245 2172 Gruter.
275 2146 311 2183 p.
349 2133 473 2171 1077.
505 2133 602 2170 Orel.
636 2134 761 2172 4054.

245 2227 368 2265 1775.
430 2225 595 2267 Nomina
627 2225 787 2280 collegii
818 2225 971 2267 fabrum
1005 2225 1072 2279 tig.
1092 2223 1148 2279 11)

760 2298 919 2338 Patroni
950 2297 990 2337 P.
1014 2295 1044 2319 ¹2

238 2356 416 2397 Nunnius
448 2356 673 2398 Montanus.
717 2357 897 2397 Valerius
938 2294 1146 2397 Procillus.
1190 2353 1412 2410 (sequuntur
1452 2359 1594 2397 nomina
1626 2360 1720 2399 XIII.

101 2429 251 2466 quorum
282 2415 548 2470 postremumz)
595 2416 795 2457 Numisius
828 2414 984 2455 Tacitus
1015 2419 1129 2468 pater
1159 2415 1337 2469 collegii,
1372 2416 1617 2458 biselliarius.

243 2578 280 2623 1)
306 2581 444 2626 collegii
474 2582 758 2615 centonariorum.
785 2597 828 2601 —
854 2578 892 2622 2)
918 2580 1086 2624 sepulcro.
1113 2598 1156 2603 —
1183 2579 1222 2624 3)
1249 2580 1425 2629 honorem.
1458 2597 1502 2602 -—
1536 2578 1574 2623 4)
1605 2583 1720 2632 natali.

103 2645 140 2651 --
171 2626 208 2671 5)
235 2628 314 2662 Post
341 2628 418 2662 Chr.
437 2628 518 2662 206.
545 2647 586 2651 --
613 2626 652 2670 6)
678 2628 799 2661 Manio.
828 2645 868 2650 —
896 2625 934 2669 7)
958 2628 993 2661 P.
1021 2627 1081 2662 Ch.
1110 2627 1186 2661 152.
1213 2646 1253 2650 -—
1282 2628 1319 2670 8)
1346 2628 1562 2669 Quaestores.
1604 2647 1644 2651 —
1679 2632 1718 2672 9)

102 2674 365 2721 Quinquennalis
397 2681 592 2719 perpetuus.
629 2694 669 2698 —
704 2673 768 2716 10)
797 2675 1065 2720 quinquennalis.
1102 2692 1143 2696 —
1181 2673 1241 2717 11]
1268 2674 1396 2708 Promis
1430 2675 1587 2716 adnotat,
1623 2676 1720 2710 binas

25 2746 29 2749 ψ
100 2723 230 2765 priores
254 2722 369 2756 literas
394 2724 418 2755 ti
443 2723 544 2766 plane
569 2724 714 2755 incertas
734 2733 829 2762 esse,
867 2728 968 2766 atque
995 2733 1094 2766 posse
1119 2722 1190 2765 legi
1223 2723 1325 2755 etiam
1353 2722 1408 2765 qu.
1437 2723 1457 2754 i.
1484 2732 1513 2754 e.
1540 2722 1719 2766 lignifero—

102 2780 187 2811 rum,
221 2780 284 2813 pro
315 2770 368 2813 riq.
394 2770 415 2803 i.
443 2781 472 2803 e.
499 2771 732 2813 tignariorum.
767 2769 965 2802 Muratorius
999 2769 1103 2812 legit:
1138 2769 1212 2802 llic.
1243 2769 1436 2812 intelligens
1466 2768 1637 2803 Ilicitanos
1662 2773 1720 2806 vel

102 2815 274 2850 Ilicienses
298 2816 426 2850 incolas
452 2817 567 2860 oppidi
593 2827 682 2849 nunc
707 2816 818 2849 Lei-ici
838 2816 919 2849 dicti
937 2827 1045 2860 prope
1064 2816 1257 2857 Sarzanam,
1284 2818 1336 2848 cui
1362 2815 1441 2848 olim
1468 2826 1590 2850 nomen
1616 2818 1720 2852 fuerit

105 2861 185 2895 Ποῖ.
211 2862 277 2897 Sed
302 2863 466 2897 eiusmodi
492 2863 654 2908 oppidum
681 2873 722 2895 an
749 2873 831 2896 vere
857 2863 957 2896 fuerit
982 2864 1119 2897 nimium
1150 2870 1311 2908 quantum
1337 2863 1466 2895 incerta
1492 2873 1545 2896 res
1572 2871 1634 2907 est,
1660 2877 1719 2899 se-

106 2909 251 2943 cundum
275 2910 414 2944 Promis.
451 2928 492 2933 —
529 2908 589 2952 12)
616 2910 736 2943 Mutat.
772 2909 904 2944 literam
938 2910 972 2944 P.
998 2920 1066 2943 non
1098 2910 1215 2953 addit,
1253 2920 1340 2954 quae
1366 2915 1400 2943 et
1424 2910 1496 2954 ipsa
1521 2910 1603 2946 nihil
1630 2913 1720 2947 aliud

106 2966 206 2998 quam
226 2963 382 3001 patronos
406 2957 601 3002 significare
628 2957 773 2991 videtur.
