1877 3313
136 137 220 179 352
583 132 688 166 Inscr.
713 132 890 177 profanae.
938 131 1021 174 Cap.
1046 130 1086 165 11.
1129 130 1290 166 Tabulae.

275 239 367 282 Sex.
399 237 632 292 AppuleiUS‚
664 238 755 281 Sex.
787 239 1011 292 Pompeius.

273 299 426 339 Drusus
459 297 618 349 Caesar,
652 297 692 339 C.
725 298 934 339 Norbanus
966 297 1143 338 Flaccus.
1177 295 1257 339 Suf.
1289 296 1339 338 M.
1373 295 1541 338 Silanus.

272 357 437 398 Sisenna
477 357 649 397 Statilius
690 357 865 407 Taurus,
909 356 947 396 C.
980 356 1223 397 Scribonius.
1267 354 1352 397 Suf.
1386 355 1428 395 C.
1462 355 1597 396 Vibius
1627 354 1739 407 Libo,

135 417 176 458 C.
208 416 419 469 Pompeius
452 415 654 456 Graecina.

274 474 315 515 C.
348 473 524 525 Caelius,
557 474 599 515 L.
630 475 868 528 Pomponius
910 473 1085 515 Flaccus.
1119 472 1198 515 Sus.
1232 472 1271 514 C.
1305 473 1443 514 Vibius
1475 472 1655 524 Marsus,
1697 472 1738 514 1..

135 533 359 576 Volusenus
390 533 543 574 Procul.

275 593 332 633 Ti.
366 591 510 633 Caesar
541 592 711 648 August.
750 592 808 633 Ill.
853 591 1073 633 Germanic.
1119 592 1267 633 Caesar
1308 589 1349 632 ll.
1384 622 1393 632 .
1511 590 1624 633 Seius
1655 590 1740 642 Tu-

135 653 235 694 bero
266 650 324 692 Ill.
357 651 401 692 K.
433 651 567 692 Maias.

404 710 518 752 Seius
549 710 710 752 Tubero
742 709 798 750 lll.
832 709 876 750 K.
908 709 1040 751 Maias.

275 801 425 810 ......
458 768 647 824 Regulus.
670 767 706 824 ¹]
740 769 782 810 K.
815 767 984 822 August.

276 859 710 869 ................
728 828 787 868 ius
820 827 900 868 Gal.

278 912 327 917 ——-
361 891 611 936 Fragmentum
651 890 822 926 fastorum
865 888 1102 926 consularium
1134 900 1251 937 prope
1292 893 1395 926 vetus
1439 888 1582 926 Antium
1628 887 1736 926 1847

135 954 316 998 repertum
348 949 382 986 iu
415 950 533 986 tabula
563 960 783 994 marmorea,
825 948 922 996 quod
954 947 1202 996 complectitur
1243 948 1410 985 consules
1442 959 1497 985 an.
1532 948 1555 983 9
1591 947 1637 984 ad
1670 959 1739 984 an-

135 1021 215 1046 uum
252 1008 300 1044 19
335 1020 368 1056 p.
400 1008 481 1046 Chr.
515 1008 675 1045 Gerliard
709 1007 900 1044 Archaeol.
933 1006 1021 1043 Zeit.
1059 1005 1180 1043 1846.
1213 1018 1246 1055 p.
1280 1005 1376 1043 291.
1408 1011 1444 1043 et
1476 1006 1570 1044 388.

485 1134 541 1169 Ex
570 1134 703 1168 fastis
730 1133 1076 1178 triumplialibus
1102 1133 1397 1178 Capitolinis.

282 1232 402 1270 1738.
465 1261 644 1269 .......
677 1229 760 1269 ncis

166 1289 207 1331 L.
270 1288 508 1342 Tarquinius
540 1288 716 1328 Dama..
741 1319 750 1327 .

274 1348 434 1389 Priscus
465 1347 552 1388 Rex
585 1346 633 1386 de
665 1346 812 1386 Lati...

164 1406 206 1448 L.
269 1406 508 1460 Tarquinius
539 1405 735 1446 Damarati
767 1404 805 1444 F.

276 1466 435 1506 Priscus
467 1465 554 1505 Rex
585 1464 615 1504 ΙΙ
647 1463 696 1504 de
728 1462 953 1504 Etrusci...

165 1524 207 1565 L.
270 1523 505 1577 Tarquinius
537 1523 733 1564 Damarati
766 1521 804 1561 F.
837 1534 912 1561 ann
947 1520 1051 1561 CXX

274 1583 432 1623 Priscus
463 1582 551 1622 Rex
581 1581 627 1620 lll
660 1580 709 1620 de
742 1581 923 1622 Sabineis
956 1579 1047 1619 ldib.
1082 1579 1190 1621 Sext.

135 1641 220 1684 Ser.
270 1640 421 1682 Tullius
453 1641 541 1681 Rex
572 1640 621 1680 de
652 1639 832 1680 Etruscis
865 1638 913 1678 vl
944 1638 988 1678 K.
1022 1638 1117 1678 Dec.
1150 1637 1198 1677 A.
1233 1637 1401 1678 CXXCll

134 1700 220 1742 Ser.
271 1699 422 1740 Tullius
453 1699 539 1740 Rex
569 1698 599 1739 ll
631 1698 680 1739 de
711 1698 866 1739 Etrusc.
900 1696 980 1738 Vlll
1012 1695 1055 1736 K.
1090 1695 1170 1737 Iun.
1203 1696 1250 1737 A.
1285 1696 1484 1737 CXXCVl.

136 1759 221 1802 Ser.
274 1758 424 1799 Tullius
458 1757 545 1798 Rex
576 1756 621 1797 Ill
640 1790 647 1797 .
667 1789 675 1796 .
696 1789 704 1796 .
725 1789 733 1796 .
754 1789 761 1796 .
783 1788 791 1797 .
811 1788 820 1797 .
853 1767 942 1796 ann.
976 1754 1121 1795 CXXC.

239 1815 246 1822 '
275 1816 324 1857 de
354 1817 531 1859 Etruscis
564 1815 638 1857 1111.
672 1815 783 1857 Non.
806 1847 814 1855 .
834 1846 869 1855 ..

274 1981 324 2023 M.
355 1980 533 2023 Aimilius
565 1982 615 2023 M.
643 1983 684 2023 F.
707 1981 747 2022 L.
771 1982 818 2022 N.
850 1982 1004 2023 Paullus
1035 1993 1095 2022 an.
1125 1978 1325 2021 CDXCIX.
1354 1981 1517 2022 Procos.
1541 1979 1589 2021 de
1612 1979 1741 2022 Coss-

136 2041 369 2084 rusensibus
401 2046 442 2081 et
472 2040 640 2082 Poeneis
672 2040 851 2081 navalem
884 2041 965 2094 egit
994 2039 1074 2080 XlI.
1105 2039 1148 2080 K.
1181 2039 1295 2080 Febr.

273 2099 339 2140 Cn.
373 2099 582 2142 Cornelius
614 2099 657 2141 L.
698 2099 737 2140 F.
770 2099 837 2140 Cn.
880 2099 1011 2152 Scipio
1042 2097 1163 2140 Asina
1195 2111 1255 2139 an.
1286 2098 1332 2138 D.
1364 2098 1516 2140 Procos
1549 2097 1599 2139 de
1630 2097 1740 2140 Poe-

135 2159 223 2200 neis
254 2159 303 2200 X.
335 2159 381 2199 Κ.
414 2158 533 2211 April.

278 2219 319 2259 C.
354 2217 614 2271 Sempronius
656 2217 700 2257 Ti
740 2217 785 2258 F.
826 2217 871 2258 Ti
912 2217 957 2257 N·
1000 2215 1163 2257 Blaesus
1196 2215 1285 2258 Cos.
1317 2229 1378 2256 an.
1410 2215 1456 2257 1).
1490 2214 1539 2256 de
1569 2215 1741 2257 Poeneis

132 2277 178 2318 K.
210 2275 334 2331 April.

276 2335 317 2376 C.
350 2334 538 2376 Aurelius
569 2334 610 2375 L.
643 2334 683 2375 F.
717 2334 756 2375 C.
789 2334 835 2375 N.
867 2334 981 2376 Cotta
1013 2334 1103 2375 Cos.
1136 2345 1196 2374 an.
1230 2331 1291 2373 DI.
1326 2332 1374 2375 de
1405 2333 1574 2375 Poeneis
1606 2337 1646 2374 et
1675 2332 1740 2375 Si-

133 2394 256 2435 culeis
287 2393 416 2435 Idibus
448 2393 570 2446 April.

274 2453 316 2493 L.
349 2452 537 2493 Caecilius
580 2452 620 2492 L.
652 2452 693 2492 F.
729 2452 767 2493 C.
800 2452 844 2492 N.
888 2451 1048 2493 Catulus
1087 2452 1247 2492 ProcOS.
1293 2449 1338 2491 A.
1381 2450 1459 2492 Dll.
1493 2450 1543 2492 de
1573 2450 1741 2492 Poeneis

136 2511 210 2552 Vll.
242 2511 333 2552 Idus
364 2511 584 2564 Septembr.

275 2570 315 2611 C.
349 2569 526 2611 Lutatius
560 2569 599 2609 C.
631 2569 671 2609 F.
705 2570 747 2610 C.
779 2569 824 2609 N.
870 2569 1031 2610 Catulus
1073 2569 1221 2610 Procos
1252 2567 1301 2608 A.
1334 2567 1449 2609 DXll.
1493 2567 1542 2609 de
1572 2568 1740 2611 Poeneis

136 2641 188 2669 ex
218 2628 345 2671 Sicilia
377 2628 529 2669 navale.
560 2628 653 2682 egit.
685 2628 748 2669 llll
778 2628 912 2669 Nonas
945 2627 1107 2669 Octobr.
1139 2650 1194 2657 -
1226 2629 1363 2666 Gruter.
1396 2642 1429 2678 p.
1464 2629 1561 2667 296.

273 2795 309 2837 1)
335 2796 382 2830 lta
409 2796 493 2839 legit
517 2796 690 2829 literarum
717 2795 837 2830 ductus
868 2801 1008 2840 propter
1042 2795 1190 2829 tabulae.
1210 2793 1322 2828 labeni
1357 2795 1502 2827 incertos
1540 2792 1640 2826 docta
1667 2803 1741 2826 ma-

135 2845 231 2874 trona
257 2842 403 2877 Mei-tens
428 2843 678 2883 Schafflmusen,
704 2854 790 2886 quae
817 2843 880 2876 hoc
906 2843 1129 2886 fragmentum
1164 2841 1206 2876 ab
1231 2840 1401 2875 oblivione
1436 2839 1592 2884 adeoque
1617 2839 1659 2872 ab
1686 2841 1740 2872 in-

135 2888 235 2940 teritu
261 2890 465 2933 vindicavit3
489 2889 682 2924 Henzenius
701 2890 826 2924 ibidem
843 2891 987 2924 nominis
1012 2889 1191 2924 Asciculus
1215 2889 1361 2932 vestigia
1386 2885 1653 2931 deprehendisse
1676 2885 1742 2920 sibi

139 2944 233 2968 visus
259 2941 318 2970 est.
