1877 3313
172 151 259 195 250
614 146 718 184 Inscr.
741 148 914 193 profanae.
962 147 1043 194 Cap.
1068 147 1108 184 Π.
1155 148 1313 185 Tabulae.

169 262 231 298 tor
261 254 488 298 sorticolam
518 265 634 295 unam
672 254 842 296 buxeam
882 254 1040 309 longam
1081 253 1227 309 digitos
1267 254 1330 297 1111
1358 253 1499 311 la[tam
1529 255 1762 311 digitos....

171 327 342 367 ceraque
381 313 612 362 obductam,
655 313 751 365 quoi
791 314 855 354 vel
893 313 930 354 A
970 313 1034 353 vel
1066 313 1094 354 C
1135 314 1197 355 vel
1226 314 1261 354 N
1291 313 1322 354 L
1361 315 1590 368 inscriptum
1630 313 1764 365 fuerit,

170 373 368 413 coniicere
398 372 546 413 iubeto.
604 372 651 412 Ut
683 372 735 412 ita
764 371 915 412 iudices
957 372 1177 413 conieciant
1209 372 1443 423 sorticolas,
1484 377 1644 425 praetor
1674 373 1765 425 quei

169 445 220 471 ex
265 431 302 471 h.
332 430 356 470 1.
399 434 588 482 quaeret,
630 429 794 470 sitellam
835 430 966 470 afferri
1004 431 1140 471 iubeto
1181 430 1340 484 longam
1378 430 1619 484 digitos....
1648 431 1766 472 latam

170 485 436 543 digitos....]
469 488 567 539 XX,
610 500 687 541 quo
718 488 892 529 ioudiees
912 487 946 543 ¹)
979 488 1187 530 sorticolas
1231 489 1451 530 conieciant
1465 519 1565 530 .....
1599 501 1765 542 eamque

167 552 315 589 sortem
349 559 400 587 ex
430 547 527 588 hace
559 547 649 600 lege
677 552 864 600 apertam,
895 547 1108 600 bracioque
1131 552 1268 601 aperto
1291 546 1441 587 literam
1463 546 1620 601 digiteis
1641 560 1766 600 oper-

169 611 244 646 tam
276 601 425 659 pala[m
467 608 742 657 unusquisque
778 605 896 646 iudex
928 607 964 646 in
996 605 1161 646 sitellam
1204 602 1476 660 deiicito...]
1509 618 1552 646 ra
1593 605 1694 659 parti
1738 605 1768 645 C

167 665 205 704 in
238 676 353 704 manu
386 663 511 716 palam
543 663 634 704 dato
667 677 782 704 a....
816 663 942 704 cunda
983 676 1102 704 causa
1134 663 1183 704 ad
1214 664 1378 704 sitellam
1409 664 1507 705 sorti
1537 664 1694 714 veniet,
1732 664 1768 704 is

168 723 207 763 in
240 735 327 762 eam
358 722 522 763 sitellam
564 735 718 762 manum
760 722 950 763 demittito
992 727 1068 762 tam
1111 722 1303 763 devexam
1343 722 1487 775 populo
1501 753 1601 762 .....
1632 721 1770 762 Ioudi-

171 781 364 822 cium....
411 777 605 835 [sor]tem
647 781 737 833 quei
768 781 806 821 in
838 792 908 821 eos
952 786 1112 822 ceteros
1154 781 1457 835 singilatim....
1493 776 1769 835 [Con]demno

170 840 262 880 ubei
293 839 383 879 nihil
425 840 611 892 scriptum
653 840 748 889 erit,
790 840 901 879 seine
941 839 1116 893 sufragio
1158 852 1210 879 ex
1242 851 1319 892 qua
1359 840 1457 880 sorti
1497 838 1771 892 pronontiarit,

170 910 254 938 eam
285 902 434 939 sortem
465 909 681 951 proxsumo
713 894 967 952 iud[ici]....
999 897 1092 939 dito.

845 957 969 1009 Caput
999 955 1098 996 XIV.

310 1014 369 1054 De
401 1011 495 1069 r[eo
528 1014 929 1067 comperendinando.
982 1014 1019 1055 Si
1053 1014 1101 1054 de
1134 1026 1182 1055 eo
1216 1014 1281 1067 qui
1313 1027 1366 1054 ex
1396 1013 1493 1054 hace
1523 1013 1616 1068 lege
1648 1025 1772 1054 accu-

171 1077 278 1114 satus
310 1074 396 1123 erit,
428 1074 553 1114 maior
584 1086 674 1126 pars
706 1070 895 1126 iudicum]
928 1073 1161 1113 sententiam
1194 1070 1247 1127 [N
1270 1073 1299 1112 L
1323 1070 1490 1127 tu]le1·it,
1521 1072 1555 1112 is
1583 1069 1692 1126 ei[us
1714 1072 1772 1112 rei

174 1145 226 1171 cx
269 1132 365 1172 hace
407 1131 497 1186 lege
549 1132 917 1184 comperendinatus
968 1135 1054 1171 esto
1070 1162 1169 1171 .....
1242 1131 1282 1172 Si
1320 1131 1359 1170 in
1401 1130 1577 1172 secunda
1618 1130 1772 1171 actione

172 1202 264 1230 reus
288 1189 397 1232 solus
430 1189 542 1242 adsit,
574 1189 679 1242 quod
712 1190 1060 1244 praevar1cationis
1092 1201 1212 1230 causa
1243 1188 1388 1230 factum
1421 1201 1501 1230 non
1532 1189 1626 1241 erit,
1656 1190 1690 1230 is
1721 1202 1773 1230 ex

170 1248 268 1290 hace
299 1248 389 1303 lege
423 1249 508 1290 eius
540 1249 598 1289 rei
629 1249 830 1289 absolutus
863 1253 962 1289 esto.

851 1307 975 1360 Caput
1005 1306 1088 1347 XV.

310 1366 369 1405 De
400 1378 472 1407 reo
504 1364 836 1418 condemnansdo.
883 1365 943 1406 Ex
972 1365 1143 1406 iudicum
1171 1362 1398 1421 sententiis]
1432 1364 1490 1406 sei
1512 1363 1716 1419 plurumae
1731 1361 1773 1419 ²)

173 1427 287 1465 erunt
319 1423 563 1475 Condemno,
596 1437 654 1478 pr.
687 1422 773 1478 qu[i
805 1437 857 1464 ex
889 1423 987 1464 haee
1018 1424 1110 1478 lege
1143 1429 1323 1478 quaeret,
1355 1437 1407 1465 ex
1438 1423 1591 1466 tabellis
1623 1436 1645 1464 a
1666 1422 1774 1464 iudi-

173 1483 283 1524 cibus
314 1482 401 1523 latis
433 1482 558 1535 palam
592 1479 878 1536 pronontiato].

175 1629 234 1662 tor
264 1624 468 1661 sorticulam
499 1636 600 1660 unam
633 1626 784 1661 buxeam
816 1626 961 1673 longam
995 1626 1124 1673 digitos
1157 1626 1221 1663 1111
1253 1626 1356 1663 latam
1390 1625 1592 1673 digitos
1616 1635 1771 1672 ceraque

173 1683 387 1729 obductam,
425 1683 479 1719 cui
511 1683 568 1719 uel
601 1684 641 1720 A.
676 1684 732 1720 uel
764 1684 801 1720 C.
834 1685 890 1720 uel
922 1685 986 1721 NL.
1018 1685 1223 1733 inscriptum
1256 1685 1383 1730 fuerit,
1427 1684 1606 1721 coniicere
1637 1682 1770 1720 iubeto.

176 1742 224 1778 vt
254 1741 302 1778 ita
333 1741 466 1778 iudices
499 1742 687 1778 coniiciant
719 1742 918 1789 sorticulas,
948 1744 1117 1789 Praetor,
1149 1743 1206 1791 qui
1238 1755 1283 1779 ex
1315 1744 1380 1780 hac
1411 1743 1494 1789 lege
1525 1746 1688 1791 quaeret,
1718 1741 1771 1778 si·-

174 1800 291 1837 tellam
324 1800 442 1836 afferri
476 1800 597 1836 iubeto
631 1801 775 1848 longam
808 1801 940 1848 digitos
1055 1803 1160 1838 latam
1193 1802 1326 1849 digitos
1358 1830 1387 1839 ..
1418 1802 1506 1847 XX,
1539 1810 1609 1849 quo
1639 1800 1771 1837 iudices

173 1859 360 1896 sorticulas
404 1859 601 1895 coniiciant.
642 1871 791 1906 eamque
835 1864 968 1896 sortem
1013 1873 1058 1897 ex
1099 1862 1164 1897 liae
1206 1862 1288 1907 lege
1330 1865 1510 1909 apertam,
1552 1858 1773 1907 brachioque

181 1921 306 1965 aperto
339 1917 490 1953 litteram
525 1918 643 1964 digitis
676 1922 850 1966 opertam,
883 1919 998 1966 palam
1031 1920 1268 1967 unusquisque
1299 1919 1407 1955 iudex
1437 1919 1470 1956 iu
1502 1918 1651 1955 sitellam
1678 1916 1772 1953 deii-

175 1977 304 2012 cito...
326 1987 364 2012 ra
382 1980 482 2023 parte
501 1976 646 2013 Centum
666 1976 699 2012 in
718 1988 818 2013 mauu
837 1978 949 2024 palam
976 1978 1060 2015 dato
1084 1990 1156 2015 a...
1183 1978 1295 2015 cunda
1320 1989 1424 2014 causa
1447 1977 1491 2014 ad
1512 1977 1661 2014 sitellam
1685 1975 1774 2012 sorti

173 2034 306 2080 ueniet,
337 2033 364 2070 is
397 2034 428 2070 in
462 2046 537 2070 eam
572 2035 720 2071 sitellam
744 2047 881 2072 manum
906 2036 1079 2073 demittito
1103 2041 1170 2073 tam
1199 2037 1373 2073 deuexam
1394 2036 1586 2084 populo...
1608 2033 1774 2071 iudicium

250 2097 396 2138 sortem,
430 2093 486 2139 qui
518 2093 550 2129 iu
574 2105 638 2129 eos
663 2098 803 2130 ceteros
826 2094 1076 2139 siugulatim...
1110 2096 1309 2131 condemno
1330 2095 1389 2131 ubi
1412 2094 1494 2131 nihil
1515 2094 1682 2141 scriptum
1707 2092 1774 2128 erit

176 2151 252 2189 siue
284 2151 477 2198 suffragio,
519 2163 563 2188 ex
605 2164 670 2200 qua
713 2157 811 2188 sorte
843 2154 1101 2200 pronuntiarit,
1143 2165 1218 2190 eam
1260 2157 1394 2190 sortem
1434 2152 1599 2201 proximo
1639 2151 1773 2188 addito.

859 2212 972 2259 Caput
1002 2212 1093 2249 XIV.

317 2269 369 2305 De
394 2279 458 2304 reo
481 2269 842 2316 coniperendinaudo.
875 2270 912 2306 Si
935 2271 979 2306 de
1011 2282 1056 2307 eo
1090 2271 1148 2318 qui
1181 2282 1226 2307 ex
1250 2271 1360 2307 hacce
1383 2270 1468 2317 lege
1490 2273 1675 2306 accusatus
1699 2267 1777 2313 erit,

176 2327 289 2364 maior
313 2339 396 2376 pars
438 2327 588 2363 iudicum
629 2329 843 2365 sententiam
885 2329 962 2366 Non
1006 2329 1117 2377 liquet
1149 2329 1289 2375 tulerit,
1333 2329 1361 2365 is
1393 2328 1467 2365 eius
1499 2328 1554 2365 rei
1586 2339 1631 2365 ex
1665 2328 1776 2364 hacce

175 2386 258 2433 lege
289 2386 625 2434 comperendinatus
659 2392 801 2424 esto...
833 2387 870 2424 Si
902 2387 935 2424 iu
966 2388 1121 2424 secunda
1155 2388 1296 2424 actione
1318 2399 1397 2424 reus
1422 2388 1518 2424 solus
1541 2387 1646 2432 adsit,
1677 2385 1774 2434 quod

174 2444 488 2493 praevaricationis
530 2456 635 2481 causa
673 2447 802 2483 factum
837 2457 907 2483 nou
939 2446 1026 2492 erit,
1067 2446 1095 2482 is
1128 2458 1173 2483 ex
1205 2447 1313 2483 hacce
1356 2447 1442 2494 lege
1473 2446 1547 2483 eius
1579 2445 1631 2482 rei
1662 2445 1775 2482 abso-

175 2504 267 2541 lutus
300 2507 390 2541 esto.

286 2558 291 2561 ⁴
869 2564 983 2612 Caput
1014 2563 1090 2600 XV.

316 2622 368 2658 De
409 2632 474 2659 reo
516 2621 800 2659 condemnando.
861 2623 915 2659 Ex
956 2622 1107 2659 iudicum
1147 2622 1356 2668 sententiis,
1396 2621 1424 2658 si
1455 2621 1628 2670 plurimae
1658 2623 1775 2666 eruut,

178 2679 405 2726 Condemno‚
446 2680 618 2724 Praetor,
660 2681 718 2728 qui
760 2693 806 2718 ex
837 2682 926 2719 hace
958 2682 1041 2729 tege
1081 2685 1254 2729 quaeret,
1294 2693 1339 2718 ex
1382 2680 1520 2718 tabellis
1550 2691 1571 2717 a
1601 2679 1774 2717 iudicibus

177 2738 253 2774 latis
284 2739 398 2787 palam
430 2738 671 2787 pronuntiato.

318 2853 354 2897 1)
380 2855 521 2888 ioudices
553 2854 641 2899 quod
668 2854 774 2888 Ursin.
811 2856 897 2889 idem
925 2855 1084 2899 Gottliug.
1113 2855 1145 2888 in
1179 2854 1245 2888 tab.
1278 2855 1371 2896 legit.
1411 2853 1568 2887 Klenzius
1594 2863 1613 2886 e
1637 2851 1773 2885 schedis

178 2898 307 2978 Blluhm.
341 2902 474 2936 iudices.
513 2919 553 2925 —
587 2900 626 2943 2)
659 2901 807 2945 plur-nme
839 2908 916 2947 post
949 2902 1102 2936 Ursinum
1136 2903 1235 2935 etiam
1269 2901 1429 2944 Gottling.
1462 2899 1565 2944 legit3
1596 2899 1771 2933 Klenzius:

177 2957 199 2990 p
214 2957 357 2981 “rilinde-

1858 2854 1873 2989 l
