1877 3313
168 225 253 268 240
616 221 721 256 Inscr.
748 222 919 265 profanae.
967 221 1111 266 Cap.11.
1160 222 1318 257 Tabulae.

169 329 324 382 Seiquis
357 327 439 368 eius
471 339 614 369 nomen
646 325 769 382 a[pud
801 342 859 382 pr.
893 328 1022 370 denuo
1055 328 1262 381 detulerit,
1293 341 1351 382 pr.
1385 340 1462 369 non
1493 329 1618 370 statim
1649 329 1760 370 reci-

167 391 261 442 pito.
294 387 367 428 Ast
397 387 578 427 ubei....
610 386 674 427 vel
707 386 755 427 de
785 388 1125 440 praevaricatione
1157 401 1232 428 nec
1265 387 1314 427 de
1336 387 1528 428 calumnia
1559 388 1646 428 eius
1669 389 1760 440 quei

165 447 271 488 litem
297 445 532 495 deseruerit,
564 446 855 498 pronontiatum
879 446 1007 498 fuerit,
1039 446 1086 486 de
1109 443 1247 500 pl]ano
1272 443 1460 500 nomin[is
1484 445 1627 487 delatio
1659 445 1762 498 apud

166 503 333 545 eundem
364 508 587 558 praetorem
621 508 721 555 esto,
754 505 843 556 quei
874 506 1039 558 primum
1070 506 1153 545 eius
1188 505 1289 545 unde
1321 505 1491 558 pequnia
1522 505 1642 557 petita
1672 505 1761 555 siet,

167 576 310 605 nomen
327 559 561 617 receperit]‚
579 562 759 614 quaestio
777 564 859 604 eius
877 576 933 615 pr.
953 568 1053 614 esto,
1070 563 1332 604 ioudiciumve
1349 562 1558 604 ioudicatio
1578 562 1760 615 leitisque

168 622 426 674 aestumatio,
458 622 752 674 queiquomque
783 621 994 663 ioudicium
1026 635 1078 662 ex
1109 622 1190 662 11.l.
1215 627 1343 674 erunt,
1371 633 1509 663 eorum
1538 622 1574 662 h.
1605 621 1628 662 Ι.
1661 625 1760 662 esto.

861 680 984 733 Caput
1013 680 1054 720 11.

303 740 339 781 Ι5
371 751 461 780 eum
492 738 596 779 unde
628 743 735 792 petet
773 739 810 779 in
842 739 930 780 ious
972 737 1152 794 ed[ucito
1173 737 1208 794 ¹)
1239 751 1312 780 suo
1345 743 1543 793 tempore,
1583 738 1641 780 sei
1673 738 1760 792 quis

165 798 301 842 socius
334 797 553 838 nominisve
584 797 693 838 latini
724 802 1002 838 exterarumve
1033 799 1232 838 nationum
1275 802 1404 851 petet,
1446 798 1591 850 queive
1621 798 1660 838 in
1691 810 1761 837 ar-

164 859 309 899 bitratu
342 856 497 897 dicione
527 860 723 910 potestate
753 856 971 897 amicitiave
1003 856 1136 909 populi
1168 857 1318 896 romani
1350 857 1436 907 siet,
1468 857 1500 897 is
1532 869 1623 897 eum
1655 855 1761 897 unde

166 920 275 971 petet
306 916 343 956 in
376 916 464 956 ious
496 912 698 970 educito],
739 914 868 966 deque
901 927 950 955 eo
983 915 1141 955 homine
1174 912 1352 968 d[eserto
1384 928 1527 956 nomen
1560 920 1652 956 ante
1683 913 1759 955 kal.

167 980 287 1028 sept.;
330 975 389 1015 sei
420 974 541 1015 ceivis
572 985 757 1014 romanus
790 976 886 1024 siet,
928 974 1042 1013 etiam
1074 978 1165 1026 post
1195 973 1270 1013 kal.
1304 978 1402 1026 sept.
1436 973 1595 1014 deferre
1627 973 1760 1023 liceto,

166 1031 332 1088 qu[oius
365 1045 503 1074 eorum
535 1033 587 1073 ita
627 1044 769 1072 nomen
802 1045 854 1071 ex
886 1032 919 1071 h.
952 1032 977 1072 l.
1008 1037 1099 1084 post
1130 1031 1167 1071 k.
1200 1029 1379 1086 sept.2),
1423 1044 1523 1085 quae
1566 1044 1614 1072 eo
1657 1043 1760 1072 anuo

165 1093 334 1143 fuerint,
385 1091 554 1132 delatum
593 1091 689 1141 erit,
742 1091 833 1142 quei
875 1102 1012 1130 eorum
1054 1102 1103 1131 eo
1145 1090 1316 1130 ioudicio
1361 1091 1645 1131 condemnatus
1687 1090 1761 1130 erit

165 1151 298 1205 quanti
329 1151 413 1191 eius
444 1150 504 1190 rei
535 1149 602 1191 slis
634 1146 873 1204 ae[stumata
905 1148 1024 1188 fucrit
1056 1149 1150 1188 tanti
1183 1148 1327 1189 solutio
1360 1154 1470 1199 esto,
1510 1149 1642 1201 quanti
1674 1149 1760 1202 quis

166 1222 306 1251 eorum
338 1214 427 1250 ante
458 1208 532 1249 kal.
565 1211 663 1261 sept.
695 1207 863 1248 reddere
891 1207 1094 1247 damnatus
1119 1207 1206 1258 erit,
1240 1211 1333 1247 tanti
1354 1204 1519 1261 solutio]
1553 1208 1636 1247 eius
1660 1212 1759 1248 esto.

165 1269 252 1320 Pr.,
295 1268 385 1320 quei
417 1280 468 1308 ex
499 1267 534 1307 h.
566 1267 589 1308 1.
623 1263 809 1321 q[uaeret
850 1266 989 1315 facito,
1032 1270 1219 1317 quantum
1260 1266 1310 1306 ita
1352 1266 1550 1319 pequniae
1591 1266 1761 1306 ablatum

166 1331 321 1381 captum
365 1330 544 1368 coactum
587 1325 832 1365 conciliatum
874 1336 1111 1364 aversumve
1154 1337 1246 1365 esso
1287 1321 1546 1379 iudicat]um,
1583 1325 1680 1376 erit,
1720 1323 1762 1364 id

164 1386 245 1427 utei
277 1385 429 1439 privato
461 1384 647 1435 solvatur,
679 1384 771 1436 quei
804 1395 943 1424 eorum
975 1388 1095 1435 petet.

858 1441 977 1494 Caput
1007 1440 1063 1481 ΙΙΙ.

301 1502 359 1542 De
381 1501 530 1553 heisce,
563 1500 653 1542 dum
686 1513 786 1553 mag.
821 1505 885 1540 aut
917 1500 1106 1552 inperium
1123 1496 1163 1555 ³)
1197 1500 1408 1552 habebunt,
1445 1499 1656 1542 ioudicium
1680 1513 1758 1542 non

165 1643 241 1691 quis
274 1643 347 1680 eius
379 1655 504 1680 nomeu
538 1643 628 1691 apud
663 1643 866 1679 Praetorem
900 1642 1018 1678 denuo
1052 1641 1231 1687 detulerit,
1268 1643 1416 1679 Praetor
1448 1653 1517 1678 non
1549 1642 1662 1679 statim
1694 1654 1759 1679 re-

163 1702 282 1750 cipito.
315 1701 362 1738 At
393 1702 450 1738 ubi
482 1702 537 1738 uel
570 1702 614 1737 de
645 1700 953 1748 praeuaricatione
985 1712 1051 1737 nec
1083 1701 1127 1737 de
1160 1700 1330 1737 calumnia
1363 1701 1450 1745 eius,
1482 1701 1539 1748 qui
1571 1701 1665 1738 litem
1688 1702 1757 1739 de-

164 1761 328 1807 seruerit,
359 1760 620 1809 pronuntiatum
644 1760 762 1804 fuerit,
797 1760 840 1795 de
874 1761 980 1807 plano
1014 1759 1162 1796 nominis
1195 1759 1326 1796 delatio
1356 1760 1448 1807 apud
1472 1760 1624 1796 eundem
1645 1761 1757 1797 Prae-

163 1824 280 1857 torem
313 1825 416 1865 esto,
457 1819 514 1866 qui
545 1818 691 1867 primum
724 1819 818 1865 eius,
854 1819 946 1855 unde
984 1818 1133 1866 pecunia
1172 1818 1282 1866 petita
1313 1818 1379 1864 sit,
1421 1829 1550 1855 nomen
1581 1819 1760 1867 receperit

165 1877 328 1926 quaestio
362 1878 435 1914 eius
467 1877 643 1914 Praetoris
675 1881 775 1923 esto,
814 1877 1024 1913 iudiciumne
1057 1876 1224 1914 iudicatio
1257 1876 1396 1924 litisque
1428 1877 1644 1924 aestimatio,
1676 1878 1757 1926 qui-

162 1948 300 1985 cunque
331 1936 493 1974 iudicium
526 1948 571 1973 ex
604 1937 670 1973 hac
701 1937 785 1984 lege
818 1940 933 1981 eruut,
965 1947 1087 1973 eorum
1119 1936 1186 1972 hac
1218 1936 1301 1983 lege
1332 1940 1421 1973 esto.

867 1995 981 2042 Caput
1012 1995 1052 2031 11.

299 2054 331 2091 Is
364 2065 441 2090 eum
474 2054 566 2090 unde
598 2058 697 2102 petet
727 2053 761 2090 iu
793 2053 843 2090 ius
876 2052 1019 2090 educito
1059 2064 1122 2090 suo
1154 2058 1327 2103 tempore.
1389 2053 1503 2102 Siquis
1536 2053 1653 2091 socius
1685 2065 1756 2092 no-

160 2112 305 2150 minisue
335 2112 446 2149 Latini
478 2116 727 2149 exterarumue
759 2112 941 2149 nationum
973 2116 1073 2160 pet-at
1104 2112 1209 2159 quiue
1240 2112 1273 2149 in
1305 2112 1476 2149 arbitratu
1513 2112 1653 2150 dicione
1683 2124 1757 2162 po-

161 2176 293 2209 testate
334 2171 531 2208 amicitiaue
571 2171 693 2219 populi
734 2170 880 2208 Romani
922 2170 990 2216 sit,
1032 2171 1059 2206 is
1092 2183 1169 2207 eum
1201 2171 1294 2208 unde
1335 2176 1435 2219 petet
1465 2172 1497 2208 in
1529 2171 1580 2207 ius
1612 2172 1756 2208 educito

162 2231 279 2278 deque
310 2241 355 2267 eo
396 2229 536 2266 homine
579 2230 719 2266 deterto
763 2241 890 2266 nomen
932 2233 1013 2265 ante
1047 2230 1114 2265 kal.
1146 2230 1267 2278 Sept.;
1309 2230 1337 2266 si
1369 2230 1453 2267 ciuis
1495 2230 1668 2267 Romanus
1700 2230 1756 2276 sit,

162 2289 267 2327 etiam
298 2292 381 2338 post
410 2289 478 2325 kal.
512 2289 609 2335 Sept.
642 2289 784 2325 deferre
816 2288 935 2324 liceto.
982 2288 1086 2324 Cuius
1119 2300 1242 2324 eorum
1274 2287 1320 2324 ita
1354 2299 1482 2326 nomen
1515 2300 1561 2324 ex
1586 2289 1651 2326 hac
1673 2289 1757 2335 lege

161 2352 244 2397 post
275 2348 344 2384 kat.
375 2347 488 2395 Sept„
520 2359 609 2394 quae
643 2358 686 2383 eo
720 2358 811 2383 anno
844 2346 986 2391 fuerint,
1019 2346 1172 2382 delatum
1205 2346 1284 2391 erit,
1316 2347 1374 2394 qui
1407 2357 1529 2382 eorum
1558 2358 1602 2383 eo
1626 2347 1755 2383 iudicio

162 2407 417 2443 condemnatus
449 2405 539 2450 erit,
577 2405 695 2452 quanti
729 2406 803 2441 eius
834 2404 886 2441 rei
917 2404 958 2440 lis
990 2404 1172 2441 aestimata
1206 2404 1332 2450 fuerit,
1373 2404 1460 2442 tanti
1492 2404 1622 2442 solutio
1655 2409 1756 2451 esto3

162 2465 282 2513 quanti
313 2463 389 2512 quis
421 2475 542 2501 eorum
574 2468 656 2500 ante
688 2464 757 2501 kal.
790 2464 889 2511 Sept.
921 2462 1073 2499 reddere
1106 2463 1286 2499 damnatus
1310 2463 1389 2509 erit,
1420 2464 1507 2500 tanti
1530 2463 1660 2501 solutio
1682 2463 1754 2500 eius

162 2528 254 2561 esto.
315 2524 483 2569 Praetor,
514 2522 572 2570 qui
604 2534 648 2559 ex
680 2523 745 2559 hac
776 2523 858 2568 lege
891 2525 1038 2569 quaeret
1069 2521 1175 2558 facito
1208 2526 1373 2568 quantum
1406 2522 1452 2559 ita
1483 2522 1655 2570 pecuniae
1686 2522 1755 2558 ab-

160 2582 268 2619 latum
301 2586 440 2630 captum
472 2585 632 2618 coactum
664 2581 888 2618 conciliatum
928 2591 1138 2617 auersumue
1179 2591 1259 2617 esse
1297 2580 1487 2618 iudicatum
1519 2581 1610 2628 erit,
1651 2580 1686 2618 id
1717 2584 1756 2617 ut

159 2641 302 2690 priuato
335 2641 518 2686 soluatur,
548 2639 606 2686 qui
639 2650 761 2676 eorum
792 2643 904 2688 petet.

852 2697 966 2746 Caput
1002 2698 1060 2734 111.

297 2759 350 2795 De
380 2757 478 2795 hisce
509 2756 589 2792 dum
621 2756 866 2804 magistratum
899 2760 958 2793 aut
989 2754 1173 2804 imperium
1203 2756 1384 2793 habebunt
1405 2755 1569 2794 iudicium
1590 2767 1660 2795 uon
1681 2757 1753 2794 fiet.

302 2874 339 2919 1)
365 2877 509 2921 vestigia
533 2875 650 2909 literae
675 2875 704 2908 D
727 2887 812 2922 quae
837 2878 902 2910 sint
927 2877 960 2909 in
984 2875 1115 2909 schedis
1140 2875 1284 2910 Bluhmii
1302 2876 1492 2909 confirmari
1516 2875 1661 2909 lectione
1685 2874 1750 2909 Ur-

164 2922 291 2955 siniana
315 2929 349 2956 et
373 2924 553 2967 Sigoniana
580 2922 660 2955 dicit
684 2922 796 2957 Klenz.
823 2923 890 2957 Sed
916 2922 1095 2967 Goettling.
1121 2922 1202 2964 legit
1227 2924 1259 2956 in
1277 2922 1388 2956 tabula
1407 2923 1448 2963 ei,
1473 2927 1509 2955 ut
1526 2922 1652 2966 Sigonii
1667 2933 1749 2966 sup-

166 2968 384 3013 plementum:
411 2971 534 3003 educito
558 2970 720 3003 incertum
746 2970 877 3004 evadat.
912 2988 953 2994 —
987 2967 1025 3011 2)
1049 2975 1121 3015 post
1143 2969 1188 3005 K.
1213 2975 1273 3015 epe.
1298 2969 1478 3015 Goettling.
1514 2987 1555 2996 -·-
1589 2966 1626 3012 3)
1651 2969 1749 3013 inpe-

164 3015 251 3048 rium
275 3015 387 3060 Sigon.
413 3016 524 3052 Ursin.
550 3015 705 3061 Gettliug.
730 3017 913 3063 imperium.
938 3015 1052 3052 Kleuz.
