1877 3313
474 121 505 164 ξ.
530 121 563 155 4.
612 119 856 166 Imperatorum
882 118 1004 155 Edicta
1030 126 1065 156 et
1088 121 1272 167 Rescripta.
1589 119 1677 163 309

69 231 151 280 est,
183 226 285 269 sicut
313 231 355 269 tu
386 239 546 280 quoque
578 227 799 278 existimas,
831 238 920 267 eum
953 227 1018 279 qui
1047 226 1087 267 in
1117 228 1256 268 vicinis
1289 227 1511 269 civitatibus
1544 227 1681 269 clero-

68 299 153 327 rum
185 298 260 326 nec
290 286 481 327 maximus
519 299 594 326 nec
621 287 808 326 minimus
841 290 914 335 est,
948 286 1152 326 observari
1163 299 1175 334 ;
1218 291 1257 326 et
1297 287 1344 337 si,
1388 300 1478 327 cum
1521 286 1681 327 Mettius

68 344 273 386 Modestus
306 345 507 386 consuluit
524 343 584 398 ¹),
625 349 667 384 ut
699 343 871 398 vectigal
903 355 976 396 pro
1009 343 1068 383 his
1099 343 1365 397 penderetur,
1408 346 1582 386 constitit
1613 345 1681 398 qui

68 408 205 444 essent
235 400 428 456 clerici2)
461 404 567 457 agri,
608 415 776 455 aequom
820 406 880 442 est
923 414 974 441 ex
1014 401 1091 441 hoc
1123 407 1302 454 tempore
1345 403 1517 457 vectigal
1548 402 1681 457 pendi.

68 463 134 502 Sic
165 463 339 502 constitit
376 462 451 502 iam
492 475 544 501 ex
585 461 660 501 boc
700 466 880 512 tempore
911 460 1083 514 vectigal
1124 459 1399 513 pendendum3
1442 467 1480 502 at
1511 462 1545 502 si
1576 474 1679 514 quae

68 532 227 571 morae,
261 520 417 568 Quiete,
451 519 522 559 tibi
553 519 916 560 obstiterint......
950 542 1004 545 —
1037 521 1167 557 Texier
1200 522 1431 569 Description
1467 523 1510 559 de
1551 522 1680 560 L'Asie

69 583 213 618 mineur.
245 582 342 619 Tom.
374 582 399 618 Ι,
431 593 464 629 p.
501 580 592 617 103.
641 580 693 616 Cf.
727 580 816 616 insra
849 578 886 627 ᾗ.
920 580 956 616 6.
989 579 1143 628 epistola
1177 579 1305 623 Quieti.

103 707 401 751 Imperatoris
427 707 638 740 Antonini
665 706 727 739 Pii
751 707 1016 749 rescriptum
1044 706 1092 739 ad
1119 706 1353 740 Sextilium
1380 705 1647 740 Acutanum.

213 803 334 841 1707.
391 803 586 840 Includitur
609 804 678 840 hoc
701 803 910 852 rescriptum
934 803 1165 851 inscriptione
1189 814 1320 849 graeca
1345 802 1518 849 mutilata,
1551 803 1681 850 Smyr-

21 885 23 887 ·
67 875 135 899 nae
167 862 200 900 in
233 874 410 899 marmore
444 867 600 910 reperta.
656 862 789 898 Eadem
823 862 974 898 libellum
1016 862 1165 898 exhibet
1197 862 1334 898 Sextilii
1367 861 1549 898 cuiusdam
1580 862 1682 898 Acu-

69 921 153 958 tiani
185 933 319 967 graece
351 921 519 969 scriptum
553 921 707 969 petentis
743 922 786 956 ab
819 921 1000 957 Antonino
1033 921 1119 965 Pio,
1151 925 1188 957 ut
1220 921 1286 958 sibi
1320 921 1505 968 exemplar
1537 921 1682 957 descri-

66 981 154 1017 bere
185 981 292 1016 liceat
322 980 536 1025 sententiae,
569 991 673 1026 quam
706 979 902 1015 Hadrianus
936 980 1127 1016 secundum
1161 991 1240 1016 eum
1273 978 1428 1024 dixerat,
1460 979 1592 1015 deinde
1613 979 1684 1015 hoc

4 1051 7 1053 ’
67 1038 236 1075 Antonini
270 1039 481 1086 rescriptum
515 1038 635 1074 latine.
682 1037 880 1074 Ediderunt
926 1039 993 1074 boc
1036 1043 1300 1074 monumentum
1343 1037 1522 1074 Maittaire
1562 1038 1684 1074 Marm.

68 1097 186 1134 Oxon.
218 1109 253 1145 p.
287 1097 353 1143 60,
391 1096 483 1133 180.
516 1098 626 1144 Spon.
658 1096 788 1132 llliscel.
822 1109 855 1144 p.
890 1096 983 1132 352.
1017 1097 1078 1132 Tb.
1110 1096 1234 1133 Smithi
1268 1097 1399 1144 Opusc.
1428 1108 1462 1144 p.
1491 1095 1543 1131 58
1577 1100 1684 1143 atque

67 1156 96 1192 is
129 1156 271 1203 quidem
305 1156 338 1191 in
372 1156 580 1202 quibusdam
615 1155 836 1200 accuratius,
876 1155 986 1191 minus
1029 1159 1194 1191 accurate
1226 1156 1352 1192 Murat.
1386 1154 1486 1201 326,
1518 1154 1568 1199 43
1609 1158 1685 1191 tum

68 1214 174 1251 Orell.
208 1213 332 1250 3119.
380 1215 658 1262 Spangenberg.
690 1226 725 1261 p.
759 1213 854 1249 241.
899 1212 1014 1249 lllaffei
1046 1214 1148 1250 Istor.
1182 1213 1325 1261 diplom.
1352 1225 1385 1261 p.
1411 1213 1463 1248 27
1497 1213 1568 1249 hoc
1598 1224 1685 1250 mo·-

66 1277 270 1310 numentum
314 1283 616 1318 commemorans,
657 1272 837 1318 aliquanto
880 1272 1016 1319 plenius
1061 1271 1255 1308 Oxoniensi
1297 1276 1334 1308 et
1366 1271 1550 1319 Sponiano
1583 1271 1685 1308 eius-

68 1332 149 1367 dem
181 1332 383 1392 exemplum
426 1343 536 1378 penes
569 1343 607 1366 se
639 1342 719 1366 esse
760 1329 896 1367 scribit.
941 1329 1163 1394 Rescriptum
1201 1331 1314 1366 solum
1348 1329 1425 1366 sine
1456 1341 1591 1376 graeca
1623 1329 1683 1366 iu—

67 1376 281 1438 scriptione
286 1390 475 1426 llIorcellus
507 1389 609 1436 operi
641 1399 705 1424 suo
738 1388 886 1424 inseruit
920 1383 1054 1439 (oper.
1087 1388 1201 1436 epigr
1234 1390 1269 1424 T.
1301 1389 1343 1424 Il.
1375 1400 1409 1436 p.
1446 1382 1570 1439 177).
1609 1389 1685 1424 Re-

68 1448 238 1496 scriptum
271 1447 440 1484 Antonini
473 1447 505 1483 in
548 1458 724 1483 marmore
766 1447 926 1494 sequitur
966 1447 1180 1494 subscriptio
1222 1458 1354 1493 graeca
1387 1458 1465 1483 cum
1509 1446 1685 1492 testibus3

68 1511 287 1555 postremum
319 1506 353 1542 in
386 1507 541 1542 clausula
575 1507 663 1542 baec
697 1506 806 1542 verba
839 1505 945 1541 latina
979 1506 1178 1541 adduntur:
1221 1505 1371 1542 Stasime
1404 1506 1552 1553 Dapene
1578 1499 1686 1556 [aliiz

31 1589 35 1594 ι
73 1559 236 1616 Bapeni)
269 1565 344 1602 edit
357 1593 450 1602 .....
483 1577 528 1600 ex
562 1565 674 1600 forma
707 1564 917 1600 sententiam
953 1565 1008 1600 vel
1042 1563 1342 1601 constitutionem.

210 1645 303 1698 Imp.
324 1643 471 1684 Caesar
493 1643 532 1683 F.
556 1642 691 1684 Aelius
713 1643 932 1684 Hadrianus
956 1643 1152 1684 Antonius
1176 1644 1268 1684 Pius
1291 1643 1456 1685 Sextilio
1478 1642 1686 1685 Acutiano.

213 1703 456 1745 Sententiam
489 1701 566 1742 divi
597 1703 717 1755 patris
749 1702 942 1742 niei...si
974 1701 1066 1755 quid
1097 1714 1170 1756 pro
1204 1703 1398 1743 sententia
1431 1701 1551 1754 dixit,
1584 1702 1687 1744 des-

76 1762 232 1803 cribere
247 1758 287 1816 3]
322 1761 388 1801 tibi
419 1761 619 1814 permitto.
681 1761 894 1814 Rescripsi.

210 1817 443 1874 Remgnst)
475 1819 841 1860 Undevicensimus.
887 1819 974 1859 Act.
1008 1818 1068 1860 Vl.
1102 1819 1193 1860 Idus
1226 1818 1337 1874 April
1371 1820 1534 1860 Romae.
1580 1819 1688 1861 Cac-

73 1892 164 1920 sare
196 1878 397 1919 Antonino
430 1877 472 1918 Il.
505 1883 545 1918 ot
576 1879 782 1918 Praesenti
814 1878 855 1918 ll.
889 1878 978 1919 Cos.
997 1875 1038 1931 ⁵)

152 2007 357 2041 Edictum
386 2007 684 2049 Diocletiani,
711 2008 981 2050 Maximiani,
1009 2005 1267 2041 Constantii
1295 2013 1336 2041 ct
1361 2005 1537 2041 Galerii
1563 2006 1615 2040 de

705 2056 871 2099 pretiis
899 2066 1055 2088 reruni.

219 2151 341 2188 1708.
403 2152 481 2188 Duo
514 2152 614 2188 huius
645 2151 899 2200 inscriptionis,
932 2163 1022 2199 quac
1055 2156 1091 2188 et
1123 2156 1273 2199 propter
1301 2151 1554 2199 magnitudinis
1578 2163 1685 2188 men-

75 2223 190 2248 suram
222 2215 259 2247 et
291 2214 442 2259 propter
473 2211 674 2257 argumenti
706 2211 920 2257 gravitatem
958 2210 1109 2246 maxime
1141 2210 1337 2257 insignibus
1371 2209 1588 2258 antiquitatis
1620 2221 1687 2247 ro-

77 2281 202 2307 manae
235 2268 471 2306 monumentis
504 2269 766 2306 adnumeranda
800 2274 876 2315 est,
909 2273 1097 2317 supersunt
1130 2270 1316 2317 exempla,
1349 2269 1619 2306 Stratonicense
1652 2272 1690 2305 el:

76 2329 259 2376 Aquense,
292 2328 356 2365 sed
389 2332 575 2375 utrumque
596 2328 801 2364 mutilatum.
834 2328 1042 2375 Exemplum
1069 2328 1340 2364 Stratonicense
1363 2328 1397 2364 in
1420 2328 1556 2376 oppido
1579 2328 1689 2364 Eski-

78 2387 218 2432 Hissar,
259 2397 349 2434 quae
382 2386 466 2423 olim
498 2388 582 2422 urbs
622 2386 848 2423 Stratonicea
880 2387 914 2423 in
948 2386 1049 2422 Caria
1082 2386 1168 2432 suit,
1212 2386 1245 2423 in
1278 2386 1396 2435 lapide
1437 2397 1530 2423 anno
1577 2385 1686 2422 1709

77 2450 257 2493 repertum
291 2449 326 2481 et
359 2457 378 2481 a
410 2445 610 2491 Silerardo,
644 2450 728 2482 tunc
759 2445 930 2493 temporis
963 2445 1057 2492 apud
1089 2445 1323 2491 Smyrnenses
1355 2445 1512 2481 Consule
1544 2444 1688 2481 Britan-

78 2503 158 2541 nico
191 2503 426 2540 mercimoniis
459 2503 623 2540 curandis
666 2504 861 2541 constituto
905 2503 1120 2551 descriptum
1154 2508 1218 2540 est.
1282 2503 1386 2548 Quod
1419 2503 1560 2550 quidem
1593 2514 1689 2551 apo-

78 2563 254 2611 graphum
285 2562 524 2599 transmissum
555 2563 589 2599 in
622 2562 788 2609 Augliam
831 2562 951 2598 comiti
994 2562 1038 2598 de
1071 2562 1233 2608 Oxford,
1277 2563 1428 2610 posthac
1467 2561 1500 2597 in
1533 2561 1690 2599 Museum

80 2621 313 2658 Britannicum
345 2620 482 2658 transiit
513 2621 572 2658 ubi
603 2633 695 2658 nunc
726 2621 819 2657 inter
849 2620 995 2657 codices
1037 2620 1246 2658 Harleianos
1289 2620 1377 2657 Cod.
1412 2620 1521 2656 7509
1564 2630 1690 2658 asser-

222 2781 258 2826 1)
285 2783 371 2817 Pro:
399 2782 579 2825 consuluit,
617 2782 705 2828 quod
731 2787 781 2816 est
805 2782 1077 2828 supplementum
1113 2783 1260 2816 'sexierii
1295 2782 1404 2826 potius
1429 2780 1609 2824 tenendum
1634 2782 1690 2816 vi-

83 2828 199 2862 detur:
223 2831 399 2863 constituit.
425 2849 469 2853 -—
495 2828 533 2872 2)
559 2829 633 2863 wel:
670 2829 769 2863 cleris
804 2830 903 2863 divisi
939 2832 1020 2874 agri.
1058 2830 1186 2864 Texier.
1219 2847 1263 2851 —
1294 2829 1332 2870 3)
1367 2828 1564 2863 rescribere.
1599 2828 1690 2863 Orel.

83 2891 127 2896 —
152 2873 190 2918 4)
217 2878 421 2921 recognovi3
448 2873 664 2930 subscriptio*
668 2883 717 2910 est
735 2876 937 2919 tabellionis,
965 2878 1016 2910 cui
1041 2887 1163 2909 nomen
1189 2882 1260 2909 erat
1277 2875 1566 2910 Undevicesimus.
1590 2876 1690 2910 Prior

85 2921 283 2967 subscriptio
309 2922 506 2968 (rescripsi)
532 2924 692 2968 principis
718 2929 778 2957 est.
805 2941 845 2946 -
876 2923 914 2966 5]
940 2924 1019 2958 Post
1044 2923 1121 2957 Cbr.
1148 2922 1223 2955 139.
