1887 3324
173 152 225 201 18

165 267 213 304 ut
242 262 315 317 qui
343 259 555 317 quicquid
586 261 764 302 emisset
794 259 974 316 duplum
1004 260 1097 300 eius
1119 262 1271 315 quanti
1293 261 1471 302 emisset
1489 262 1536 302 in
1556 261 1775 303 aerarium
1800 294 1804 302 .

165 317 320 359 inferri
350 320 582 372 cogeretur
611 321 654 356 et
683 316 775 357 eius
809 317 882 372 qui
901 313 1173 356 vendidisset
1193 316 1316 356 irrita
1335 315 1461 358 fieret
1481 315 1698 370 venditio,
1719 316 1774 358 de

166 373 220 413 iis
255 376 400 413 autem
423 372 496 427 qui
515 385 663 413 rerum
685 382 862 413 suarum
883 384 1165 426 possessores
1187 371 1322 412 futuri
1342 371 1509 428 aliquas
1531 377 1681 428 partes
1705 387 1776 414 ea—

165 443 260 468 rum
280 432 545 480 mutassent,
578 426 814 468 dummodo
835 441 922 467 non
940 426 1197 481 negotiandi
1219 442 1354 469 causa
1373 432 1640 481 mutassent,
1669 427 1776 469 nihil

164 489 280 524 esset
298 489 520 535 novatum,
543 488 586 523 et
606 483 847 525 necessarii
862 482 1120 523 Alliatoriae
1138 482 1356 537 Celsillae,
1377 485 1529 525 uxoris
1545 482 1666 524 Altil.
1687 483 1775 525 Lu-

163 540 286 594 perci
306 539 573 580 ornatissimi
586 539 671 579 viri
692 539 999 593 exposuissent
1019 536 1119 578 huic
1141 538 1307 592 ordini,
1328 545 1500 595 patrem
1523 540 1616 580 eius
1637 538 1773 580 Allia-

162 595 320 635 torium
343 594 518 636 Celsum
551 595 709 635 emisse
731 593 889 635 fundos
913 608 1011 635 cum
1035 593 1247 635 aedificiis
1267 595 1311 636 in
1332 596 1513 651 regione
1534 596 1773 636 mutinensi

164 650 238 706 qui
256 656 522 691 vocarentur
543 651 687 705 campi
708 650 863 702 macri,
884 651 929 691 in
951 647 1106 706 quibus
1128 649 1235 691 locis
1257 657 1476 692 mercatus
1499 651 1574 707 agi
1585 651 1621 704 3)
1645 665 1772 706 supe-

162 704 351 747 rioribus
374 705 524 748 solitus
549 712 664 747 esset
686 704 978 761 temporibus,
1000 707 1087 747 iam
1111 720 1190 761 per
1213 705 1377 762 aliquot
1399 706 1589 748 desisset
1610 704 1776 758 haberi,

165 775 304 817 eaque
338 760 540 804 aedificia
578 761 712 817 longa
743 767 964 802 vetustate
998 759 1297 804 dilaberentur
1325 777 1467 818 neque
1489 762 1659 803 refecta
1679 762 1777 803 usui

167 822 314 858 essent
335 817 500 870 futura,
534 818 635 872 quia
665 832 807 873 neque
839 816 1059 859 habitaret
1080 817 1124 858 in
1146 817 1198 858 iis
1222 818 1450 874 quisquam
1473 832 1554 858 nec
1574 817 1711 859 vellet
1730 818 1776 858 in

168 872 342 914 deserta
366 888 416 914 ac
438 874 609 914 ruentia
631 875 946 929 commigrare:
979 887 1034 914 ne
1059 873 1163 925 quid
1193 873 1359 926 fraudi,
1391 873 1554 914 multae
1585 887 1776 927 poenae-

165 942 247 984 que
270 934 386 969 esset
407 928 632 981 Celsillae,
666 931 775 970 sica
807 928 1026 981 aedificia,
1059 929 1111 970 de
1145 928 1300 985 quibus
1330 931 1374 970 in
1406 930 1487 970 hoc
1519 929 1673 970 ordine
1707 942 1776 969 ac-

163 989 254 1025 tum
277 990 404 1037 esset,
427 991 500 1026 aut
523 984 729 1026 demolita
750 985 936 1026 fuissent
959 992 1034 1026 aut
1056 1000 1107 1026 ea
1130 984 1380 1027 conditione
1405 985 1496 1026 sive
1519 999 1599 1040 per
1616 999 1662 1026 se
1682 984 1775 1026 sive

165 1053 263 1080 cum
296 1041 414 1095 agris
445 1039 718 1082 vendidisset
751 1046 824 1083 aut
857 1041 1045 1096 emptori
1077 1042 1170 1082 sine
1194 1041 1348 1082 fraude
1373 1056 1452 1082 sua
1476 1056 1527 1082 ea
1551 1039 1776 1082 destruere

163 1094 402 1150 tollereque
423 1096 587 1137 liceret.

248 1152 300 1193 In
332 1152 525 1193 futurum
557 1159 701 1194 autem
722 1151 1038 1197 vadmonendos
1062 1159 1262 1193 caeteros
1286 1167 1404 1205 esse,
1436 1158 1482 1194 ut
1505 1151 1777 1193 abstinerent

165 1221 211 1247 se
246 1222 271 1247 a
301 1212 390 1248 tam
423 1207 553 1249 foedo
585 1224 749 1264 genere
781 1209 1090 1259 negotiatimn's
1118 1208 1198 1249 hoc
1229 1209 1467 1264 praecipuo
1491 1206 1667 1249 saeculo
1691 1221 1774 1262 quo

167 1263 368 1315 excitari,
395 1264 571 1315 novari,
602 1265 750 1305 ornari
771 1262 998 1317 unstersa,
1030 1263 1186 1319 quibus
1209 1264 1396 1305 felicitas
1419 1263 1538 1304 orbis
1559 1269 1777 1304 terrarum

168 1317 441 1372 splenderet,
478 1320 620 1375 magis
653 1321 913 1370 convenire,
958 1335 1087 1375 quam
1130 1320 1266 1361 ruinis
1309 1319 1608 1361 aedificiorum
1639 1317 1772 1359 ullam

166 1379 336 1428 partem
359 1374 601 1416 deformem
618 1375 773 1417 Italiae
797 1375 954 1432 lredtli]
969 1381 1003 1425 ²⁴)
1027 1382 1069 1416 et
1090 1375 1233 1417 adhuc
1254 1376 1443 1420 retinere
1462 1375 1654 1431 priorum
1671 1380 1777 1415 tem-

169 1442 336 1483 porum.
427 1431 487 1472 ita
521 1437 567 1472 ut
599 1431 819 1472 (liceretur
842 1439 1067 1473 senectute
1090 1437 1247 1473 actum.
1262 1464 1270 1472 .
1286 1463 1316 1472 ..
1343 1431 1580 1473 Censuere.
1637 1430 1689 1472 In
1712 1445 1776 1471 se-

167 1489 274 1526 natu
295 1485 483 1527 fuerunt.
497 1519 505 1527 .
519 1518 528 1526 .
542 1518 551 1527 .

259 1567 310 1605 N.
331 1570 449 1607 1693.
495 1569 560 1607 Ad
583 1576 860 1620 argumentum
886 1570 1067 1607 Orationi
1092 1569 1340 1607 Claudianae
1372 1570 1633 1620 praemissum
1664 1581 1778 1620 prae-

172 1626 234 1659 ter
253 1622 375 1661 libros
406 1625 483 1662 iam
515 1626 555 1663 in
576 1624 810 1663 Enehiridio
835 1625 951 1663 Tom.
970 1625 1023 1662 Π.
1041 1639 1078 1676 p.
1099 1627 1190 1663 279.
1209 1632 1288 1662 not.
1308 1628 1343 1662 ⁴2.
1367 1625 1593 1662 nominatos
1626 1624 1776 1662 addan-

168 1682 253 1715 tur:
291 1678 599 1719 Commarmond
620 1681 879 1731 Description
915 1680 965 1719 du
987 1681 1127 1718 Muses·
1157 1680 1351 1731 lapidaire
1384 1679 1433 1718 (le
1455 1680 1585 1731 Lyon.
1644 1679 1775 1731 Lyon.

172 1733 473 1773 1846—1854.
492 1738 528 1775 4.
555 1750 646 1787 pag.
678 1738 729 1774 29
762 1743 800 1773 et
834 1736 913 1774 tab.
938 1736 980 1773 H
1013 1737 1077 1787 qui
1112 1737 1300 1774 orationis
1333 1741 1486 1773 textum
1521 1736 1778 1774 exactissima

169 1801 265 1827 cura
288 1802 524 1842 expressum
545 1792 678 1840 dedit,
702 1792 952 1830 Montfaleon
970 1791 1263 1843 Monographie
1288 1791 1337 1829 (le
1360 1791 1398 1829 la
1415 1790 1522 1829 table
1541 1791 1590 1829 de
1608 1790 1775 1829 Claude.

168 1843 369 1883 Nouv'elle
394 1846 557 1886 edition.
591 1848 722 1900 Lyon.
749 1849 867 1885 1853.
895 1848 961 1884 fol.
994 1848 1030 1884 in
1062 1861 1139 1898 quo
1172 1847 1332 1899 quidem
1355 1847 1455 1885 libro
1481 1846 1775 1885 Commentatio

168 1913 259 1938 mea
289 1901 339 1939 de
370 1901 445 1940 hac
478 1904 659 1942 oratione
681 1903 869 1954 Friburgi
894 1903 998 1940 1833
1030 1903 1138 1940 edita
1160 1904 1372 1954 repetitur,
1408 1902 1578 1954 epistola
1607 1915 1697 1940 mea
1726 1900 1777 1940 ad

169 1954 220 1993 A.
238 1957 303 1994 W.
321 1957 548 2010 Zumptium
571 1959 730 2007 addita,
755 1958 918 1996 Beneeh
938 1958 997 1996 La
1021 1958 1128 1996 table
1153 1958 1202 1997 (le
1220 1958 1373 1996 (flando
1397 1959 1494 1996 (lans
1513 1973 1575 1997 ses
1593 1964 1777 2010 rapports

170 2025 269 2050 avec
293 2013 329 2051 le
353 2012 458 2052 droit
480 2015 614 2066 public
638 2016 791 2053 romain
815 2022 855 2052 et
875 2015 1178 2066 gallo-rmnain3
1212 2015 1272 2052 in:
1306 2013 1532 2053 lVolowski
1562 2014 1703 2053 Revue
1726 2012 1777 2051 de

171 2067 400 2118 legislation
426 2077 465 2108 et
487 2071 536 2108 dc
558 2070 877 2123 jurisprudcncc.
915 2070 1041 2108 Paris.
1063 2072 1181 2108 1852.
1201 2071 1318 2107 Tom.
1338 2071 1392 2107 Π.
1410 2085 1448 2122 p.
1469 2072 1558 2108 193.

256 2146 306 2183 N.
333 2150 452 2185 1694.
484 2149 731 2200 Fragmenta
753 2148 1088 2186 senatusconsulti
1111 2148 1160 2185 de.
1184 2148 1400 2186 honoribus
1424 2147 1665 2186 Germanico
1687 2154 1778 2199 post

172 2208 347 2240 mortem
373 2203 595 2243 tribuendis
617 2219 641 2242 a
662 2206 748 2243 Fea
769 2205 939 2256 primum
966 2203 1071 2242 edita
1094 2204 1267 2241 Henzen
1291 2204 1412 2241 Urcll.
1436 2205 1543 2241 5182
1567 2203 1732 2241 exhibet
1752 2216 1775 2240 a

172 2256 396 2308 Borghesio
422 2267 623 2309 e‹›r1·ecta;
652 2260 841 2312 idemque
863 2274 896 2297 n.
923 2262 1027 2297 5381
1053 2262 1280 2310 t'1·ag111enta
1308 2259 1662 2306 senatusconsulti,
1698 2272 1776 2310 quo

171 2312 304 2351 Druso
329 2313 499 2354 Caesari
519 2323 610 2367 post
630 2323 800 2355 mortem
822 2315 995 2353 honores
1017 2315 1155 2353 tributi
1177 2322 1286 2362 sunt,
1309 2317 1479 2367 primum
1502 2315 1611 2354 edita
1632 2328 1655 2353 a
1675 2313 1776 2352 Maf-

172 2368 257 2406 feio
279 2368 383 2408 Mus.
406 2371 501 2409 Ver.
526 2373 618 2419 313,
643 2376 677 2409 1.
701 2385 803 2409 nunc
826 2385 849 2409 a
869 2371 1091 2422 Borghesio
1116 2370 1342 2409 emendata..

257 2445 308 2483 N.
333 2450 450 2486 1710.
473 2463 508 2488 a.
533 2450 853 2488 interseremlum
875 2449 1065 2487 Edictum
1089 2448 1361 2495 Constantini,
1393 2448 1499 2501 quod
1522 2448 1626 2487 infra
1646 2448 1776 2500 sequi-

171 2507 246 2540 tur.
306 2502 526 2555 Repertum
554 2519 657 2544 anno
692 2507 796 2543 17:53
819 2505 1011 2556 Hispelli,
1041 2518 1063 2542 a
1091 2505 1311 2543 Muratorio
1335 2505 1533 2543 Thesaur.
1591 2504 1776 2555 Inscript.

173 2570 210 2607 p.
250 2559 353 2596 1791
398 2567 606 2613 receptum
641 2561 713 2616 sed
749 2575 820 2612 pro
856 2561 989 2612 spurio
1024 2560 1223 2606 habitum,
1259 2561 1504 2599 assentiente
1538 2558 1689 2598 Orellio
1725 2558 1777 2597 ad

173 2625 210 2649 n.
235 2614 355 2660 2170,
380 2629 508 2668 nuper
524 2631 548 2655 a
566 2617 832 2655 Mommsenio
856 2617 1019 2668 egregie
1043 2615 1252 2654 defensum
1277 2623 1317 2654 et
1341 2615 1584 2667 explicatum
1606 2616 1647 2653 in
1664 2615 1772 2652 Ana-

173 2667 264 2705 lect.
301 2671 506 2723 epigraph.
531 2674 567 2711 9.
589 2672 765 2710 Bericht.
790 2672 824 2710 d.
848 2672 888 2710 S.
909 2671 957 2709 G.
983 2671 1020 2709 d.
1045 2672 1108 2709 W.
1133 2674 1240 2710 1850
1271 2685 1309 2723 p.
1331 2673 1409 2710 199
1443 2685 1529 2723 sqq.
1554 2671 1664 2708 cuius
1694 2683 1776 2708 mo-

175 2727 353 2763 numenti
394 2734 528 2766 textus
562 2727 611 2766 ab
638 2729 850 2766 Henzenio
881 2728 932 2765 ad
966 2727 1143 2765 tabulam
1167 2741 1430 2765 marmoream
1452 2725 1626 2777 Hispelli
1650 2738 1777 2763 asser·

175 2783 311 2817 vatam
331 2789 494 2821 exa-ctus
523 2790 562 2822 et
589 2784 810 2822 recensitus
845 2783 975 2821 editus
1000 2789 1060 2821 est
1084 2784 1124 2820 in
1158 2782 1325 2821 Collect.
1361 2782 1565 2821 Orelliaua
1589 2795 1627 2819 n.
1653 2781 1775 2819 5580.

176 2831 266 2870 Vol.
288 2834 363 2872 III.
384 2851 422 2888 p.
450 2841 538 2886 116,
576 2839 683 2877 unde
704 2840 1055 2891 transsmipsimus.

243 2954 278 2995 3)
303 2956 357 2989 lta
374 2957 572 2992 Mommsen
591 2971 634 2993 cx
651 2962 817 2994 Parisino
837 2960 1002 3003 exemplo
1021 2961 1116 3003 quod
1135 2960 1262 2993 habet:
1288 2962 1355 2993 aci„
1403 2959 1619 3001 Capaecius:
1646 2969 1776 2992 merca·

176 3005 292 3034 tus....
316 3013 413 3043 saepe
438 3007 776 3047 superio1·ibus.-—4)
805 3004 994 3048 Supplevit
1016 3007 1228 3038 Mommsen.
1253 3007 1404 3045 conspici
1430 3005 1639 3046 Capaecius.
