1877 3313
98 162 185 206 390
553 154 657 189 Inscr.
682 153 859 198 profanae.
909 152 991 198 Cap.
1017 151 1057 187 11.
1105 152 1264 187 Tabulae.

772 260 1034 303 Decuriones.

237 324 286 366 A.
319 321 506 365 Octavius
536 321 704 362 Faustus
734 321 832 361 Ti..
851 353 860 360 .
879 352 889 360 .

235 384 305 425 Le.
337 382 504 424 Aninius
534 381 707 421 Faustus
739 378 970 435 (Sequuntur
1001 379 1144 418 nomina
1174 379 1251 419 ΧΠ.
1298 379 1336 417 Iu
1363 380 1476 418 altera
1498 379 1617 418 tabula
1643 392 1707 419 su·-

97 446 232 497 pcriori
263 444 425 493 margine
457 454 581 480 manca
611 441 752 479 nomina
784 434 950 492 xxvt.)

787 497 961 538 Immum.
982 493 1019 551 ¹)

239 560 414 602 Herenn.
446 557 673 600 Demetrius
704 557 783 599 iun.
815 556 973 597 Flavius
1004 554 1150 596 Iustus.

237 677 399 734 Lepidia
448 675 555 718 Iulia.
632 675 772 716 Titinia
814 611 982 727 giistpin).
1045 672 1264 715 Numitoria
1314 671 1510 714 Felicitas.
1567 672 1711 716 Filiae:

97 739 191 782 Iulia
221 739 368 780 Probit.
430 736 485 778 Fl.
517 735 720 777 Athenais.
754 757 809 762 —-
841 737 916 773 Hae
949 735 1051 772 binae
1083 735 1227 772 tabulae
1257 745 1494 782 marmoreae,
1525 733 1625 772 unius
1651 735 1710 773 in-

98 800 302 850 scriptionis
332 803 473 848 partes,
515 801 683 846 repertae
726 796 760 833 in
803 806 894 842 agro
937 794 1070 831 veteris
1111 795 1229 832 Lunae
1271 798 1499 831 asservantur
1528 794 1711 832 Sarzauae

100 856 208 912 (casa
241 853 401 911 Magni).
450 858 574 894 Murat.
606 868 639 905 p.
674 855 768 892 522.
831 853 928 891 Oret.
959 853 1085 890 4055.
1118 853 1177 900 qui
1205 864 1275 890 non
1298 854 1475 899 integram
1500 852 1710 902 inscriptio-

99 931 179 956 nem
213 919 293 964 dat3
327 918 447 954 denuo
479 927 593 964 nuper
624 913 668 952 ad
701 914 840 951 tabulas
882 917 1048 950 accurate
1090 917 1254 949 exactam
1295 912 1406 950 edidit
1437 912 1544 949 Carlo
1576 913 1711 950 Promis

103 977 196 1015 Dell'
228 977 343 1015 antica
377 977 461 1014 citta
493 975 528 1011 di
560 974 667 1020 Luni,
708 974 741 1011 in
783 972 954 1010 Memorie
986 971 1070 1008 dell*
1103 971 1285 1009 accadem.
1320 972 1354 1008 di
1385 971 1504 1009 Torin.
1534 972 1637 1009 Serie
1668 972 1710 1008 11.

98 1038 197 1075 Tom.
228 1037 256 1074 1.
287 1049 321 1085 p.
353 1035 450 1072 239.
484 1033 582 1070 250.

248 1118 370 1156 1776.
432 1114 478 1156 Ti
509 1112 673 1155 Claudio
717 1112 869 1154 Severo
903 1115 941 1151 et
974 1111 1014 1151 C.
1047 1109 1203 1152 Aufidio
1237 1111 1440 1152 Victo....
1473 1109 1584 1153 Ordo
1614 1122 1712 1152 cor-

101 1180 277 1230 porator.
310 1172 594 1216 lenuncula...
626 1172 979 1225 pleromariorum,
1012 1169 1250 1211 anxium-ior.
1284 1170 1473 1211 Ostcn...

241 1247 344 1287 Patr.
359 1242 401 1297 ³)
433 1243 484 1284 M.
508 1243 639 1296 Cipius
662 1242 794 1283 vitalis
828 1246 867 1282 et
886 1242 929 1282 T.
962 1240 1154 1282 Antistius
1187 1240 1327 1282 Favor.
1352 1242 1434 1290 QQ.
1459 1240 1500 1282 L.
1518 1238 1559 1296 ⁴)
1591 1241 1711 1282 Vcius

100 1305 285 1356 Adiutor,
318 1298 378 1346 M.
402 1301 572 1344 Cloelius
606 1301 743 1351 Carus,
782 1301 821 1341 P.
856 1301 1037 1354 Ciargius
1070 1299 1220 1354 l‘italis,
1250 1299 1300 1343 M.
1334 1300 1466 1355 Cipius
1497 1300 1640 1354 Fortis,
1671 1302 1713 1342 C.

101 1365 288 1407 Fonteius
320 1363 584 1413 Fortunatus,
618 1362 662 1409 Q.
697 1360 849 1401 Atinius
882 1359 1110 1400 Maritimus.

847 1431 972 1472 Plebs.

241 1495 292 1537 M.
327 1492 461 1547 Cipius
493 1491 703 1534 Ostiensis.

243 1554 289 1602 Q.
322 1552 466 1594 Aulius
498 1552 656 1592 Lucrio.
689 1547 912 1604 [sequuntur
943 1550 1084 1589 nomina
1118 1546 1221 1603 XX.)

102 1636 160 1646 --
192 1616 339 1661 Ostiae,
379 1625 470 1651 nunc
511 1613 544 1649 in
586 1624 673 1649 mus.
719 1612 878 1649 Vatican.
919 1611 1078 1648 Visconti
1121 1611 1265 1648 Lettera
1299 1622 1339 1647 su
1372 1610 1439 1647 due
1473 1621 1625 1647 monum.
1657 1610 1713 1648 nc*

103 1676 196 1724 qnali
228 1678 248 1712 i:
281 1686 383 1712 mem.
417 1672 612 1710 d'Antonia
643 1683 763 1721 magg.
795 1684 829 1720 p.
863 1672 900 1708 9.
932 1671 1001 1708 Fea
1034 1670 1193 1718 Viaggio
1227 1683 1246 1707 a
1279 1669 1377 1707 Ostia
1411 1682 1444 1719 p.
1478 1670 1716 1708 47.Fran1m.

103 1736 138 1773 (li
170 1735 248 1772 fast.
280 1747 315 1783 p.
347 1732 431 1770 LIX.
464 1743 496 1768 n.
528 1730 593 1767 41.

102 1917 140 1956 5.
171 1911 221 1949 11.
287 1910 452 1948 Tabulae
482 1909 715 1958 neqoliornm
743 1907 970 1944 solemnium.
1019 1905 1286 1955 Obliqationes,
1318 1907 1555 1956 donationes,
1585 1908 1717 1945 emtio-

384 1981 473 2016 ues,
505 1969 827 2015 mancipmtioroes,
859 1966 1132 2015 εΙιὶνοφάρΙια,
1164 1967 1438 2015 stipulationes,

558 2094 723 2128 'rabula
749 2093 1032 2128 alimentaria
1059 2093 1266 2128 Traiana.

250 2193 372 2230 1777.
436 2193 568 2230 Tabula
604 2204 708 2230 aerea
743 2197 821 2238 est,
856 2204 947 2240 quae
979 2191 1012 2228 iu
1046 2203 1167 2229 museo
1187 2192 1365 2229 Parmensi
1398 2195 1617 2239 asservatur,
1647 2204 1718 2241 pe-

105 2254 168 2291 des
201 2264 355 2299 novem,
387 2263 493 2289 unum
534 2253 702 2300 pollicem
746 2252 838 2297 lata,
881 2255 1032 2299 quatuor
1072 2251 1185 2300 pedes
1229 2262 1295 2288 sex
1335 2251 1490 2300 pollices
1530 2263 1719 2289 mensurae

105 2312 285 2349 Parisinae
319 2312 410 2357 alta,
440 2311 606 2360 pondere
638 2315 888 2348 sexcentarum
921 2311 1110 2355 librarum,
1154 2311 1270 2347 omnia
1314 2311 1448 2359 reliqua
1491 2315 1718 2348 monumenta

106 2371 340 2419 epigraphica
374 2382 480 2407 aerea
512 2370 557 2407 ad
589 2370 868 2417 magnitudinem
891 2366 1255 2418 stiperans3‘inventa
1288 2381 1381 2407 anno
1417 2369 1526 2406 1747
1560 2369 1594 2406 in
1626 2381 1718 2418 agro

105 2430 312 2468 Placentino
342 2440 459 2478 prope
494 2429 609 2466 vicum
641 2430 871 2466 Macinessum
914 2429 947 2465 in
986 2428 1094 2466 ruinis
1137 2428 1297 2464 Veleiae.
1359 2429 1544 2477 Scriptura
1576 2429 1719 2470 tabulae

106 2489 142 2526 in
173 2494 310 2538 septem
352 2489 524 2526 columnis
567 2493 761 2526 sexcentos
804 2488 1033 2536 septuaginta
1075 2498 1179 2524 unum
1222 2498 1345 2523 versus
1388 2487 1570 2533 continet,
1610 2499 1720 2536 super

109 2553 248 2597 septem
279 2548 452 2585 columnis
484 2547 602 2584 titulus
643 2547 787 2584 tabulae
828 2547 905 2583 sive
947 2547 1054 2584 index
1087 2545 1194 2583 ternis
1227 2546 1386 2583 versibus
1420 2546 1594 2584 continuis
1625 2558 1717 2595 pro-

108 2608 232 2644 currit.
293 2607 433 2644 Literae
464 2610 543 2642 sunt
586 2617 677 2654 quae
719 2606 883 2643 dicuntur
914 2606 1151 2650 maiusculae,
1192 2604 1255 2642 sed
1298 2615 1364 2642 eae
1399 2605 1541 2653 quidem
1573 2617 1719 2654 quarum

108 2666 224 2703 forma
257 2678 374 2714 neque
405 2669 538 2702 exacte
571 2665 748 2714 quadrata
780 2676 897 2713 neque
929 2665 1049 2702 omnio
1081 2668 1247 2702 accurate
1277 2664 1414 2713 sculpta
1447 2664 1502 2701 sit.

251 2839 288 2883 1)
323 2843 497 2875 immunes.
532 2858 573 2864 —
605 2838 644 2883 2)
679 2840 878 2875 Muratorius
912 2841 1073 2886 explicat:
1109 2845 1286 2874 rnatu-onae.
1338 2838 1583 2883 ltagenbuchio
1613 2846 1718 2884 mter,

111 2893 241 2927 ηιαιης,
265 2888 354 2931 filiae
379 2888 444 2923 hoo
470 2891 500 2922 in
527 2894 746 2922 monumento
773 2899 984 2922 communem
1010 2889 1232 2932 significatum
1258 2885 1385 2921 habere
1409 2886 1578 2921 videntur.
1617 2887 1718 2922 Orel—

111 2933 174 2966 lius
199 2941 314 2968 contra
337 2936 477 2969 meliore
498 2937 570 2970 iure
596 2942 814 2979 patronorum
841 2935 895 2968 vel
922 2937 1025 2979 patris
1051 2935 1187 2979 collegii
1211 2944 1334 2968 uxores
1359 2939 1393 2967 et
1419 2933 1504 2966 filias
1529 2933 1718 2978 appell-tas

113 2991 188 3015 esse
213 2981 395 3018 arbitratur
420 2983 557 3028 collegii
586 2989 710 3017 matres
736 2989 769 3016 et
794 2982 887 3016 silias.
924 2999 955 3005 —
983 2983 1021 3025 3)
1045 2984 1191 3026 patroni.
1219 2999 1259 3005 —-
1286 2979 1325 3024 4)
1351 2981 1629 3026 quinquennales.
