1877 3313
474 68 504 110 §.
530 67 584 103 12.
635 68 848 103 Testamenta
874 73 908 102 et
932 74 1211 104 testamentorum
1235 77 1360 116 partes.
1635 72 1723 115 407

254 173 304 216 X.
363 174 584 216 Praedium
613 175 889 216 suburbanum
919 176 1140 216 sestertium
1167 178 1368 231 sexagies,
1398 178 1505 231 quod
1526 178 1722 221 beneficio

114 233 214 287 Imp.
249 233 440 274 Caesaris
474 233 646 274 Traiani
684 233 857 287 Auqusti
900 235 1126 274 Germanici
1165 235 1314 276 Daciei
1356 242 1592 278 consecutus
1622 251 1721 289 sum,

114 294 216 335 intra
247 292 473 343 biennium,
515 305 631 345 quam
661 298 843 333 mortuus
875 306 969 342 ero,
1014 293 1169 333 libertis
1197 295 1240 334 in
1270 295 1461 336 alimenta
1491 297 1585 338 dari
1614 298 1722 338 volo.

113 351 230 392 Fidei
260 352 397 404 itaque
426 351 615 392 heredum
646 353 867 404 committo,
898 352 955 392 uti
985 352 1202 405 praedium,
1233 354 1273 393 in
1305 366 1384 406 quo
1416 367 1566 407 corpus
1596 369 1723 396 meum

113 410 276 462 sepeliri
316 410 433 460 volo,
475 423 564 451 cum
603 410 647 450 in
690 423 839 461 eo...,
883 411 1038 450 [tuticus
1069 423 1178 451 meus
1226 413 1485 465 rarissimus,
1528 414 1724 467 reliquias

114 480 224 510 meas
256 469 502 520 condiderit,
544 471 725 521 eoeceptis
766 469 868 509 locis
908 469 1112 521 reliqiosis
1143 474 1179 510 et
1208 472 1470 521 monimento,
1509 485 1588 525 quo
1618 473 1722 514 reli-

114 528 234 581 quiae
264 540 378 568 meae
409 527 552 568 inlatae
583 527 743 579 fuerint,
776 529 998 581 cuicunque
1028 529 1114 567 sire
1144 533 1376 570 testamento
1398 536 1569 571 anteaue
1595 531 1723 572 liber-

114 591 232 626 tatem
274 586 366 626 dedi
396 587 483 626 sice
525 585 725 626 codicillis
756 586 929 637 dedero,
970 592 1249 640 praeterquam
1281 588 1436 642 Hymno
1467 591 1644 643 pessime
1674 591 1724 631 de

72 697 75 699 Β
113 657 174 685 me
214 646 357 685 merito
397 649 434 684 et
471 645 636 698 inqrato
679 657 777 697 erqa
809 650 1028 697 patronum
1058 658 1184 695 suum,
1218 659 1306 686 cum
1330 649 1512 699 pascuis,
1543 649 1722 700 saltibus,

112 703 246 755 silvis,
278 704 512 744 instructum
543 704 744 755 mancipio
776 703 879 754 dent,
911 705 969 744 ita
1000 717 1050 744 ne
1080 704 1129 744 de
1158 706 1318 745 nomine
1345 706 1578 747 libertorum
1605 713 1726 749 emeat

112 775 213 802 neve
243 762 276 802 ii
305 762 483 802 vendant
504 763 680 815 piqnore
709 762 816 813 dent,
850 762 1004 813 cedant,
1037 763 1277 816 condonent,
1311 765 1395 804 eius
1421 770 1552 805 autem
1567 768 1722 818 portio,

113 822 182 874 qui
214 833 268 860 esc
298 821 361 861 liis
387 821 616 871 decesserit,
648 821 816 874 reliquis
837 821 1051 861 adcrescat
1071 822 1199 862 donec
1224 823 1262 863 in
1289 835 1422 864 rerum
1448 829 1587 865 natura
1615 831 1723 866 esset

112 891 214 921 unus
248 892 398 921 eorum.
460 879 616 929 Quodsi
647 879 778 920 liberti
810 880 1054 933 libertaeque
1076 882 1119 920 in
1140 894 1277 921 rerum
1304 887 1454 922 natura
1474 896 1611 923 omnes
1637 896 1724 924 esse

112 939 320 991 desierint,
351 943 443 979 tuno
474 938 522 979 ad
553 938 785 979 libertorum
817 952 995 979 meorum
1024 939 1132 991 filios
1153 945 1430 994 posterosque,
1463 941 1592 982 donec
1623 947 1725 983 esset

110 1010 217 1038 unus
247 1010 409 1046 eorum,
450 997 556 1037 idem
597 998 690 1037 volo
728 998 946 1050 pertinere.
1011 998 1161 1046 Quodsi
1204 1012 1295 1040 esse
1329 1000 1514 1052 desierit,
1546 1005 1639 1041 tunc
1668 1001 1726 1041 ad

111 1056 304 1097 Serviani
333 1057 410 1096 mei
448 1055 614 1097 libertos
650 1061 916 1109 posterosque
948 1069 1086 1097 eorum
1113 1059 1326 1110 pertineat.
1390 1058 1486 1099 Cum
1516 1064 1652 1099 autem
1682 1061 1723 1100 in

110 1120 192 1156 tam
232 1115 371 1156 multas
411 1120 545 1168 partes
581 1115 798 1167 praedium
833 1117 1065 1168 praefatum
1106 1117 1363 1157 distributum
1402 1119 1459 1158 iri
1488 1117 1721 1171 intelliqam,

110 1186 186 1214 nec
213 1175 345 1226 possit
374 1186 511 1215 omnes
542 1174 727 1214 universa
758 1174 983 1226 possidere,
1014 1175 1212 1227 reliquum
1234 1181 1302 1225 est,
1334 1175 1428 1215 liuic
1453 1189 1611 1229 quoque
1638 1177 1723 1230 dif-

108 1233 279 1286 sicultati
308 1233 525 1273 consulere.
586 1232 726 1286 Itaque
761 1233 973 1285 Terpnum,
1006 1232 1207 1284 Achillen,
1239 1233 1507 1288 Heliopaeden
1541 1235 1723 1289 Cymba-

111 1292 246 1332 listam
277 1297 492 1332 curatores
522 1291 573 1331 do
606 1297 644 1331 et
681 1293 809 1344 siquis
841 1304 893 1331 ex
923 1291 986 1331 Itis
1025 1292 1244 1332 decesserit
1273 1298 1366 1332 tunc
1396 1293 1521 1333 alium
1552 1299 1723 1336 curato-

110 1362 196 1391 rem
228 1351 411 1392 substitui
443 1351 618 1392 curatori
649 1350 838 1403 defimcto
869 1350 1118 1402 reliquorum
1144 1350 1342 1404 suffraqio
1364 1351 1482 1392 iubeo
1508 1357 1553 1392 ut
1577 1353 1629 1392 ab
1659 1354 1722 1394 liis

111 1410 370 1451 curatoribus
410 1409 590 1450 alimenta
633 1409 763 1449 omnia
806 1410 1031 1461 computari
1073 1414 1110 1449 et
1148 1409 1303 1450 reditus
1344 1410 1533 1451 distribui
1572 1411 1725 1453 libertis

109 1468 216 1521 volo,
247 1481 328 1522 qua
351 1481 398 1509 re
418 1467 596 1521 effectum
616 1468 672 1507 iri
692 1468 908 1519 existumo,
937 1472 979 1508 ut
999 1468 1046 1508 ab
1073 1480 1154 1509 uno
1175 1469 1305 1509 omnia
1326 1470 1552 1523 percipiant
1571 1482 1721 1512 onmes.

249 1548 314 1591 XI.
374 1549 463 1590 Hoc
495 1549 671 1602 amplius
703 1549 870 1590 heredes
888 1562 998 1590 meos
1018 1563 1121 1604 roqo
1141 1550 1314 1604 fideique
1340 1551 1515 1592 omnium
1535 1551 1724 1595 heredum

106 1621 286 1652 meorum
320 1610 534 1659 committo,
567 1610 745 1649 vzaxtme
776 1621 873 1649 vero
905 1622 932 1649 a
962 1614 1051 1659 tua,
1083 1609 1295 1659 Serviane,
1328 1610 1499 1660 domine,
1532 1624 1632 1664 erqa
1662 1625 1725 1652 me

106 1668 385 1709 benevolentia
413 1671 521 1720 peto,
551 1680 602 1708 nc
630 1668 799 1719 patiaris
832 1673 922 1720 post
955 1681 1017 1708 me
1051 1681 1290 1722 quemquam
1322 1669 1493 1719 illorum,
1514 1682 1616 1722 quos
1636 1672 1724 1711 sive

107 1732 340 1768 testamento
370 1727 458 1767 sive
489 1727 689 1767 codicillis
729 1727 975 1779 niczumittes,
1016 1732 1088 1766 aut
1127 1728 1245 1767 etiam
1283 1733 1460 1768 veterum
1490 1728 1724 1770 libertorum

106 1791 266 1828 tuorum
306 1786 403 1839 poni
442 1786 486 1825 in
527 1790 778 1826 monumento
821 1797 928 1835 meo,
971 1791 1042 1825 aut
1081 1798 1314 1839 quemquam
1358 1799 1411 1826 ew
1441 1787 1539 1827 meis
1570 1787 1725 1829 libertis

105 1850 274 1898 praeter
306 1844 487 1897 Encolpu
519 1841 606 1899 (m)
639 1849 679 1884 et
709 1844 954 1884 Harmastum
988 1848 1028 1884 et
1067 1845 1336 1885 Anatellonta.
1398 1844 1562 1886 Aditum
1591 1852 1724 1886 autem

109 1904 298 1945 ambitum
330 1908 368 1943 et
395 1915 599 1944 accessum
630 1903 674 1943 in
704 1908 952 1943 monumento
985 1902 1079 1943 volo
1110 1903 1259 1944 habere
1291 1915 1448 1956 omnes,
1491 1916 1593 1956 quos
1635 1906 1722 1946 sive

108 1968 200 2004 ante
231 1966 506 2003 testamentum
537 1963 624 2002 sice
654 1967 882 2002 testamento
913 1963 1123 2002 manumisi
1148 1966 1435 2015 praeterquam
1466 1968 1523 2012 te,
1555 1963 1722 2015 Hymne,

109 2022 199 2075 qui,
242 2022 426 2074 quamvis
466 2020 674 2074 plurimum
718 2021 783 2061 tibi
813 2021 1059 2073 praestitisse
1097 2033 1155 2060 me
1185 2022 1427 2074 aqnoeeris,
1458 2021 1561 2061 adeo
1592 2026 1723 2062 tamen

107 2082 295 2133 inqratus
328 2080 518 2129 eoetitisti,
548 2084 592 2119 ut
617 2085 787 2132 propter
819 2092 889 2130 ea,
937 2091 1040 2132 quae
1072 2091 1092 2119 a
1124 2084 1164 2119 te
1196 2091 1335 2132 passus
1368 2081 1439 2120 sim
1474 2085 1541 2119 aut
1572 2080 1722 2121 timue-

107 2140 202 2188 rim,
235 2139 350 2179 etiam
380 2151 408 2179 a
438 2141 583 2179 tumulo
614 2151 702 2179 meo
732 2138 1013 2179 removendum
1042 2143 1078 2177 te
1099 2139 1316 2178 statuerim.
1378 2138 1590 2191 Reliquias
1614 2152 1723 2180 meas

114 2198 205 2238 Ursi
235 2197 413 2239 Serviani
434 2197 580 2238 domini
612 2198 688 2237 mei
721 2202 812 2238 et..
845 2198 963 2237 amicat
996 2197 1196 2236 rarissimi
1228 2209 1352 2236 curae
1374 2197 1614 2247 commendo,
1647 2210 1721 2238 ca-

109 2256 245 2309 pulum
276 2261 407 2297 autem
438 2255 537 2297 serri
568 2256 660 2296 volo
692 2269 764 2309 per
796 2256 974 2297 Serviani
999 2256 1076 2295 mci
1107 2255 1282 2295 libertos.
1328 2255 1410 2295 Per
1436 2255 1598 2295 eundem
1617 2257 1722 2297 ami-

110 2328 197 2356 cum
227 2318 336 2356 intra
368 2315 566 2355 biennium
594 2320 802 2367 postquam
843 2315 1052 2366 defunctus
1095 2326 1166 2354 ero
1209 2315 1472 2355 consummari
1498 2314 1723 2355 inchoatum

112 2374 229 2415 iubeo
260 2382 546 2415 monumentum
577 2382 844 2427 sumtuumqne
883 2374 927 2412 in
960 2385 1043 2412 eam
1074 2385 1156 2412 rem
1183 2373 1381 2425 factorum
1411 2373 1604 2413 rationem
1636 2387 1721 2415 eum

109 2432 283 2474 reddere
313 2433 405 2474 volo
438 2433 630 2475 Serviano
663 2446 778 2482 meo,
823 2439 857 2471 et
887 2444 964 2484 quo
1005 2433 1139 2471 notior
1168 2432 1220 2471 sit
1250 2431 1435 2472 uoluntas
1464 2444 1562 2482 mea,
1594 2432 1723 2485 lapidi

110 2492 238 2533 incidi
268 2493 484 2532 testamenti
515 2491 737 2544 exemplum
770 2495 808 2530 et
839 2491 934 2543 poni
965 2489 1014 2530 ad
1044 2490 1146 2530 latus
1179 2491 1409 2530 monimenti
1438 2491 1526 2530 mei.

251 2573 332 2616 XII.
393 2572 483 2615 Hoc
513 2574 687 2626 amplius
719 2573 901 2626 quisquis
932 2571 1027 2611 milii
1057 2571 1175 2612 lieres
1204 2571 1422 2613 heredesve
1447 2573 1524 2612 erit
1554 2576 1722 2613 eruntne

113 2645 201 2674 eum
232 2645 386 2687 eosque
417 2645 520 2687 rogo
553 2632 725 2684 fideique
759 2632 846 2672 eius
879 2642 1094 2683 eorumque
1125 2632 1336 2680 committo,
1383 2636 1427 2670 ut
1460 2643 1722 2684 quaecunque

113 2691 188 2732 hoc
218 2696 447 2733 testamento
479 2692 666 2744 cuiquam
695 2690 787 2730 dedi
818 2690 961 2743 legavi,
993 2701 1040 2729 ea
1071 2690 1298 2731 vicensimis
1330 2690 1512 2730 omnibus
1541 2690 1720 2739 liberent,

113 2751 171 2790 ita
199 2755 243 2791 ut
272 2764 343 2792 eas
373 2755 445 2792 aut
472 2751 634 2791 soleant
662 2749 869 2789 iudiciace
911 2748 1137 2800 suscipiant
1176 2761 1222 2789 eo
1254 2749 1436 2799 nomine,
1481 2753 1546 2789 aut
1575 2749 1720 2790 vicen—-

115 2808 238 2849 simae
269 2811 429 2851 nomine
459 2822 545 2850 cum
570 2808 806 2861 publicano,
839 2808 905 2858 qui
933 2807 979 2847 id
1006 2807 1183 2860 vectiqal
1203 2807 1440 2847 conductum
1458 2807 1630 2858 babebit,
1650 2811 1723 2849 aut

114 2868 385 2924 paciscantur,
416 2873 482 2911 aut
514 2866 708 2921 decidant,
739 2871 805 2909 aut
835 2867 875 2908 in
906 2865 1102 2907 arbitrum
1133 2866 1461 2920 compromittant.
