1877 3313
684 135 715 178 §.
743 135 773 169 1.
822 135 930 180 Leges
953 142 986 170 et
1010 136 1199 182 plebiscita.
1659 133 1746 180 207

139 239 352 297 aedific[ii,
393 253 473 294 quo
504 241 543 282 in
574 253 673 295 agro
705 241 795 283 loco
827 242 1018 296 oppidum
1058 243 1306 285 coloniamve
1348 257 1400 285 ex
1441 244 1534 299 lege
1563 244 1750 298 plebeive

138 302 238 343 scito
271 301 485 352 constituit,
517 300 731 341 deduxitve
765 302 1066 354 conlocavitque
1099 304 1201 343 ceivi
1242 316 1405 346 romano
1436 304 1658 345 nominisve
1688 304 1752 344 la-

139 360 208 400 tini
238 361 466 411 sociumvc,
507 357 670 415 q]uibus
704 356 774 413 [ex
805 360 973 401 formula
1007 365 1233 415 togatorum
1265 363 1407 404 milites
1438 364 1476 403 in
1508 367 1615 403 terra
1646 361 1752 403 Italia

137 420 335 472 imperare
367 414 536 472 solent],
551 450 699 459 .......
732 420 769 459 111
803 423 909 460 terra
950 419 1053 460 ltalia
1084 419 1131 460 ΙΙΙ
1159 421 1218 460 vir
1249 421 1355 462 dedit
1386 421 1619 477 adsignavit,
1650 421 1750 461 reli-

140 479 235 531 quit,
267 479 358 518 inve
391 477 538 518 formas
571 477 774 518 tabulasve
806 478 939 518 retulit
968 477 1141 518 referive
1173 479 1284 529 iusit3

277 537 390 591 Ager
421 536 535 576 locus
568 537 694 577 omnis
727 537 818 589 quei
848 549 967 590 supra
998 538 1169 590 scriptus
1212 535 1310 591 [est.,
1344 544 1458 580 extra
1491 551 1579 579 eum
1612 551 1748 593 agrum

138 594 286 647 locum,
319 595 411 648 quei
443 607 539 647 ager
571 594 685 635 locus
718 608 770 635 ex
801 595 891 648 lege
923 594 1105 647 plebeive
1137 597 1247 645 scito,
1282 598 1386 650 quod
1420 598 1459 639 C.
1491 598 1747 651 Sempronius

138 654 197 694 Ti.
229 653 254 694 f.
288 658 334 695 tr.
366 653 417 706 pl.
450 654 629 707 rogavit,
662 651 892 708 excethum
926 651 1172 709 cavitu[mve
1205 660 1263 696 est
1296 657 1360 697 nei
1392 656 1746 707 divideretur,....

136 712 313 767 privatus
345 716 433 753 esto
449 743 552 752 .....
594 713 759 765 eiusque
800 712 902 753 locei
945 714 1030 766 agri
1068 713 1233 754 aedificii
1274 716 1414 767 privati
1454 712 1662 769 posessi]o
1697 715 1749 756 ita

135 771 218 812 utei
250 775 476 812 ceterorum
509 770 689 811 locorum
721 784 911 826 agrorum
943 771 1213 813 aedificiorum
1246 775 1488 826 privatorum
1522 778 1606 824 est,
1639 777 1725 814 esto
1737 786 1749 824 ;

138 842 389 882 censorque,
422 830 714 882 queiquomque
747 831 844 881 erit,
877 829 1022 883 facito,
1055 832 1134 872 utei
1166 832 1198 872 is
1231 846 1329 886 ager
1360 832 1473 874 locus
1519 831 1750 884 aedificium,

139 891 231 943 quei
263 885 334 943 [ex
365 887 401 928 h.
433 888 459 928 l.
492 889 670 942 privatus
703 887 828 930 factus
861 895 935 940 est,
967 890 1005 929 in
1039 902 1200 931 censum
1234 890 1444 944 referatur,
1476 892 1528 932 ita
1562 891 1642 932 utei
1675 903 1748 932 ce-

139 952 226 988 tera
256 946 346 988 loca
383 959 506 1001 agros
540 947 716 988 aedificia
748 947 893 988 referri
925 953 1103 1001 oportet,
1145 951 1309 1003 uteique
1347 964 1398 991 ex
1440 963 1489 991 eo
1531 962 1628 1005 agro
1659 949 1750 992 loco

137 1003 340 1061 aedi]licio
374 1019 477 1057 eum,
510 1007 670 1060 quoium
704 1003 815 1061 [eum
849 1020 987 1060 agrum
1019 1007 1146 1049 locum
1180 1009 1420 1060 aedificium,
1453 1010 1542 1062 quei
1574 1022 1626 1049 ex
1655 1008 1691 1050 h.
1724 1008 1749 1050 l.

136 1066 315 1119 privatus
348 1064 478 1106 factus
511 1071 595 1117 est,
638 1078 689 1105 ex
730 1065 821 1119 lege
852 1066 1033 1119 plebeive
1075 1068 1175 1108 scito
1210 1080 1312 1108 exve
1345 1068 1379 1108 h.
1413 1068 1435 1108 l.
1469 1081 1561 1109 esse
1594 1071 1750 1121 oportet

137 1125 402 1177 oportebitve,
443 1125 630 1164 tributum
673 1124 859 1165 conferre
892 1125 1052 1177 iubeat,
1084 1127 1135 1166 ita
1167 1128 1247 1166 utei
1280 1139 1331 1166 ex
1364 1127 1509 1167 ceteris
1541 1127 1638 1168 locis
1671 1139 1749 1182 ag—

137 1183 193 1224 ris
231 1182 420 1224 aedificiis
469 1184 631 1236 privatis
674 1183 858 1224 conferre
901 1182 1008 1238 ious]
1053 1189 1134 1233 cst;
1187 1186 1303 1225 neive
1345 1186 1431 1238 quis
1473 1185 1616 1231 facito,
1669 1198 1749 1239 quo

138 1243 283 1295 quoius
315 1255 404 1282 eum
437 1254 575 1296 agrum
607 1242 735 1282 locum
778 1242 996 1283 aedificium
1048 1244 1326 1296 possesionem
1365 1257 1416 1284 ex
1447 1243 1537 1295 lege
1568 1244 1752 1297 plebeive

140 1298 260 1356 [scito
288 1298 404 1355 ess]e
436 1305 595 1354 oportet
627 1301 888 1354 oportebitve,
922 1314 1010 1341 eum
1043 1313 1183 1354 agrum
1215 1298 1364 1355 l[ocum
1397 1301 1617 1343 aedificium
1649 1315 1750 1355 pos-

137 1361 360 1401 sessionem
393 1360 426 1400 is
458 1360 586 1400 minus
619 1364 774 1400 oetatur
804 1359 958 1399 fruatur
991 1359 1131 1400 habeat
1163 1359 1461 1413 possideatque,
1476 1392 1579 1401 .....
1614 1359 1749 1416 n]eive

140 1419 228 1472 quis
261 1418 310 1459 de
343 1431 388 1459 ea
421 1431 465 1458 re
498 1418 546 1458 ad
578 1414 779 1471 se[natum
800 1417 964 1469 referto,
997 1419 1112 1458 neive
1144 1419 1181 1459 111
1215 1424 1359 1460 senatu
1395 1421 1631 1460 sententiam
1664 1418 1754 1460 dei-

139 1479 241 1529 cito,
274 1478 390 1518 neive
421 1477 549 1528 serto,
583 1478 792 1529 quominus
824 1478 856 1517 is
888 1490 986 1531 ager
1018 1477 1130 1518 locos
1163 1478 1407 1530 aedificium,
1451 1479 1544 1532 quei
1576 1492 1628 1518 ex
1658 1477 1693 1519 11.
1728 1478 1752 1520 Ι.

137 1537 315 1590 privatus
348 1536 475 1576 factus
509 1540 592 1587 est,
632 1537 808 1588 privatus
846 1536 943 1585 siet3
986 1538 1100 1576 neive
1133 1538 1219 1590 quis
1253 1537 1301 1577 dc
1334 1550 1380 1577 ea
1412 1550 1456 1578 re
1489 1536 1536 1578 ad
1568 1542 1752 1578 senatum

137 1594 290 1637 referto
333 1593 470 1650 ni]ove
513 1592 564 1648 (l.
599 1592 740 1648 neivc)
785 1595 980 1635 sententia
1023 1592 1073 1649 (l.
1117 1593 1375 1650 sententiam)
1420 1596 1586 1648 deicito,
1635 1597 1754 1637 neive

138 1714 210 1750 quo
242 1704 277 1740 in
310 1714 400 1750 agro
433 1703 516 1738 loco
551 1702 719 1750 oppidum
745 1703 971 1739 coloniamve
1005 1715 1050 1739 ex
1078 1703 1162 1750 lege
1194 1704 1337 1752 plebive
1359 1704 1451 1741 scito
1478 1704 1661 1741 constituit
1683 1704 1752 1740 de-

139 1761 301 1809 duxitve,
320 1761 597 1809 conlocavitque
617 1761 681 1797 civi
700 1772 848 1798 romano
869 1762 1064 1799 nominisve
1083 1762 1177 1799 latini
1199 1762 1439 1809 sociorumve,
1458 1763 1585 1811 quihus
1603 1775 1649 1800 ex
1668 1763 1749 1800 for-

138 1822 231 1858 mula
256 1825 464 1868 togatorum
488 1820 613 1857 milites
636 1820 670 1856 in
694 1825 787 1857 terra
812 1820 910 1857 Italia
938 1821 1116 1869 imperare
1136 1821 1316 1859 solent...
1339 1822 1372 1859 in
1392 1827 1486 1859 terra
1504 1822 1602 1859 Italia
1621 1822 1749 1859 trium-

138 1880 192 1917 vir
219 1881 329 1926 dedit,
356 1879 573 1926 adsignavit,
601 1879 756 1927 reliquit,
784 1879 865 1916 inve
890 1880 1024 1917 formas
1047 1881 1232 1917 tabutasve
1259 1881 1379 1917 retulit
1402 1882 1607 1918 conferrive
1632 1881 1752 1918 iussit:

281 1950 370 1985 ager
411 1938 512 1975 locus
555 1938 667 1974 omnis
710 1939 768 1986 qui
799 1950 905 1987 supra
937 1939 1089 1988 scriptus
1133 1944 1186 1976 est
1218 1945 1319 1976 extra
1353 1951 1431 1976 eum
1464 1952 1588 1987 agrum
1620 1940 1752 1987 locum,

139 1997 197 2046 qui
230 2010 319 2046 ager
350 1998 450 2034 locus
483 2009 531 2033 ex
562 1997 646 2044 lege
678 1997 822 2045 plebive
854 1997 967 2043 scito,
1010 1998 1105 2046 quod
1145 1999 1182 2035 C.
1216 1999 1446 2047 Sempronius
1489 1999 1619 2035 Tiberii
1660 1998 1750 2035 fitius

139 2057 298 2094 tribunus
331 2056 446 2106 plebis
478 2056 636 2103 rogavit,
670 2061 860 2104 exceptum
893 2062 1079 2093 cautumve
1112 2062 1165 2094 est
1193 2070 1237 2094 ne
1261 2058 1480 2094 divideretur
1590 2056 1750 2106 privatus

139 2120 219 2153 esto
358 2115 505 2162 eiusque
539 2115 608 2152 loci
640 2115 718 2162 agri
751 2115 902 2152 aedificii
934 2116 1062 2164 privati
1094 2117 1276 2165 possessio
1307 2117 1354 2153 ita
1387 2116 1435 2153 uti
1461 2121 1663 2153 ceterorum
1686 2116 1748 2153 lo-

142 2186 267 2212 corum
299 2186 468 2223 agrorum
501 2174 743 2211 aedificiorum
784 2174 1006 2222 privatorum
1049 2180 1148 2211 esto:
1191 2187 1393 2223 censorque
1436 2175 1646 2223 quicumque
1680 2174 1749 2212 erit

140 2233 251 2272 facito
284 2234 334 2271 uti
364 2235 392 2271 is
425 2244 514 2280 ager
546 2234 646 2270 locus
679 2233 896 2279 aedilicium,
940 2234 997 2281 qui
1032 2245 1078 2270 ex
1111 2235 1176 2270 hac
1218 2235 1302 2281 lege
1333 2234 1494 2283 privatus
1536 2234 1647 2271 factus
1682 2238 1750 2281 est,

140 2291 174 2329 in
217 2305 362 2330 censum
403 2293 580 2329 referatur
611 2292 658 2328 ita
698 2292 747 2329 uti
779 2297 899 2329 cetera
941 2293 1020 2330 loca
1063 2305 1171 2340 agros
1215 2293 1376 2330 aedificia
1417 2292 1545 2330 referri
1589 2297 1748 2341 oportet,

141 2351 263 2399 utique
295 2364 341 2389 ex
374 2363 418 2389 eo
451 2363 567 2398 agro,
609 2351 716 2398 loco,
761 2351 924 2388 aedificio
963 2364 1042 2388 eum
1076 2363 1198 2398 agrum
1231 2352 1347 2388 locum
1380 2353 1576 2389 aedilicium
1609 2351 1668 2399 qui
1701 2363 1748 2388 ex

140 2411 209 2447 hac
241 2411 326 2459 lege
356 2411 514 2460 privatus
546 2410 660 2447 factus
693 2415 769 2456 est,
812 2423 857 2447 ex
890 2411 972 2457 lege
1005 2410 1146 2459 plebive
1187 2410 1276 2447 scito
1319 2422 1412 2447 exve
1454 2412 1520 2448 hac-
1551 2411 1635 2457 lege
1668 2422 1747 2447 esse

142 2474 288 2518 oportet
320 2470 566 2519 oportebitve,
596 2470 764 2506 tributum
796 2470 965 2506 conferre
997 2470 1117 2506 iubeat
1147 2469 1194 2505 ita
1228 2469 1276 2505 uti
1312 2482 1358 2506 ex
1385 2470 1513 2507 ceteris
1543 2470 1630 2506 locis
1653 2469 1749 2516 agris

142 2528 310 2565 aedificiis
343 2529 510 2566 conferre
540 2527 688 2575 iubeat,
719 2529 767 2565 ita
798 2528 847 2564 uti
879 2540 925 2565 ex
957 2528 1086 2565 ceteris
1129 2528 1215 2564 locis
1256 2529 1351 2575 agris
1394 2528 1561 2565 aedificiis
1602 2528 1749 2577 privatis

143 2587 311 2624 conferre
341 2588 393 2624 ius
426 2592 501 2633 est,
543 2599 636 2624 neve
675 2587 751 2635 quis
791 2587 922 2633 facito,
964 2599 1034 2634 quo
1068 2586 1162 2623 cuius
1206 2598 1284 2623 eum
1317 2599 1441 2634 agrum
1474 2588 1589 2624 locum
1622 2586 1750 2624 aedifi-

144 2645 234 2682 cium
277 2646 542 2695 possessionem
583 2658 628 2682 ex
660 2647 744 2693 lege
785 2646 929 2694 plebive
969 2645 1059 2682 scito
1103 2657 1182 2681 esse
1215 2650 1361 2693 oportet
1401 2645 1629 2695 oportebitve
1668 2657 1749 2683 eum

145 2716 271 2752 agrum
302 2706 420 2743 locum
453 2705 650 2742 aedificium
682 2705 947 2753 possessionem
979 2704 1006 2740 is
1039 2705 1151 2740 minus
1183 2708 1301 2740 utatur
1332 2705 1469 2741 fruatur
1498 2705 1629 2741 habeat
1658 2716 1746 2754 pos-

146 2763 332 2812 sideatque
479 2775 570 2800 neve
604 2763 679 2811 quis
722 2764 767 2800 de
800 2775 842 2800 ea
874 2775 913 2800 re
947 2763 991 2799 ad
1033 2767 1190 2799 senatum
1232 2764 1393 2810 referto,
1434 2774 1525 2800 neve
1561 2763 1595 2800 in
1626 2767 1751 2801 senatu

145 2823 356 2860 sententiam
388 2823 511 2869 dicito,
543 2834 636 2859 neve
667 2823 778 2869 ferto,
812 2833 882 2870 quo
914 2822 1026 2858 minus
1057 2821 1085 2857 is
1117 2832 1206 2868 ager
1235 2822 1336 2859 locus
1368 2821 1576 2868 aedificium,
1612 2822 1671 2871 qui
1701 2834 1749 2860 ex

146 2879 215 2917 hac
246 2881 329 2929 lege
360 2881 518 2930 privatus
552 2881 665 2918 factus
697 2885 753 2917 est-
781 2883 940 2930 privatus
973 2880 1063 2926 siet,
1095 2891 1187 2917 neve
1217 2881 1293 2929 quis
1326 2881 1371 2918 de
1397 2892 1439 2918 ea
1460 2892 1500 2917 re
1522 2881 1568 2919 ad
1588 2885 1749 2920 senatum

146 2938 287 2978 referto
320 2951 411 2978 neve
443 2940 655 2979 sententiam
696 2940 804 2978 dicito
845 2951 938 2977 neve
969 2939 1087 2986 ferto,
1128 2949 1199 2987 quo
1231 2939 1308 2988 quis
1346 2950 1492 2988 eorum,
1531 2939 1628 2979 cuius
1669 2951 1750 2978 eum
