1877 3313
144 199 229 243 332
594 194 696 230 Inscr.
721 195 896 238 profanae.
947 192 1028 239 Cap.
1054 193 1093 229 Π.
1140 193 1299 229 Tabulae.

145 306 275 360 ignem
296 301 330 357 ¹)
346 333 468 344 .....
500 301 563 353 sit,
595 305 638 343 ut
669 301 703 342 si
732 301 835 343 forte
867 301 914 342 ad
947 313 991 342 se
1022 301 1108 342 talis
1140 300 1246 341 libell
1250 313 1294 342 us
1325 301 1498 355 perlatus
1518 299 1652 354 fuerit,
1682 302 1743 343 is-

143 375 232 403 eum
264 361 481 415 praecipiat
511 357 744 427 concit2)..
785 392 792 400 .
837 361 1027 413 quoniam
1067 359 1258 400 eiusmodi
1299 361 1536 413 scripturam
1577 360 1625 400 ab
1665 373 1742 402 au-

145 422 288 462 dientia
318 420 459 461 iudicis
490 420 649 486 penitus
688 423 845 472 oportet
885 419 1135 459 submoveri:
1178 424 1358 459 manente
1399 423 1529 458 tamen
1567 419 1611 458 in
1650 419 1744 460 illos

146 479 413 533 inquisitione,
446 479 510 531 qui
540 477 693 519 libellos
725 477 917 518 eiusmodi
949 489 1177 543 proponere
1208 478 1292 517 ausi
1323 476 1492 526 fuerint3
1523 481 1566 517 ut
1595 478 1744 531 reperti

143 538 286 579 debitis
315 537 434 578 leuius
464 536 690 577 temeritatis
722 549 818 577 suae
850 536 988 588 poenis
1006 534 1045 589 ὦ)
1076 536 1346 576 subiiciantur.

282 608 315 648 V
319 638 489 648 ........
507 604 550 662 ⁴)
583 607 716 660 itaque
747 607 927 647 omnibus
961 610 1036 646 tam
1068 605 1114 645 ad
1147 605 1371 659 praefectos
1413 609 1594 657 nostr,os
1625 618 1744 659 quam

142 667 257 707 etiam
290 671 328 706 et
344 663 383 720 ⁵)
422 665 627 720 praesides
659 670 699 706 ct
740 665 953 706 rationales
985 670 1022 703 et
1049 665 1106 704 ad
1142 665 1375 718 magistrum
1417 665 1594 717 privatae
1624 661 1742 718 reiss)

142 725 287 778 scripta
319 724 547 775 direximus,
578 736 747 777 quorum
780 723 959 776 exempla
993 723 1069 764 alio
1102 723 1231 763 edicto
1264 728 1402 764 nostro
1428 723 1582 763 munita
1595 719 1635 777 ⁷)
1666 722 1745 764 hu-

142 783 315 825 iusmodi
345 784 474 837 legem
507 787 772 836 statutumque
804 783 1003 822 continent
1035 781 1263 835 plenissime
1295 781 1546 823 declaratum.

283 853 332 895 Vl
336 885 488 895 .......
506 853 577 895 stis
609 853 850 894 conscientia
883 857 1035 903 vestra,
1077 865 1180 905 quae
1211 853 1324 893 testis
1357 858 1430 904 est,
1460 851 1629 906 praebet
1659 865 1745 894 eam

141 926 344 964 summam,
377 913 607 954 clementiae
639 916 800 953 nostrae
834 912 1184 964 circumspectibus
1208 916 1247 952 et.
1268 910 1389 952 fuisse
1411 923 1569 965 semper
1591 915 1630 951 et
1652 923 1745 952 esse

144 977 324 1013 curatum
339 968 396 1027 ⁸),
428 976 470 1012 ut
500 970 700 1012 beatitudo
734 971 843 1011 urbis
874 982 1060 1011 romanae
1091 969 1280 1011 mandatis
1313 970 1460 1011 nostris
1483 970 1745 1023 obtemperet,

141 1030 333 1072 adversus
366 1042 503 1071 omnes
536 1030 694 1070 omnino
727 1029 966 1079 calumnias,
1009 1040 1106 1081 quas
1137 1029 1174 1068 in
1207 1029 1435 1069 universum
1467 1028 1605 1069 orbem
1635 1027 1744 1070 infa-

139 1090 213 1130 mis
247 1089 578 1130 Caesarianorum
619 1087 843 1140 desperatio
885 1087 1116 1140 porrigebat
1158 1086 1388 1128 firmissimis
1427 1088 1574 1128 munita
1615 1099 1740 1129 secu-

140 1148 333 1189 ritatibus.

141 1277 476 1322 Rescriptorum
502 1276 705 1316 duorum,
738 1275 897 1320 quibus
931 1275 1085 1308 ol'l'icia
1112 1274 1159 1307 ab
1194 1273 1548 1319 imperatoribus
1582 1274 1744 1308 confe-

704 1328 877 1362 runtur,
904 1322 1171 1366 fragmenta.

284 1419 405 1456 1711.
467 1419 585 1457 Edidit
616 1419 744 1468 primus
777 1418 949 1455 Odericus
978 1418 1011 1455 in
1034 1417 1349 1456 Dissertationibus
1372 1417 1406 1456 in
1430 1418 1564 1467 aliquot
1588 1408 1744 1469 inscrip-

141 1478 265 1517 tiones.
312 1480 456 1516 Romae.
493 1478 613 1515 1765.
646 1479 683 1515 4.
716 1477 870 1525 indeque
902 1477 1009 1513 Orell.
1042 1476 1167 1513 3195.
1203 1477 1326 1514 3196.

285 1566 406 1603 1712.
465 1563 652 1605 Januario
684 1563 861 1604 salutem.

284 1623 591 1674 ...memoriae,
632 1623 668 1662 in
702 1634 780 1675 quo
813 1620 901 1661 mihi
934 1622 1058 1674 probe
1090 1626 1130 1661 et
1160 1621 1360 1663 laboriose
1399 1626 1502 1662 ....t
1532 1633 1585 1663 ex
1615 1621 1745 1664 dis...

143 1686 182 1723 et
212 1680 483 1735 indulgentiae
514 1694 626 1721 meae
658 1681 971 1733 praerogativam
1004 1684 1110 1721 tanto
1142 1682 1265 1734 magis
1307 1693 1355 1721 cu
1370 1712 1494 1721 ......
1526 1681 1663 1723 isterio
1693 1681 1746 1723 sit

143 1740 237 1781 mihi
269 1740 514 1780 conciliatum
526 1753 538 1789 3
581 1739 752 1792 ideoque
792 1740 917 1779 iustus
950 1739 1156 1779 arbitratus
1188 1752 1272 1780 sum
1286 1770 1390 1780 .....
1423 1740 1569 1780 ceteris
1600 1740 1744 1793 proxi-

141 1799 237 1850 mis,
269 1800 334 1852 qui
365 1799 403 1838 in
435 1797 519 1838 aliis
552 1798 786 1839 stationibus
819 1797 1073 1852 quadragena
1105 1797 1220 1838 millia
1251 1798 1285 1838 N
1297 1829 1424 1838 ......
1457 1798 1615 1850 uiquam
1648 1799 1745 1840 mira

142 1856 268 1898 videri
299 1861 452 1910 potest,
496 1869 582 1897 cum
626 1855 805 1896 iudiciuin
837 1868 964 1896 meum
1004 1855 1117 1908 fidei,
1155 1857 1303 1909 labori,
1333 1855 1494 1898 sed....
1528 1857 1595 1898 bui
1626 1869 1650 1899 a
1681 1870 1743 1899 me

140 1916 391 1970 intelligatur.
453 1915 559 1956 Bene
593 1915 692 1956 vale.

286 2006 407 2043 1713.
468 2035 575 2044 .....
590 2004 625 2044 io
658 2003 722 2043 lib.
755 2003 933 2044 salutem.

284 2095 293 2103 .
312 2095 320 2104 .
341 2064 397 2103 ari
430 2063 645 2103 ministerio
678 2061 794 2102 officii
827 2061 1042 2102 memoriae
1069 2072 1112 2101 es
1133 2065 1171 2100 et
1194 2060 1292 2103 fides
1313 2073 1360 2103 ac
1381 2060 1572 2103 modestia
1610 2073 1743 2115 qu....

142 2121 278 2176 agistri
311 2122 365 2162 tui
397 2121 614 2170 hortantur,
648 2125 690 2161 ut
722 2125 760 2160 te
793 2119 839 2160 ad
872 2118 1114 2173 splendidam
1148 2121 1389 2174 voluptatum
1420 2121 1563 2163 statio.
1583 2152 1619 2161 ..
1639 2120 1744 2163 coli-

140 2181 243 2221 berti
275 2180 352 2231 tui,
385 2192 459 2220 nec
492 2179 625 2220 dubito
658 2192 818 2232 operam
859 2179 1040 2219 insum..
1072 2191 1210 2229 urum,
1253 2184 1293 2220 ut
1334 2180 1448 2220 talem
1491 2184 1530 2220 te
1549 2211 1701 2221 ......
1720 2178 1744 2220 d

142 2239 242 2280 latus
273 2239 490 2292 principum
524 2243 599 2278 tam
635 2237 698 2278 (lin
735 2238 873 2291 egerit.
935 2237 1043 2277 Bene
1075 2236 1173 2277 vale.

283 2426 320 2469 1)
347 2427 401 2460 Sic
428 2428 459 2460 in
485 2427 617 2461 schedis
637 2426 765 2460 Pinellii
785 2426 940 2460 lilenzius
958 2425 1036 2468 legit
1057 2424 1105 2469 (p.
1125 2423 1229 2466 230];
1258 2424 1457 2459 Muratorius
1475 2424 1585 2458 locum
1613 2423 1741 2468 depra-

146 2479 260 2508 vatum
283 2474 390 2507 edidit
416 2474 504 2507 hunc
530 2477 561 2507 in
591 2473 743 2507 niodum:
772 2474 807 2506 in
831 2473 942 2517 quibus
967 2474 1062 2506 eliam
1087 2472 1242 2505 iudicium
1268 2472 1422 2506 eiusmodi
1448 2471 1589 2505 observa.
1614 2483 1674 2516 pei
1691 2473 1743 2516 iq-

142 2533 227 2555 nem.
261 2521 354 2554 Pone
380 2523 492 2564 ignem
520 2521 638 2554 lacuna
665 2526 715 2554 est
740 2520 857 2553 decem
885 2520 954 2553 fere
980 2520 1148 2553 literarum
1181 2521 1324 2561 spatium
1350 2519 1591 2562 complectens.
1627 2537 1668 2542 —-
1704 2517 1743 2561 2)

142 2567 259 2602 Klenz.
285 2573 473 2611 postremas
499 2568 612 2601 literas
639 2567 778 2600 mutilati
804 2566 961 2600 xoeabuli
993 2565 1148 2600 CONCIT
1183 2566 1363 2599 mendosas
1388 2572 1489 2610 atque
1513 2565 1652 2599 subesse
1676 2575 1742 2599 vo-

144 2614 300 2648 cabulum
327 2615 533 2647 concremari
559 2616 758 2658 suspicatur.
784 2632 828 2636 ——
855 2613 891 2655 3)
919 2614 1075 2646 Illurator.
1099 2613 1225 2657 potins,
1250 2613 1340 2657 quod
1365 2623 1465 2646 sensu
1491 2617 1607 2653 caret;
1633 2613 1744 2655 poenis

144 2661 338 2694 emendatio
365 2667 415 2694 est
440 2659 642 2694 Lachmanni
666 2672 684 2693 a
710 2660 848 2694 Klenzio
875 2660 1010 2693 adscita.
1047 2677 1087 2682 —-
1124 2661 1160 2700 4)
1188 2659 1283 2692 lnitio
1309 2661 1426 2703 capitis
1451 2658 1579 2700 verba:
1612 2658 1661 2692 De
1694 2658 1744 2692 his

142 2708 235 2741 rebus
268 2708 322 2741 vel
353 2707 472 2741 similia
499 2708 661 2741 excidisse
687 2708 855 2740 existimat
880 2706 993 2740 lilenz.
1022 2723 1062 2728 —
1091 2705 1128 2748 5)
1154 2706 1307 2739 h'lenzius
1336 2705 1582 2740 emendandum
1607 2706 1744 2739 coniicit

143 2755 271 2798 adpro
298 2760 336 2787 et.
369 2771 410 2776 -
445 2752 483 2796 6)
508 2755 557 2787 rei
592 2755 681 2798 quod
708 2756 738 2787 in
769 2753 902 2787 schedis
937 2753 1146 2787 desideratur
1179 2753 1305 2786 addidit
1338 2753 1450 2786 chnz.
1485 2758 1519 2786 et
1550 2751 1743 2786 rationalem

144 2802 332 2845 mayislrum
348 2803 477 2845 privato
493 2802 628 2845 scripta.
656 2801 732 2834 Mai.
762 2817 801 2822 —-
830 2800 868 2842 7)
895 2801 1022 2834 mnnita
1047 2801 1240 2833 coniectura
1264 2799 1456 2844 suppletum
1481 2804 1515 2832 et
1538 2799 1743 2833 declaratum

144 2858 206 2891 pro
254 2847 443 2881 declaratur
476 2848 566 2892 quod
600 2848 746 2881 schedae
782 2846 961 2889 exhibent,
1000 2848 1214 2880 assumsimus
1250 2857 1269 2879 e
1295 2846 1422 2879 lt'lenzii
1457 2845 1675 2880 adnotatione
1699 2845 1742 2879 ad

147 2894 179 2926 h.
205 2894 225 2927 l.
252 2911 295 2915 ——
319 2894 358 2936 8)
384 2905 539 2928 curarum
564 2894 710 2928 schedae
735 2892 865 2936 Pinelli,
891 2893 980 2937 quod
1006 2894 1161 2927 Murator.
1189 2894 1290 2926 tacite
1315 2893 1507 2926 emendavit
1531 2893 1563 2926 in
1580 2898 1741 2936 curatum,

147 2941 428 2985 quemadmodum
453 2940 552 2986 paulo
577 2941 662 2975 infra
683 2940 876 2985 obtemperat
903 2940 992 2985 quod
1018 2940 1162 2975 schedae
1188 2939 1348 2974 exhibent
1371 2940 1403 2973 in
1429 2939 1626 2984 obtemperet.
