1877 3313
487 118 518 160 ξ.
543 119 575 153 4.
627 117 874 164 imperatorum
900 117 1017 153 Edicta
1042 124 1076 153 et
1099 119 1284 164 Rescripta.
1609 117 1694 161 313

89 227 149 269 bis
178 230 303 279 statu,
335 231 373 267 ct
402 226 441 267 in
482 227 634 280 qremio
665 227 875 268 altissimae
907 226 1049 280 quietis
1081 227 1233 278 locato,
1276 227 1392 267 etiam
1422 225 1531 280 pacis
1562 225 1691 275 bonis,

89 290 254 340 propter
294 298 409 338 quam
443 285 591 327 sudore
633 285 747 339 largo
778 286 994 327 laboratum
1028 291 1111 335 est,
1144 286 1296 339 disponi
1328 284 1529 336 fideleter,
1563 285 1693 337 adque

89 345 222 385 ornari
254 343 466 395 decenter,
499 345 704 385 honestum
736 344 931 397 publicum
965 349 1004 384 et
1034 356 1195 384 romana
1228 344 1395 397 dignitas
1425 344 1692 395 maiestasque

89 402 335 443 desiderant:
367 408 409 443 ut
436 415 522 453 nos,
555 404 619 455 qui
652 404 824 455 benigno
852 403 990 443 favore
1013 403 1212 442 numinum
1237 407 1462 443 aestuantes
1491 402 1539 441 de
1569 415 1692 455 prae-

87 462 204 502 terito
235 462 391 515 rapinas
423 462 595 514 gentium
629 462 895 509 barbararum,
929 463 1098 514 ipsarum
1122 462 1322 501 nationum
1346 460 1457 500 clade
1480 473 1690 513 compres-

86 520 234 572 simus,
266 521 303 560 in
336 524 539 560 aeternum
572 519 766 559 fundatam
801 521 970 572 quietem
999 519 1241 571 populorum
1270 524 1503 558 nostrorum
1531 520 1692 572 saepia-

86 591 186 619 mus.
247 579 399 619 Etenim
433 579 466 618 si
498 590 569 618 eos
612 579 753 630 quibus
798 579 903 619 nullo
936 579 1009 618 sibi
1041 579 1117 618 line
1148 578 1353 630 proposito
1385 577 1497 616 ardet
1528 578 1691 617 avaritia

87 637 344 688 desaeviens,
379 649 453 689 qua
485 638 572 676 sine
604 641 791 689 respectu
824 638 984 689 generis
1014 637 1182 685 humani,
1223 648 1299 677 uon
1337 636 1447 675 annis
1480 635 1599 676 modo
1627 635 1690 675 vel

40 737 43 739 ,
86 697 288 736 mensibus
333 700 398 735 aut
430 695 582 744 dicbus,
614 700 675 735 set
707 707 833 746 paene
868 695 975 736 lieris
1006 696 1180 748 ipsisque
1212 694 1443 743 momentis,
1481 694 1529 734 ad
1560 695 1696 734 incre-

83 759 215 794 menta
247 754 307 794 sui
339 758 379 794 et-
409 758 620 807 augmenta
654 752 862 803 festinant,
906 754 1033 807 aliqua
1065 755 1331 794 continentiae
1362 753 1463 793 ratio
1495 751 1694 793 frenaret:

84 812 148 852 vel
181 813 213 853 si
252 812 439 852 fortunae
481 825 711 852 communes
753 825 881 865 aequo
913 814 1042 852 animo
1073 814 1205 865 pepeti
1238 816 1403 864 possent
1433 811 1533 851 hanc
1565 811 1692 851 deba-

85 871 223 911 chandi
265 871 483 919 licentiam,
527 883 604 923 qua
645 871 817 923 pessimo
860 872 896 910 in
942 871 1026 911 dies
1066 871 1260 911 eiusmodi
1301 875 1410 910 sorte
1442 869 1691 910 lacerantur:

84 929 366 971 dissimulando
387 927 421 983 ¹)
465 928 640 969 forsitam
681 929 811 983 adque
852 929 1057 970 reticendo
1099 929 1273 980 religiosi
1315 930 1352 968 in
1386 928 1483 969 deos
1527 928 1692 968 videre-

52 1033 55 1035 >
83 1001 192 1038 mur,
224 1001 312 1028 cum
339 987 609 1028 detestandam
632 989 892 1028 inmanitatem
918 988 1272 1040 condicionemque
1294 986 1554 1028 miserandam
1580 999 1694 1027 com-

83 1048 211 1087 munis
250 1048 469 1087 animorum
512 1048 696 1099 patientia
741 1052 992 1099 temperaret.
1061 1047 1162 1096 Sed,
1205 1048 1294 1099 quia
1335 1058 1411 1086 una
1454 1050 1514 1085 est
1546 1046 1689 1098 cupido

82 1105 231 1146 furoris
264 1105 461 1154 indomiti,
495 1106 637 1145 nullum
666 1106 884 1146 communis
914 1105 1217 1146 necessitudinis
1252 1105 1398 1144 habere
1413 1101 1455 1158 ²]
1489 1104 1686 1153 dilectum3

83 1169 122 1204 et
153 1164 357 1218 gliscentis
390 1164 576 1204 avaritiae
599 1177 644 1203 ac
666 1165 891 1217 rapacitatis
914 1164 1128 1204 aestuantis
1162 1163 1384 1213 ardoribus,
1416 1162 1525 1203 velut
1557 1175 1688 1215 quae—-

83 1222 171 1262 dam
189 1223 329 1275 religio
348 1222 448 1275 apud
468 1222 658 1274 inprobos
675 1220 973 1276 aestimatur-²⁵),
1006 1224 1043 1262 in
1070 1221 1290 1262 lacerandis
1313 1221 1479 1261 fortunis
1505 1222 1689 1270 omnIum,

82 1282 323 1322 necessitate
353 1282 500 1334 potius,
532 1294 648 1333 quam
671 1281 872 1321 voluntate
905 1281 1087 1329 destitui3
1120 1281 1247 1333 adque
1282 1280 1376 1319 ultra
1399 1280 1588 1319 conivere
1610 1292 1691 1320 nou

80 1344 249 1393 possunt
292 1352 392 1392 quos
425 1339 473 1379 ad
514 1352 675 1380 sensum
709 1341 950 1380 miserrimae
992 1339 1237 1379 condicionis
1280 1339 1469 1391 egestatis
1512 1343 1689 1379 extrema

81 1403 309 1439 traxerunt:
343 1399 531 1439 convenit
559 1398 891 1451 prospicientibus
912 1398 1042 1448 nobis,
1075 1399 1139 1450 uui
1164 1402 1348 1451 parentes
1373 1409 1509 1437 sumus
1531 1399 1693 1450 generis

81 1456 252 1508 humani,
285 1457 468 1497 arbitram
502 1457 625 1497 relius
657 1457 924 1496 intolerandis
955 1470 1094 1496 ceo-am
1127 1456 1341 1504 canabei-m
1384 1460 1423 1495 ut
1458 1455 1562 1507 quod
1593 1467 1693 1509 spe-

80 1521 209 1556 ratum
241 1516 305 1555 diu
338 1515 556 1566 humanitas
589 1516 670 1567 ipsa
711 1521 916 1568 praestare
958 1528 1037 1555 non
1070 1516 1216 1568 potuit,
1259 1513 1305 1554 ad
1349 1526 1559 1554 con‘imune
1601 1527 1692 1555 om-

79 1575 185 1614 nium
220 1578 570 1627 temperamentum
595 1574 757 1614 remedii
786 1575 1036 1626 provisiones
1064 1570 1566 1626 nostraesummittendo.
1598 1573 1690 1614 Hv-

80 1635 142 1674 ius
175 1632 331 1685 quidem
364 1644 528 1680 causae,
562 1638 748 1685 quantum
781 1634 1001 1673 conaminis
1033 1634 1203 1673 omnium
1245 1632 1489 1673 conscientia
1537 1644 1691 1686 recog-

64 1693 223 1742 noscit,
256 1697 295 1731 ct
326 1692 501 1745 ipsarum
533 1704 665 1731 rorum
701 1692 799 1732 lidcs
832 1692 984 1738 clanim,
1017 1704 1143 1744 paene
1167 1704 1256 1732 sera
1281 1690 1565 1744 procurandae
1587 1703 1690 1732 cou-

78 1751 163 1791 silia
194 1751 386 1801 molimur,
420 1755 457 1790 et
485 1751 635 1790 remedi
661 1752 818 1790 iuventa
852 1751 1148 1799 coiniubemus3
1188 1756 1227 1791 ut
1261 1750 1367 1802 quod
1400 1749 1692 1802 expectandum

78 1809 152 1849 fuit
182 1821 254 1862 per
286 1810 370 1850 iura
401 1815 577 1858 naturae,
612 1809 646 1848 iu
671 1810 918 1863 gravissimis
942 1809 1188 1862 deprehensa
1204 1808 1355 1848 delictis
1379 1808 1461 1860 ipsa
1484 1820 1528 1848 se
1550 1821 1692 1849 emen—

81 1870 193 1908 daret
224 1868 466 1908 humanitas:
511 1868 630 1920 longe
662 1868 803 1907 melius
837 1869 1109 1908 existimantes
1142 1881 1220 1907 non
1265 1867 1453 1906 serendae
1495 1867 1690 1920 direptio-

78 1927 138 1966 nis
172 1931 284 1967 notas
317 1940 338 1966 a
371 1927 642 1967 conaminibus
676 1926 830 1966 iudiciis
863 1927 1037 1979 ipsorum
1071 1939 1192 1974 sensu
1226 1925 1354 1978 adque
1395 1925 1557 1965 arvitrio
1589 1939 1689 1979 sup-

79 1985 245 2035 moveri,
275 1997 376 2037 quos
401 1985 560 2026 cottidie
584 1986 619 2024 in
642 1986 777 2037 peiora
795 1986 1043 2038 praecipites,
1067 1990 1103 2024 et
1122 1986 1158 2024 in
1177 1984 1333 2037 publico
1353 1983 1502 2023 nefaria
1521 1984 1688 2036 quadam

79 2045 297 2084 animorum
323 2045 515 2084 caecitate
538 2045 754 2097 vergentis,
780 2045 955 2083 inimicos
979 2044 1157 2096 singulis,
1181 2049 1215 2082 et
1241 2043 1438 2082 universis
1459 2054 1552 2082 reos
1573 2047 1687 2083 atro-

79 2103 258 2142 cissimae
298 2103 584 2143 inhumanitatis
615 2103 748 2155 gravis
790 2115 898 2142 noxa
940 2099 1185 2148 ediderahs’)
1246 2101 1305 2141 Ad
1348 2100 1524 2141 remedia
1564 2102 1686 2155 igitur

78 2160 222 2201 iamdiu
255 2174 386 2202 rerum
418 2161 656 2201 necessitate
689 2161 910 2201 desiderata
943 2161 1262 2214 prorumpimus:
1298 2164 1337 2199 et
1367 2161 1498 2200 securi
1530 2160 1686 2213 quidem

79 2220 356 2272 querellarum,
400 2233 449 2260 ne
477 2224 543 2260 aut
560 2221 832 2273 intempestivo
859 2225 925 2259 aut
942 2219 1143 2272 superfluo
1172 2219 1350 2258 medelae
1368 2223 1531 2259 nostrae
1556 2221 1684 2259 inter-

77 2283 200 2318 ventu
225 2279 290 2318 vel
306 2278 410 2332 apud
426 2279 616 2332 inprobos
639 2278 766 2319 levior
788 2285 853 2319 aut
876 2278 989 2318 vilior
1017 2279 1305 2328 aestimaretur,
1330 2278 1394 2330 qui
1414 2282 1471 2318 tot
1494 2289 1684 2319 annorum

77 2337 325 2378 reticentiam
355 2341 552 2387 nostram,
595 2339 916 2390 praeceptionem
946 2336 1165 2377 modestiae
1197 2338 1440 2387 sentientes,
1473 2337 1587 2390 sequi
1618 2341 1684 2377 ta-

78 2408 167 2436 men
195 2396 418 2437 noluerunt.
465 2396 561 2444 Quis
595 2397 697 2436 euim
729 2395 829 2436 adeo
862 2396 1018 2448 optunsi
1045 2396 1231 2448 pectoris,
1265 2400 1304 2435 et
1335 2407 1355 2434 a
1388 2407 1510 2436 sensu
1543 2396 1682 2436 huma-

78 2455 208 2495 nitatis
241 2455 414 2495 extorris
446 2459 529 2504 est,
562 2455 628 2507 qui
660 2455 848 2508 ignorare
879 2455 1026 2507 possit,
1062 2455 1178 2495 immo
1211 2467 1289 2495 non
1321 2456 1504 2504 senserit,
1524 2455 1573 2495 'in
1606 2467 1683 2493 ve-

78 2513 226 2554 nalibus
258 2514 405 2565 rebus,
438 2526 538 2566 quae
571 2513 634 2553 vel
665 2515 703 2554 in
737 2513 1002 2554 mercimoniis
1035 2518 1228 2567 aguntur,
1261 2512 1324 2554 vel
1357 2513 1496 2554 diurna
1527 2513 1682 2554 urbium

220 2686 256 2730 1)
283 2688 362 2732 Lap.
387 2688 620 2722 dissimulandi
645 2695 680 2722 et
705 2700 783 2723 mox
807 2690 988 2731 reticendi„
1018 2707 1057 2711 —
1086 2687 1124 2732 2)
1150 2690 1211 2724 Ed.
1236 2690 1352 2723 habere
1376 2689 1488 2723 velint.
1522 2689 1597 2734 Ego
1619 2690 1682 2724 ‹le-

79 2733 145 2768 tevi
168 2734 438 2778 supplementum
451 2735 566 2778 velint,
591 2738 774 2780 respiciens
789 2737 830 2770 ad
858 2739 1069 2780 superiorem
1096 2737 1217 2782 lapidis
1243 2738 1421 2770 lectionem
1447 2736 1525 2780 quia
1542 2748 1611 2770 mea
1627 2744 1682 2771 est.

82 2796 122 2801 —
150 2781 187 2823 3)
213 2781 260 2814 Ita
295 2781 362 2826 lap.
389 2782 434 2815 At
466 2784 499 2816 in
534 2783 586 2816 ed.
620 2784 763 2826 quadam
793 2784 949 2828 reliyione
980 2785 1069 2828 apud
1101 2785 1261 2828 improbos
1292 2785 1454 2826 firmatum
1485 2785 1680 2818 aestimetur.

79 2825 154 2869 Ego
186 2830 387 2862 mutationes
412 2835 447 2862 et
477 2830 710 2873 supplementa
744 2832 852 2863 omisi.
887 2848 927 2853 —
961 2830 1000 2873 4)
1026 2831 1109 2864 Heic
1141 2831 1376 2874 supplementa
1411 2831 1680 2875 mutationesque

81 2872 208 2906 alienas
234 2886 300 2908 non
326 2877 451 2918 recepi.
477 2894 521 2899 —
546 2875 585 2918 5)
611 2876 658 2909 Ita
686 2877 738 2911 ed.
776 2877 856 2910 Mihi
882 2877 1031 2921 placeret
1056 2877 1259 2912 reddiderat.
1301 2876 1403 2909 Certe
1429 2876 1514 2920 lapis
1540 2883 1682 2912 straton.

81 2929 148 2952 non
175 2920 274 2954 habet
297 2923 330 2955 in
357 2922 456 2956 litura
481 2924 542 2956 nisi
571 2929 633 2957 rat.
