1877 3313
763 154 1096 192 PRAEFATIO.
1679 161 1726 197 lx

121 268 233 318 petita
267 268 354 305 dare
385 267 515 305 studui.
563 265 746 304 Nonnullis
778 270 894 302 tamen
928 265 972 302 ad
1003 265 1096 303 hanc
1127 277 1201 303 rem
1234 267 1400 306 subsidiis
1432 268 1594 307 literariis
1617 270 1729 318 carui,

119 339 313 389 praecipue
346 338 443 376 libris
475 337 632 387 pluribus
664 342 701 375 et
734 335 1044 373 dissertationibus
1079 337 1123 374 de
1154 349 1192 374 re
1224 338 1453 387 epigraphica
1483 338 1518 377 in
1550 340 1649 378 Italia
1690 345 1728 378 et

122 410 157 447 in
190 409 301 446 Gallia
344 408 468 454 editis,
511 419 604 456 quae
637 408 693 444 vel
736 407 930 454 tranquillo
963 418 1081 444 rerum
1123 411 1215 444 statu
1247 419 1318 445 non
1357 420 1479 447 omnes
1512 414 1581 448 tam
1622 411 1728 448 facile

126 483 395 528 comparantur,
426 479 480 516 his
514 489 603 516 vero
635 478 765 515 nostris
797 477 1017 526 temporibus
1049 479 1293 515 communibus
1326 480 1368 517 ad
1400 491 1465 517 nos
1497 492 1567 518 non
1597 493 1733 530 perve-

128 555 274 587 nerunt.
335 549 552 597 Scriptores,
583 549 678 585 unde
710 548 868 595 singulas
899 548 1150 597 inscriptiones
1181 550 1301 595 sumsi,
1331 562 1476 588 numero
1508 551 1634 599 cuique
1665 551 1734 588 ad-

131 620 356 666 scribuntur,
399 619 569 656 librorum
601 618 734 665 titulis,
774 618 839 656 nisi
871 618 929 655 ubi
970 618 1237 668 inscriptionum
1280 620 1511 658 collectiones
1543 622 1576 659 in
1609 622 1737 669 vulgus

124 695 237 729 notae
279 689 518 735 adhibentur,
558 689 711 736 integris
754 689 894 726 additis.
966 689 1188 738 Scriptorum
1229 690 1381 728 indicem
1421 692 1734 741 epigraphicorum

121 761 347 810 pleniorem,
388 760 516 797 ordine
556 759 784 808 alphabetico
818 759 1050 809 dispositum,
1092 760 1193 798 alteri
1227 761 1394 798 volumini
1434 762 1609 800 subiicere
1640 774 1732 800 con-

123 832 233 869 stitui.
296 830 579 868 Commentarios
623 830 757 867 addere
798 830 1087 879 inscriptionibus
1130 842 1200 868 non
1235 836 1310 868 erat
1350 843 1396 868 ex
1428 831 1571 870 instituti
1613 833 1733 882 operis

127 901 292 948 consilio,
323 901 388 937 sed
421 900 631 938 tantumodo
665 905 828 938 notarum
861 902 936 938 sive
967 902 1138 948 siglorum
1161 902 1432 952 explicationes,
1464 903 1636 941 variarum
1657 905 1736 941 lec-

125 972 260 1010 tionum
292 971 470 1008 delectum
503 975 540 1008 et
570 971 765 1020 praemissa
794 971 986 1009 maioribus
1019 972 1306 1021 inscriptionibus
1339 978 1559 1021 argumenta.
1603 974 1640 1011 In
1664 985 1737 1012 no-

118 1048 238 1081 tarum
273 1041 575 1091 explicationibus
607 1041 775 1078 subiectis
807 1043 865 1079 vel
898 1043 1118 1089 communia,
1161 1043 1275 1080 facilia
1307 1048 1343 1080 et
1375 1044 1534 1081 omnibus
1567 1045 1622 1082 vel
1654 1057 1734 1081 me-

126 1113 301 1152 diocriter
333 1113 366 1149 in
399 1113 467 1149 hoc
500 1124 637 1159 genere
680 1113 884 1150 exercitatis
919 1118 1002 1150 nota
1047 1114 1209 1151 consulto
1242 1114 1386 1161 recepi,
1428 1115 1593 1162 adeoque
1621 1127 1735 1164 usque

129 1189 302 1233 repetere
335 1194 406 1220 non
437 1182 684 1231 praetermisi,
727 1184 817 1220 hanc
849 1185 896 1220 ob
929 1195 1092 1230 causam,
1133 1189 1169 1220 ut
1201 1184 1353 1221 tironum
1386 1190 1421 1221 et
1454 1185 1598 1222 omnino
1630 1186 1738 1223 minus

125 1256 158 1294 in
191 1255 244 1292 his
279 1254 388 1291 literis
422 1253 699 1291 exercitatorum
733 1254 976 1290 commoditati
1022 1254 1163 1291 abunde
1195 1256 1432 1293 consulerem.
1495 1256 1594 1300 Quae
1625 1256 1740 1294 omnia

125 1326 265 1363 etiamsi
299 1325 452 1361 sortasse
484 1335 555 1360 non
589 1324 704 1360 aliena
738 1324 938 1370 videantur,
971 1325 1002 1360 in
1035 1336 1101 1361 una
1134 1337 1175 1361 re
1197 1325 1241 1362 ad
1274 1330 1460 1362 externum
1485 1326 1644 1363 delectus
1667 1338 1737 1364 no-

122 1396 187 1434 stri
218 1395 375 1432 habitum
408 1393 614 1442 pertinente
649 1394 727 1430 sore
760 1399 797 1431 nt
828 1394 949 1443 plures
985 1395 1181 1442 legentium
1214 1396 1325 1444 prima
1360 1397 1479 1433 fronte
1500 1396 1735 1434 offenderen-

123 1471 192 1513 tur,
215 1465 390 1515 praevidi,
415 1464 577 1501 nimirum
604 1464 636 1501 in
661 1465 933 1502 minuscularum
958 1477 1050 1513 quae
1073 1466 1236 1503 dicuntur
1269 1467 1446 1504 literarum
1480 1468 1602 1504 formis
1636 1472 1672 1504 et
1703 1467 1736 1504 in

125 1547 292 1574 versuum
338 1535 590 1572 distributione
623 1546 693 1571 non
727 1535 770 1571 ad
814 1535 1085 1584 inscriptionum
1118 1537 1149 1573 in
1182 1537 1300 1585 lapide
1343 1538 1400 1574 vel
1433 1549 1517 1574 aere
1560 1549 1740 1575 mensuras

127 1607 236 1653 sacta,
267 1606 331 1643 sed
365 1617 437 1642 uno
471 1611 600 1642 tenore
633 1606 930 1643 continuatorum.
993 1608 1065 1644 Sed
1098 1608 1186 1644 haec
1219 1609 1292 1656 ipsa
1325 1620 1381 1645 res
1413 1608 1496 1645 mihi
1533 1608 1674 1656 quidem
1707 1613 1743 1645 et

123 1677 169 1714 ad
203 1681 338 1714 rectam
371 1676 548 1713 rationem
583 1681 618 1712 et
651 1677 694 1712 ad
729 1688 826 1714 usum
860 1678 1094 1715 accomodata
1128 1690 1208 1714 esse
1243 1679 1442 1716 videbatur.
1492 1679 1628 1728 Nempe
1659 1690 1741 1716 om·—

119 1748 207 1785 nino
251 1747 386 1796 duplex
431 1751 485 1783 est
528 1748 772 1796 exemplorum
815 1748 960 1785 codices
995 1753 1031 1785 et
1063 1754 1288 1786 monumenta
1331 1750 1470 1786 literata
1514 1749 1741 1787 reddentium

119 1829 260 1866 genus,
306 1822 415 1866 prout
450 1817 506 1854 vel
551 1823 740 1855 accuratae
783 1818 924 1855 critices
966 1819 1120 1856 subsidia
1154 1824 1191 1857 et
1221 1820 1379 1857 rationes
1421 1820 1477 1857 vel
1519 1832 1742 1858 communem

116 1888 319 1935 >legentium
365 1888 655 1925 commoditatem
689 1894 723 1925 et
757 1890 968 1938 popularem
1009 1902 1105 1926 usum
1138 1890 1366 1939 respexeris,
1407 1903 1558 1938 quorum
1591 1891 1738 1928 alterum

120 1959 350 2007 originariam
374 1959 583 2007 scripturam
612 1964 738 1996 exacta
765 1960 962 1996 imitatione
993 1960 1169 2008 exprimat
1194 1973 1343 1998 necesse
1376 1966 1442 2007 est,
1476 1962 1624 1998 alterum
1647 1973 1735 1999 ver-

120 2030 249 2067 borum
282 2034 320 2065 et
353 2029 533 2066 literarum
567 2030 796 2066 substantiam
838 2030 993 2067 fideliter
1026 2032 1180 2068 reddere
1212 2032 1296 2071 satis
1340 2032 1449 2068 habet
1481 2032 1545 2068 etsi
1578 2043 1739 2069 commu·-

116 2101 217 2138 nibus
250 2105 286 2137 et
321 2100 502 2136 consuetis
548 2105 716 2148 typorum
750 2100 884 2137 formis.
945 2101 1098 2137 Tertium
1133 2113 1247 2148 genus
1291 2102 1442 2139 medinm
1477 2103 1572 2150 qnod
1606 2106 1735 2139 exacta

115 2171 370 2220 scripturarum
406 2171 604 2208 imitatione
638 2176 760 2208 carcat
792 2171 957 2219 idemque
990 2186 1007 2208 a
1041 2173 1217 2209 communi
1254 2173 1444 2210 formarum
1479 2173 1737 2210 consuetudine

114 2243 276 2288 recedat,
307 2242 429 2278 neutri
461 2242 553 2290 parti
585 2242 777 2278 satisfacit:
811 2254 889 2279 nam
923 2254 1038 2290 neque
1072 2243 1217 2279 criticae
1249 2244 1433 2280 subtilitati
1468 2243 1620 2280 inservit
1651 2247 1688 2280 et
1719 2255 1739 2280 a

113 2313 278 2362 populari
317 2312 513 2360 legentium
546 2324 610 2349 usu
643 2317 678 2349 et
710 2314 966 2350 commoditate
998 2313 1149 2350 alienum
1182 2318 1246 2350 est.
1302 2314 1373 2351 lam
1406 2315 1475 2351 hoc
1506 2315 1620 2363 ipsum
1653 2318 1731 2351 ter-

112 2384 199 2421 tium
230 2395 349 2431 genus
382 2383 497 2420 neutri
531 2384 622 2432 parti
655 2385 962 2421 accommodatum
995 2385 1203 2432 plerumque
1236 2384 1270 2421 in
1304 2385 1454 2433 antiquis
1486 2384 1732 2434 inscriptioni-

113 2457 179 2493 bus
212 2454 359 2491 edendis
394 2458 601 2502 usurpatur,
633 2454 714 2490 dum
747 2454 929 2491 literarum
963 2455 1231 2491 maiuscularum
1265 2456 1339 2492 sive
1373 2455 1575 2505 capitalium
1598 2455 1731 2492 formas

115 2524 399 2574 typographicas
435 2524 616 2570 adhibent,
649 2536 740 2572 quae
774 2536 892 2572 neque
924 2526 1032 2574 ipsam
1062 2530 1370 2563 monumentorum
1394 2525 1603 2574 scripturam
1627 2526 1732 2574 plane

112 2596 314 2646 exprimant
350 2600 384 2632 et
416 2596 610 2641 legentium
644 2596 769 2632 oculos
813 2601 1008 2632 morentur.
1069 2596 1149 2633 Mihi
1181 2597 1364 2644 utriusque
1406 2597 1515 2644 partis
1554 2595 1647 2632 ratio
1677 2595 1725 2632 ita

110 2667 249 2705 servari
280 2666 355 2703 visa
388 2671 469 2712 est,
501 2671 537 2703 ut
569 2667 662 2703 hunc
695 2666 963 2715 inscriptionum
1008 2666 1182 2704 delectum
1217 2668 1340 2704 iisdem
1374 2667 1556 2704 literarum
1589 2665 1712 2703 formis

111 2738 236 2787 quibus
269 2742 411 2774 veteres
460 2737 654 2786 scriptores
687 2738 811 2784 legere
843 2736 1115 2784 consuevimus,
1157 2738 1377 2775 reddendum
1411 2748 1593 2782 curarem3
1627 2737 1730 2774 alteri

109 2808 211 2846 huius
245 2808 365 2857 operis
396 2807 564 2845 volumini
597 2808 737 2845 tabulas
770 2807 1053 2856 lithographicas
1086 2808 1284 2855 additurus,
1320 2807 1445 2855 quibus
1479 2807 1646 2855 antiquae
1667 2807 1726 2844 di-

110 2889 296 2916 versorum
337 2889 511 2926 generum
545 2882 581 2914 et
612 2883 769 2916 aetatum
813 2877 1064 2926 inscriptiones
1109 2877 1373 2915 accuratissime
1407 2877 1452 2913 ad
1497 2878 1732 2926 archetypum

110 2960 305 2999 expressae
334 2953 712 3000 repraesentarentur.
773 2949 899 2997 Siquid
932 2960 1016 2987 sana
1047 2949 1142 2987 ratio
1175 2949 1303 2997 exigit,
1344 2948 1401 2986 vel
1433 2948 1602 2986 novitatis
1634 2948 1737 2986 inso-
