1877 3313
359 139 390 180 §.
416 139 447 173 7.
496 137 642 174 Decreta
667 145 703 175 et
727 140 913 175 sententiae
940 140 1195 185 magistratuum
1224 151 1452 177 romanorum.
1625 141 1711 184 345

103 246 181 284 hius
214 245 322 296 Corp.
352 248 509 297 inscript.
542 261 574 287 n.
612 249 733 287 1711.
766 262 802 298 p.
834 250 940 296 836,
983 261 1088 298 quem
1130 251 1318 299 sequimur.
1359 251 1515 290 Meminit
1552 251 1711 290 eiusdem

103 307 320 344 monumenti
351 307 476 344 llltiller
508 308 674 346 Orcliom.
706 321 740 357 p.
774 308 869 345 496.
903 309 986 345 Dor.
1019 309 1116 346 Tom.
1147 311 1173 346 I.
1206 323 1238 358 p.
1272 310 1366 347 254.

243 374 287 415 G.
321 373 461 417 Avidio
493 376 659 430 Nigrino
691 377 787 431 Leg.
820 376 925 431 Aug.
957 377 1094 430 Propr.
1116 375 1151 432 ¹)
1184 379 1355 420 Decreta
1387 391 1438 420 ex
1459 379 1611 421 tabellis
1639 391 1711 420 re·-

103 433 218 474 citata
250 433 300 474 VI
315 433 406 475 Idus
438 435 600 476 Octobr.
634 435 830 476 Eleusine.

244 503 338 545 Cum
372 506 543 559 optimus
574 506 762 558 Princeps
794 506 1030 547 sententiam
1061 505 1458 559 Hieromncmomun,
1501 522 1575 561 qua
1607 520 1712 549 con-

102 567 280 604 secratas
310 565 499 616 regiones
532 563 757 620 Apoloni²)
789 565 927 619 Pythio
959 579 1011 606 ex
1041 566 1274 607 auctoritate
1306 567 1411 607 Mani
1440 566 1540 608 Acili
1572 571 1611 608 et
1640 580 1710 608 se-

101 626 222 661 natus
252 621 636 674 determinaverunt,
679 623 923 676 sequendam
956 636 1049 665 esse
1080 626 1429 678 praescripsisset,
1461 638 1563 679 quae
1594 626 1710 667 etiam

101 680 262 733 Delphis
293 681 331 720 in
354 680 478 721 latere
511 682 619 723 aedis
651 682 842 735 insculpta
876 687 957 733 est,
990 696 1120 736 neque
1153 685 1303 724 veniret
1336 684 1373 724 in
1406 683 1578 736 dubium,
1609 685 1714 725 inter

101 738 389 792 Anticyrenses
422 752 582 793 quoque
615 745 653 781 et
685 741 872 794 Delphos,
908 742 1052 794 quibus
1084 742 1205 782 iudex
1237 741 1350 783 datus
1381 740 1522 796 sumss)
1557 743 1604 784 ab
1633 755 1711 797 op-

101 798 197 839 timo
229 797 422 851 Principe,
456 811 503 839 ea
535 800 732 840 sententia
763 802 858 840 stari
891 805 1104 853 oportere:
1137 802 1365 841 necessaria
1391 801 1463 843 fuit
1485 801 1713 856 diligentior

103 857 346 910 exploratio,
394 862 470 897 tam
519 857 770 913 vetustate4)
821 860 904 910 rei,
955 865 1061 901 tanto
1111 861 1235 913 magis
1276 860 1383 913 quod
1425 865 1465 900 et
1504 861 1712 913 possessio

103 914 332 967 quibusdam
365 916 463 957 locis
497 918 726 968 variaverit,
759 923 796 958 et
830 918 1020 959 iocabuta
1052 920 1287 972 regionum,
1331 932 1431 971 quae
1469 919 1712 961 Hieromne-

39 1022 42 1024 Α
102 986 260 1015 monum
293 973 618 1016 determinatione
651 977 967 1028 continebantur,
1001 978 1068 1017 vix
1098 978 1172 1017 iam
1206 983 1300 1018 nota
1328 983 1491 1031 propter
1522 979 1712 1031 temporis

102 1034 268 1086 spatium
304 1037 468 1087 utraque
510 1047 602 1087 pars
635 1036 683 1075 ad
717 1035 920 1076 utilitatem
962 1049 1071 1077 suam
1114 1036 1389 1076 transferebat.
1452 1036 1550 1077 Cum
1581 1038 1714 1090 itaque

103 1097 143 1132 et
173 1093 210 1132 in
242 1104 286 1132 re
318 1095 519 1145 praesenti
551 1096 711 1147 saepius
744 1094 908 1145 fuerim,
951 1099 990 1135 et
1021 1107 1123 1148 quae
1156 1100 1221 1135 aut
1253 1109 1304 1135 ex
1347 1096 1479 1136 notitia
1512 1095 1712 1136 hominum

103 1155 169 1192 aut·
201 1163 252 1191 ex
283 1151 576 1204 instrumentis,
616 1166 716 1205 quae
751 1154 982 1204 exstabant,
1016 1154 1146 1207 colligi
1177 1158 1380 1206 poterant,
1411 1154 1588 1207 pluribus
1621 1154 1714 1195 die-

103 1210 177 1250 bus
210 1212 503 1262 conqesserim,
546 1224 647 1264 quae
685 1213 853 1252 maxime
886 1213 968 1253 visa
1000 1217 1091 1252 sunt
1122 1226 1209 1253 cum
1242 1213 1616 1254 Hieromnemonum
1647 1214 1714 1254 iu-

103 1268 205 1309 dicio
248 1280 499 1323 congruere,
543 1270 615 1310 hac
659 1272 853 1310 sententia
895 1270 1192 1323 comprehendi.
1244 1271 1403 1312 Etiamsi
1447 1277 1712 1325 utrocumque

101 1328 187 1381 spei
218 1327 361 1380 aliquid
394 1329 613 1380 apscissum
646 1334 719 1379 est,
754 1330 899 1382 poterit
931 1335 1058 1370 tamen
1091 1330 1216 1370 videri
1255 1329 1433 1382 utrisque
1475 1331 1712 1382 consultum,

104 1386 211 1439 quod
243 1387 286 1426 in
317 1391 523 1440 posterum
557 1387 750 1428 beneficio
785 1388 919 1441 optimi
951 1388 1138 1441 Principis
1182 1393 1288 1429 certa
1334 1390 1540 1442 possessio
1584 1390 1642 1430 eis
1675 1394 1715 1430 et

103 1446 189 1486 sine
220 1444 288 1485 lite
320 1446 536 1499 continget.

242 1514 463 1568 Opoentam
497 1517 532 1556 in
566 1517 691 1562 mari,
732 1515 838 1569 quod
872 1516 1101 1570 Anticyram
1144 1518 1296 1571 vergit,
1337 1531 1450 1571 quam
1482 1519 1643 1572 primam
1676 1519 1716 1562 in

105 1573 430 1614 determinatione
462 1574 818 1616 Hieromnemones
850 1577 1178 1627 nominaverunt,
1222 1574 1365 1632 eam5·)
1399 1590 1490 1618 esse
1528 1579 1716 1630 constitit,

104 1645 205 1686 quae
237 1645 342 1674 nunc
373 1634 420 1673 ab
453 1633 538 1674 aliis
571 1635 697 1687 Opus,
729 1635 776 1675 ab
810 1635 896 1675 aliis
930 1635 1111 1688 Opoenta
1144 1636 1310 1687 dicitur,
1341 1639 1655 1690 promunturium
1671 1635 1711 1692 ⁶)

101 1690 209 1746 quod
223 1688 264 1745 7]
299 1696 360 1732 est
383 1705 405 1732 a
429 1692 566 1733 Cirrha
588 1694 862 1747 navigantibus
886 1695 983 1734 citra
1016 1691 1224 1747 nonamss).
1257 1694 1391 1735 Aedes
1410 1697 1452 1735 in
1475 1708 1574 1748 quas
1596 1709 1713 1737 amu-

101 1751 156 1791 sis
190 1750 236 1791 ab
270 1763 318 1791 eo
351 1757 463 1791 recto
495 1753 624 1804 verqit
664 1765 841 1807 stygem,
883 1755 931 1795 ad
964 1753 1220 1794 monticulum
1252 1755 1289 1794 in
1321 1754 1523 1806 appellato
1555 1760 1713 1797 sacrato

100 1809 212 1860 loco,
254 1822 358 1862 quae
388 1815 539 1850 vocant
579 1811 721 1865 templa
763 1811 1165 1863 Hieromnemonum‚
1209 1825 1294 1852 essc
1333 1813 1713 1855 Hieronmemonum

101 1869 218 1909 etiam
251 1881 303 1909 ex
335 1880 384 1909 eo
416 1874 579 1922 apparet
594 1866 650 1924 ⁹),
685 1869 791 1922 quod
824 1870 1022 1911 naturales
1055 1872 1092 1910 in
1124 1876 1290 1924 utroque
1321 1872 1536 1914 monticulo
1563 1872 1713 1926 lapides

243 2057 279 2100 1)
306 2058 419 2100 legato
446 2059 587 2101 Augusti
613 2065 847 2102 propraetore.
876 2076 915 2081 —-
938 2060 976 2101 2)
1003 2059 1156 2104 Apolloni
1184 2061 1243 2092 tria
1269 2060 1465 2103 apographa
1492 2059 1617 2093 habent
1643 2059 1714 2103 Cy-

100 2106 200 2147 riaci,
227 2105 364 2147 Clarkii,
390 2105 583 2147 Dodwelli3
609 2117 707 2150 quam
735 2107 916 2140 lectionem
945 2114 1072 2140 temere
1101 2109 1240 2140 mutavit
1264 2107 1481 2140 muratorius:
1511 2118 1633 2150 nempe
1659 2107 1713 2141 fe-

99 2153 206 2186 renda
234 2164 272 2186 ea
299 2155 332 2187 in
359 2152 510 2186 Graecia.
540 2152 676 2186 Boeclch.
706 2171 746 2175 —a
775 2152 812 2195 3)
839 2166 909 2186 sum,
935 2160 1027 2187 recte
1054 2154 1181 2187 addidit
1210 2154 1373 2196 Graesbm,
1400 2160 1435 2187 ut
1461 2156 1492 2187 in
1519 2164 1646 2197 graeco
1672 2156 1718 2187 ti-

100 2200 170 2233 tulo
197 2199 359 2234 ἐκέλευσέν
395 2213 432 2247 με
458 2206 591 2247 κρεῖναι.
626 2217 667 2221 —
704 2198 742 2241 4)
770 2207 862 2234 (anm
894 2206 1047 2233 velustate
1077 2201 1189 2242 Grues.
1225 2200 1313 2233 Nihil
1349 2201 1544 2234 mutandum
1580 2201 1715 2234 videtur

100 2246 289 2287 Boeckhio,
316 2247 374 2280 sed
402 2253 600 2280 structuram
628 2246 810 2280 arbitratur
835 2247 1064 2291 negligentem
1092 2258 1176 2281 esse.
1203 2247 1235 2280 Si
1264 2248 1420 2281 mendum
1440 2248 1617 2291 sculptoris
1634 2248 1717 2281 suh-

101 2305 175 2327 esse
204 2295 392 2335 admiseris,
418 2294 559 2328 sortasse
586 2295 826 2338 corrigendum
852 2300 919 2327 tam
943 2301 1084 2327 vetustae
1107 2296 1166 2327 rei.
1194 2311 1237 2315 -—
1265 2293 1301 2336 5]
1328 2295 1437 2327 urbem
1463 2307 1534 2328 eam
1566 2295 1714 2328 Graefius

100 2341 216 2374 addito
242 2341 410 2375 vocabulo
436 2342 567 2381 m·i'1em;
598 2341 658 2374 sed
685 2344 950 2384 promontorium
984 2351 1049 2373 non
1077 2342 1238 2385 oppidum
1266 2343 1466 2375 nominatur.
1500 2342 1635 2375 Boeckh.
1671 2360 1713 2365 —

101 2388 138 2430 6)
163 2389 428 2431 promunturium,
454 2395 488 2421 ut
511 2389 649 2430 srunsles
668 2399 729 2431 pro
745 2389 879 2429 frondes
897 2394 931 2421 et
948 2389 1027 2427 alia,
1052 2399 1138 2433 quae
1157 2390 1363 2432 potissimum
1383 2389 1551 2422 Umbrica.
1576 2388 1715 2422 Boeckh.

102 2452 143 2456 —-
173 2433 210 2476 7)
238 2435 390 2468 Graefius
416 2435 529 2468 addit:
555 2436 754 2479 oppositum,
790 2441 824 2467 ut
849 2436 907 2468 sit:
941 2435 1024 2479 qnod
1047 2436 1225 2479 opposicmn
1251 2443 1304 2469 esc.
1345 2436 1416 2468 Hoc
1442 2436 1561 2468 falsum
1587 2436 1715 2469 iudicat

99 2481 304 2521 Boeckhius,
333 2482 421 2525 quod
442 2493 509 2515 non
538 2483 613 2515 inde
634 2483 709 2525 quia
736 2482 768 2515 id
797 2483 1063 2526 promontorium
1089 2484 1280 2526 oppositum
1307 2483 1541 2525 navigantibus
1567 2482 1630 2523 sid,
1655 2483 1718 2516 sed

101 2538 144 2561 ex
169 2539 210 2561 eo
238 2530 307 2572 peti
335 2529 570 2562 determinatio
596 2529 737 2570 debeat,
773 2539 869 2572 quam
896 2528 997 2572 longe
1023 2529 1078 2561 ille
1111 2529 1204 2562 locus
1240 2529 1325 2563 absit
1351 2529 1391 2562 ab
1418 2529 1530 2573 aliquo
1566 2529 1642 2562 alio.
1670 2547 1713 2552 --

99 2574 138 2616 8)
165 2575 333 2609 Graefius:
368 2577 453 2608 citra
479 2588 601 2608 noxam
626 2577 722 2608 situm
749 2576 840 2608 nullo
868 2587 978 2608 sensu.
1013 2575 1224 2609 Boeclitiius:
1257 2578 1341 2609 citra
1366 2588 1508 2616 nonam,
1543 2582 1643 2620 atque
1669 2578 1713 2610 ita

101 2622 264 2666 explicat:
292 2622 409 2663 „Nona
437 2623 516 2656 hora
545 2621 728 2664 (omittitur
754 2628 863 2655 autem
888 2622 981 2663 hora,
1008 2623 1098 2666 quod
1125 2623 1247 2656 docent
1269 2625 1331 2656 iam
1352 2620 1476 2664 lexica]
1496 2623 1713 2657 coenabatur.

101 2668 169 2702 lam
195 2680 238 2703 ex
272 2670 438 2702 ordinaria
474 2672 689 2714 navigatione
723 2671 778 2714 qui
806 2668 926 2702 Cirrha
962 2670 1160 2712 Anticyram
1195 2671 1421 2714 navigabant,
1456 2675 1550 2703 certo
1576 2669 1653 2703 loco
1678 2677 1715 2704 ut

101 2715 211 2748 solent
238 2723 361 2750 nautae
388 2716 598 2750 coenabant:
631 2717 714 2750 citra
741 2716 833 2749 illum
860 2715 985 2757 locum,
1012 2717 1076 2750 hoc
1102 2723 1163 2757 est,
1189 2718 1275 2750 citra
1299 2728 1423 2750 nonam
1449 2722 1522 2749 erat
1548 2714 1713 2761 Opoenta.

103 2779 143 2783 *-
172 2761 212 2804 9)
237 2763 334 2796 Hunc
360 2763 470 2796 locum
498 2763 647 2797 Graetius
673 2769 749 2807 post
774 2762 878 2796 verba
905 2765 990 2797 citra
1014 2775 1138 2796 nomam
1154 2765 1252 2797 sittim
1270 2766 1313 2796 ita
1333 2764 1494 2796 restituit:
1518 2774 1583 2806 qua
1599 2776 1713 2797 anius-

101 2809 146 2840 εἰς
169 2809 208 2842 ab
233 2821 268 2842 eo
293 2816 378 2843 recto
402 2811 485 2855 qerz'l
507 2821 622 2854 ayyere
646 2810 690 2843 ad
714 2810 928 2843 monticulum
952 2811 991 2843 in
1015 2811 1184 2855 appellato
1212 2816 1343 2844 sacrato
1369 2809 1441 2842 loco
1462 2821 1566 2854 prope
1589 2811 1713 2856 templa

102 2854 397 2889 Heromnemonum
420 2858 591 2900 antiquum
615 2869 682 2890 esse
705 2863 948 2890 ononumencum
981 2869 1022 2890 ex
1047 2869 1080 2890 eo
1105 2864 1246 2902 apparet
1276 2863 1332 2889 etc.
1360 2856 1450 2889 unde
1476 2857 1602 2891 nullum
1627 2869 1710 2903 pos-

103 2911 174 2978 {pm
189 2913 332 2980 'slensum
358 2903 483 2937 elicere
509 2904 621 2937 finium
648 2904 770 2937 iudicio
797 2914 997 2948 congruum.
1026 2904 1091 2938 Sed
1117 2906 1219 2938 etiam
1247 2909 1359 2936 nostra
1386 2904 1553 2938 restitutio
1571 2906 1712 2940 incerta.

132 2958 208 2980 occ·
235 2974 242 2982 .
