1877 3313
687 108 716 150 ξ.
744 108 774 143 1.
822 106 930 154 Leges
957 113 990 143 et
1015 107 1204 152 plebiscita.
1658 106 1737 151 281

140 209 179 255 in
210 224 347 256 eorum
379 225 459 268 quo
491 226 526 256 o.
560 227 610 255 m.
644 227 678 255 c.
710 228 746 269 p.
778 214 805 256 f.
837 228 874 256 v,
907 228 941 257 c.
973 227 1007 256 c.
1040 219 1067 255 t.
1099 228 1148 255 ve
1165 213 1224 270 ¹),
1256 227 1357 270 quae
1388 219 1480 258 sunt
1509 219 1676 257 eruntve
1706 216 1747 256 in

141 272 264 314 Gallia
296 272 538 327 Cisalpeina,
569 278 748 327 petetur,
790 286 893 327 quae
922 285 990 314 res
1028 286 1108 315 uon
1138 274 1261 326 pluris
1291 275 1352 316 HS
1384 275 1455 315 XV
1486 275 1580 325 erit,
1621 275 1679 315 sei
1709 277 1744 314 is

141 344 228 372 eam
268 334 475 385 pecuniam
515 333 554 372 in
586 333 695 383 iure,
737 332 839 385 apud
879 345 970 373 eum
1012 333 1102 385 quei
1132 333 1208 373 ibei
1239 335 1262 373 i.
1297 333 1331 374 d.
1365 346 1426 387 p.,
1467 335 1503 373 ei
1534 335 1624 386 quei
1657 346 1744 373 eam

139 394 262 443 petet,
294 394 359 430 aut
390 391 425 430 ei
459 391 603 443 quoius
635 391 793 431 nomine
825 392 872 431 ab
906 403 955 431 eo
987 396 1160 443 petetur,
1193 391 1228 431 d.
1262 404 1298 432 o.
1332 391 1533 432 debereve
1565 405 1610 432 se
1642 405 1745 433 con-

139 447 274 489 fessus
306 449 402 499 erit,
433 461 564 502 neque
594 449 633 489 id
667 449 774 501 quod
807 449 1017 490 confessus
1050 450 1145 500 erit,
1178 450 1306 490 solvet
1338 452 1486 491 setisve
1517 450 1645 501 faciet,
1678 455 1747 491 aut

140 519 186 548 se
217 508 437 560 sponsione
469 507 694 561 iudicioque
725 508 857 547 uteive
889 508 1099 561 oportebit,
1132 521 1210 549 non
1243 509 1450 558 defendet;
1481 511 1591 549 seive
1614 511 1647 549 is
1669 509 1747 549 ibei

142 565 178 605 d.
213 578 248 606 e.
280 578 311 606 r.
342 567 381 606 in
413 567 500 606 iure
533 579 610 607 non
644 565 918 619 responderit,
961 579 1093 619 neque
1125 566 1160 606 d.
1195 579 1229 606 e.
1262 580 1293 608 r.
1326 568 1583 620 sponsionem
1613 567 1746 618 faciet,

139 636 269 677 neque
290 623 448 675 iudicio,
482 625 562 664 utei
595 625 804 678 oportebit,
837 637 882 665 se
914 624 1122 665 defendet:
1156 631 1237 666 tuni
1270 626 1318 666 de
1350 639 1413 678 eo,
1446 639 1467 667 a
1499 638 1579 679 quo
1602 638 1648 666 ea
1669 639 1748 679 pe-

141 683 256 723 cunia
287 684 432 736 peteita
464 683 562 734 erit,
597 682 726 735 (leque
759 695 831 734 eo,
865 685 959 735 quoi
990 696 1075 723 eam
1106 685 1313 737 pecuniam
1347 685 1382 724 d.
1416 697 1476 735 o.,
1517 697 1548 725 s.
1582 697 1649 725 res
1681 685 1748 725 lex

139 742 201 782 ius
233 753 454 794 caussaque
488 753 524 781 o.
558 754 594 782 o.
628 754 659 782 r.
695 746 805 787 esto,
838 747 958 795 atque
989 743 1071 782 utei
1102 747 1222 792 esset,
1254 756 1396 783 essere
1428 748 1657 797 oporteret,
1689 744 1748 783 sei

139 800 195 851 is,
228 800 320 852 quei
350 802 402 840 ita
435 799 646 840 confessus
680 801 756 840 erit
789 800 825 840 d.
861 814 897 841 e.
929 814 960 841 r.
993 813 1072 841 non
1104 801 1366 854 responderit,
1398 808 1463 843 aut
1490 814 1535 842 se
1556 802 1747 854 sposione

138 857 390 912 iudicioque,
430 859 512 899 utei
553 859 772 911 oportebit,
815 871 894 900 non
928 858 1174 910 defenderit,
1217 861 1301 901 eius
1341 861 1534 913 pecuniae
1575 862 1626 901 iei
1657 860 1749 913 quei

139 929 227 957 eam
259 929 332 958 suo
364 917 523 958 nomine
555 918 725 970 petierit,
759 919 904 970 quotve
937 931 1021 958 eam
1054 918 1088 958 d.
1124 931 1176 969 o.,
1209 932 1261 958 ex
1291 920 1468 960 iudicieis
1502 919 1649 971 dateis,
1679 920 1748 959 iu-

140 975 324 1016 dicareve
355 980 466 1016 recte
498 976 667 1026 iusseis,
712 978 797 1016 iure
829 977 920 1030 lege
965 976 1167 1018 damnatus
1210 983 1319 1018 essct
1350 977 1501 1019 fuisset.
1566 978 1750 1031 Quoique

78 1031 81 1033 ’
140 1047 338 1087 quomque
370 1033 484 1085 livir,
516 1034 644 1083 lilvir,
677 1034 904 1087 praefec.ve
937 1036 1025 1076 nbci
1056 1036 1078 1075 i.
1112 1035 1147 1075 d.
1180 1049 1232 1088 p‚,
1265 1037 1297 1076 is
1331 1049 1418 1077 cum
1452 1037 1543 1089 quei
1574 1038 1626 1076 ita
1655 1036 1748 1089 quid

140 1092 352 1134 confessus
395 1094 490 1144 erit,
532 1106 662 1145 neque
703 1093 740 1133 id
772 1094 899 1133 solvet
931 1096 1076 1134 satisve
1108 1094 1247 1145 faciet,
1286 1108 1376 1135 cuni
1410 1109 1501 1148 quei
1531 1096 1591 1136 sei
1622 1108 1749 1149 spon-

140 1152 253 1192 sione
285 1152 503 1203 iudiciove,
545 1153 678 1191 utcivo
722 1153 942 1205 oportebit,
986 1165 1064 1193 non
1097 1152 1341 1204 defenderit,
1379 1159 1443 1194 aut
1480 1155 1519 1194 in
1551 1155 1637 1195 iure
1668 1167 1748 1195 non

137 1210 406 1265 responderit,
437 1223 569 1264 neque
603 1211 641 1251 id
673 1211 816 1261 solvet,
847 1213 994 1252 satisve
1026 1212 1155 1262 faciet,
1187 1217 1211 1251 t.
1243 1225 1296 1265 p.,
1329 1217 1472 1264 quanta
1504 1225 1550 1252 ea
1581 1214 1749 1266 pecunia

139 1365 309 1411 Romani,
350 1364 384 1401 in
418 1377 541 1401 eorum
583 1377 653 1413 quo
696 1366 855 1414 oppido,
898 1367 1109 1414 municipio,
1151 1367 1316 1412 colonia,
1357 1368 1607 1415 praefectura,
1650 1367 1745 1413 foro,

139 1424 234 1471 vico,
267 1424 520 1468 conciliabulo,
553 1425 761 1470 castellone,
796 1437 886 1472 quae
918 1430 1012 1471 sunt,
1045 1429 1206 1471 eruntne,
1238 1426 1273 1462 in
1307 1425 1414 1462 Gallia
1443 1425 1644 1474 cisAtpina,
1677 1438 1747 1473 pe-

139 1488 248 1529 tetur,
280 1494 371 1530 quae
402 1494 459 1519 res
491 1493 562 1518 non
593 1483 702 1531 pluris
735 1484 935 1520 sestertium
968 1484 1167 1531 quindecim
1199 1485 1302 1521 miliia
1336 1485 1416 1532 erit,
1447 1485 1475 1521 si
1506 1485 1535 1522 is
1568 1496 1646 1521 eam
1676 1496 1748 1532 pe-

140 1541 276 1579 cuniam
307 1542 341 1577 in
373 1541 460 1587 iure,
491 1541 585 1589 apud
618 1554 709 1588 eum,
743 1543 802 1589 qui
835 1543 882 1579 ibi
915 1543 981 1579 iuri
1012 1543 1166 1579 dicundo
1198 1544 1366 1592 praeerit,
1398 1544 1444 1590 ei,
1477 1544 1534 1592 qui
1568 1555 1644 1580 eam
1675 1555 1747 1592 pe-

137 1605 212 1646 tet,
245 1605 305 1637 aut
338 1601 370 1637 ei
402 1600 497 1637 cuius
531 1600 674 1637 nomine
706 1601 749 1637 ab
783 1613 828 1638 eo
860 1607 1015 1650 petetur,
1050 1603 1136 1638 dare
1168 1607 1354 1650 oportere,
1387 1603 1568 1639 debereue
1590 1614 1628 1640 se
1652 1614 1747 1639 con-

136 1660 251 1696 fessus
284 1660 376 1706 erit,
409 1671 526 1707 neque
558 1660 616 1705 id,
649 1660 744 1707 quod
778 1661 963 1697 confessus
996 1661 1084 1707 erit,
1116 1661 1255 1707 soluet,
1286 1662 1419 1698 satisne
1451 1662 1578 1707 faciet,
1617 1666 1676 1697 aut
1708 1674 1748 1698 se

87 1719 90 1721 ’
137 1719 345 1767 sponsione,
378 1718 596 1765 iudicioque,
628 1719 724 1754 utine
756 1720 953 1767 oportebit,
986 1731 1056 1756 non
1089 1720 1280 1767 defendet,
1312 1722 1386 1757 siue
1418 1721 1446 1757 is
1478 1721 1524 1757 ibi
1557 1720 1602 1757 de
1634 1732 1675 1756 ea
1708 1733 1746 1757 re

141 1778 178 1814 in
209 1778 285 1814 iure
316 1788 389 1814 non
421 1777 664 1825 responderit,
696 1790 813 1825 neque
845 1779 889 1814 de
923 1791 964 1815 ea
996 1790 1036 1815 re
1063 1780 1292 1827 sponsionem
1317 1780 1437 1825 faciet,
1468 1791 1584 1827 neque
1607 1779 1750 1826 iudicio,

136 1837 185 1873 uti
216 1836 423 1885 oportebit,
464 1848 504 1872 se
546 1836 738 1873 desendet:
781 1842 853 1873 tum
886 1838 930 1874 de
963 1849 1030 1882 eo,
1073 1850 1090 1873 a
1124 1849 1194 1885 quo
1236 1851 1278 1874 ea
1320 1839 1469 1886 pecunia
1511 1838 1622 1887 petita
1665 1839 1747 1884 erit,

136 1896 254 1943 deque
287 1906 356 1940 eo,
389 1895 445 1932 cui
477 1906 554 1931 eam
587 1896 770 1943 pecuniam
802 1897 888 1932 dare
921 1896 1125 1944 oportebit,
1157 1897 1279 1933 sireins
1312 1909 1392 1943 res,
1424 1898 1499 1946 lex,
1530 1897 1605 1942 ius,
1637 1909 1743 1934 caus-

137 1966 249 2002 saque
281 1953 442 1991 omnibus
476 1954 627 1990 omniun]
661 1966 778 1991 rerum
811 1960 912 2001 esto,
947 1961 1053 2003 atque
1086 1955 1134 1991 uti
1167 1961 1287 2001 esset,
1319 1968 1444 1992 essene
1477 1960 1687 2003 oporteret,
1719 1955 1749 1993 si

134 2013 185 2058 is,
218 2013 276 2061 qui
308 2013 353 2049 ita
387 2013 572 2049 confessus
607 2013 695 2059 erit,
740 2018 798 2049 aut.
831 2015 875 2049 de
909 2027 948 2050 ea
981 2026 1020 2050 re
1054 2025 1124 2050 non
1164 2016 1417 2062 responderit,
1461 2019 1520 2051 aut
1560 2026 1599 2050 se
1632 2026 1747 2062 spon-

134 2072 235 2109 sione
269 2071 492 2119 iudicioque,
524 2072 572 2108 uti
607 2073 802 2120 oportebit,
835 2085 904 2109 non
939 2073 1152 2117 defenderit,
1187 2074 1262 2109 eius
1296 2074 1469 2121 pecuniae
1503 2073 1547 2117 ei,
1580 2073 1637 2120 qui
1671 2085 1747 2109 eam

134 2142 199 2167 suo
231 2130 376 2168 nomine
407 2131 575 2179 petierit,
608 2131 709 2167 cuiue
743 2143 819 2167 earn
852 2132 938 2168 (lare
971 2132 1180 2180 oportebit,
1214 2144 1259 2168 ex
1291 2133 1428 2169 iudiciis
1463 2131 1575 2179 datis,
1607 2132 1748 2169 iudica-

133 2201 219 2226 reue
251 2194 351 2226 recte
382 2189 503 2235 iussis,
535 2189 633 2236 iure,
665 2191 751 2237 iege
784 2191 966 2227 damnatus
1001 2195 1116 2235 esset,
1149 2190 1284 2227 suisset.

275 2247 415 2296 Quique
446 2260 585 2296 cunque
618 2249 799 2294 Duumuir,
834 2250 1073 2295 Quatuoruir,
1105 2250 1359 2286 Praefectusue
1401 2249 1448 2286 ibi
1487 2249 1555 2286 iuri
1593 2249 1746 2287 dicundo

133 2307 312 2356 praeerit,
353 2307 382 2343 is
414 2319 517 2353 eum,
560 2307 617 2355 qui
649 2309 696 2344 ita
730 2308 813 2355 quid
857 2309 1043 2345 confessus
1086 2308 1171 2354 erit,
1216 2321 1333 2356 neque
1366 2309 1400 2345 id
1434 2309 1575 2354 soluet,
1617 2309 1749 2345 satisne

134 2367 264 2413 faciet,
298 2377 401 2411 eum,
434 2368 492 2414 qui
524 2377 563 2402 se
595 2367 788 2414 sponsione
821 2367 1023 2412 iudicione,
1055 2367 1152 2403 utiue
1186 2368 1398 2415 oportebit,
1429 2379 1500 2404 non
1534 2367 1751 2413 defenderit,

135 2429 193 2461 aut
223 2425 257 2463 in
289 2426 366 2463 inre
399 2436 470 2462 non
493 2425 734 2473 responderit,
766 2437 883 2473 neque
905 2426 941 2462 id
964 2427 1095 2472 solvet,
1127 2427 1382 2473 satisuefaciet,
1416 2431 1535 2463 tantae
1562 2427 1750 2475 pecuniae,

274 2587 311 2631 1)
339 2587 469 2623 Carlius
494 2590 539 2622 ita
567 2589 823 2633 interpretatur:
860 2589 1013 2634 quolibet
1037 2589 1184 2634 oppido,
1218 2591 1418 2632 municipio,
1453 2589 1607 2629 colonia,
1640 2599 1745 2632 prae-

132 2634 274 2677 fectura,
300 2636 388 2678 foro,
414 2638 503 2677 vico,
530 2642 721 2677 conventu,
750 2636 996 2678 conciliabulo,
1033 2637 1282 2671 trinundinove.
1331 2637 1499 2670 Mar-iuius
1525 2633 1622 2678 (Ani.
1649 2637 1745 2670 Toni.

133 2681 172 2715 11.
197 2693 233 2726 p.
259 2680 369 2725 571):
392 2685 425 2716 in
451 2694 570 2717 eorum
594 2694 661 2728 quo
687 2683 836 2726 oppido,
863 2685 1070 2728 municipiO,
1095 2684 1249 2725 colonia,
1275 2684 1511 2727 praefectura,
1538 2683 1632 2723 foro,
1658 2685 1749 2724 vico,

134 2729 293 2771 castello,
327 2730 569 2773 conciliabulo,
606 2732 762 2763 triviove.
813 2731 905 2773 Huqo
931 2732 963 2764 in
989 2731 1152 2764 adnotatt.
1180 2731 1222 2764 ad
1258 2731 1291 2764 h.
1317 2731 1338 2764 l.
1366 2731 1541 2764 Matinium
1580 2732 1747 2774 sequitur,

133 2781 276 2819 excepto
301 2776 417 2811 ultimo
441 2777 548 2817 TVE,
583 2778 672 2821 quod
698 2788 783 2820 pro:
816 2779 1006 2811 terniinove
1040 2779 1180 2822 accipit3
1218 2778 1276 2810 sed
1311 2777 1452 2821 posthac
1486 2776 1747 2819 (Rechtsgesch.

132 2820 195 2854 Ed.
210 2821 282 2865 IV.)
299 2825 467 2858 sententia
484 2829 610 2857 mutata
628 2823 751 2856 tribune
768 2823 954 2864 legendum
972 2835 1047 2858 esse
1065 2831 1193 2858 censet.
1228 2824 1374 2857 Dirksen
1400 2822 1504 2866 sigias
1528 2823 1564 2858 C.
1590 2823 1674 2858 TVE
1701 2826 1748 2858 ita

133 2868 404 2913 interpectandas
439 2870 639 2904 arbitratur:
675 2870 869 2912 castellave,
902 2871 999 2905 litera
1024 2871 1050 2904 T
1074 2872 1255 2916 posteriori
1282 2870 1309 2904 C
1334 2870 1468 2913 addita,
1500 2875 1536 2904 ut
1570 2870 1700 2905 facilius
1726 2882 1746 2905 a

133 2915 238 2958 priori
260 2915 288 2951 C
313 2914 577 2960 (conciliabulo)
605 2918 865 2952 discerneretur.
