1877 3313
129 163 215 208 418
481 158 587 195 Inscr.
610 158 767 205 publicae
791 158 962 195 militares.
1010 157 1090 204 Cap.
1116 156 1158 194 11.
1207 157 1367 194 Tabulae.

129 270 270 324 gonia,
303 267 552 321 Capadocia‚
592 267 746 320 Cilicia,
786 267 919 321 Syria,
960 265 1126 318 Seitbis‚
1167 264 1340 320 Iudaeis,
1378 264 1564 318 Albanis,
1591 264 1729 318 Iberia,

129 327 254 370 insula
285 326 423 379 Creta,
463 326 664 367 Basternis
706 332 746 367 et
788 338 911 378 super
941 324 1039 366 haec
1071 325 1120 365 de
1151 326 1314 379 regibus
1345 323 1570 366 Mithridate
1609 330 1727 378 atque

129 388 300 440 Tigrane
343 385 605 438 triumphavit.
638 409 693 414 ——
724 388 855 424 Tabula
879 386 1100 434 triumphalis
1128 386 1203 423 sive
1230 385 1397 434 triumphi
1419 385 1595 434 praefatio
1621 386 1730 423 Pom-

129 448 224 496 peii,
258 448 361 495 quam
391 446 548 483 servavit
579 446 708 484 Plinius
741 446 827 482 Hist.
860 450 929 482 nat.
961 445 1039 491 Vll,
1071 442 1138 482 27.
1169 445 1303 482 Nomen
1336 444 1493 492 Pompeii
1524 443 1732 482 addidimus,

128 506 290 543 Morcelli
321 505 397 542 Stil.
430 517 461 542 n.
496 503 575 541 341
611 505 760 542 eandem
791 503 1059 552 inscriptionem
1085 503 1177 541 inter
1197 504 1361 552 exempla
1383 503 1583 541 tabularum
1605 503 1732 540 trium-

128 564 286 613 phalium
316 563 507 612 proponit,
539 563 604 600 sed
627 564 805 613 paululum
835 563 1026 608 inflexam,
1058 562 1167 610 qualis
1199 562 1265 599 sibi
1296 574 1315 599 a
1346 561 1517 610 Pompeio
1547 562 1734 611 proposita

128 623 325 670 videretur,
356 624 448 659 hune
478 622 512 658 in
544 622 708 659 modum:
757 622 845 670 „Cn
887 620 1074 669 Pompeius
1116 621 1177 658 Cn.
1218 622 1254 657 F.
1286 621 1435 669 Magnus
1468 632 1531 658 ora
1562 620 1734 658 maritima

129 694 150 720 a
180 681 421 731 praedonibus
454 680 618 728 liberata,
648 681 872 730 imperioque
898 680 1002 716 maris
1028 680 1164 728 populo
1192 691 1342 717 romano
1368 679 1537 717 restituto
1564 691 1611 717 ex
1635 679 1734 726 Asia,

130 741 272 787 Ponto,
302 739 486 786 Armenia,
519 740 771 788 Paphlagonia.
807 738 1046 787 Cappadocia,
1079 738 1215 784 Cilicia,
1245 739 1364 786 Syria,
1395 750 1442 775 ex
1472 739 1582 777 insula
1614 738 1735 786 Creta,

130 811 177 837 ex
207 798 387 837 Basternis
420 802 457 835 et
489 798 533 835 de
564 799 712 845 regibus
744 798 945 835 Mithridate
977 809 1018 834 ac
1050 797 1204 844 Tigrane
1235 795 1466 846 triumphat.“

273 875 394 912 1836.
455 871 569 924 Veni,
589 871 681 924 vidi,
703 872 791 912 vici.
810 895 866 901 -—
889 873 1022 910 Titulus
1044 873 1137 911 inter
1163 874 1296 911 fercula
1318 885 1471 923 pompae
1494 874 1530 912 in
1555 873 1734 923 triumpho

130 934 209 973 Iulii
237 934 401 972 Caesaris
431 932 592 970 Pontico.
618 934 766 971 Sueten.
801 933 864 970 Iul.
896 933 1037 970 Caesar.
1069 945 1145 981 cap.
1181 932 1246 970 37.
1277 933 1433 970 Morcell.
1465 933 1543 971 Stil.
1575 945 1608 971 n.
1640 932 1736 970 342.

273 1010 394 1048 1837.
453 1006 658 1059 Misitheo,
700 1007 886 1048 eminenti
915 1006 1027 1058 viro,
1068 1006 1219 1059 parenti
1243 1006 1487 1061 principum,
1525 1005 1736 1048 Praefecto

132 1066 353 1122 praetorii,
393 1065 600 1107 Praefecto
631 1066 764 1116 urbis,
805 1066 925 1107 tutori
954 1065 1014 1106 rei
1044 1064 1223 1119 publicae
1241 1062 1276 1119 ¹)
1311 1065 1349 1107 S.
1381 1065 1422 1106 P.
1454 1065 1499 1114 Q.
1531 1065 1576 1106 R.
1608 1065 1736 1106 vicem

130 1125 317 1167 reddidit.
350 1147 406 1154 ——-
439 1127 574 1164 Titulus
606 1127 825 1175 triumphalis
857 1124 1026 1165 decretus
1057 1126 1235 1171 Misitheo,
1267 1125 1435 1165 Gordiani
1466 1137 1609 1174 socero,
1640 1126 1734 1176 apud

130 1188 194 1226 lul.
227 1186 418 1237 Capitolin.
464 1185 632 1224 Gordian.
664 1186 724 1223 Ill.
757 1198 833 1235 cap.
867 1185 932 1223 27.
964 1185 1120 1223 Morcell.
1152 1197 1185 1223 n.
1218 1185 1314 1222 345.

436 1332 474 1372 §¹-
505 1328 543 1366 2.
603 1326 699 1365 Alba
728 1328 884 1365 militam
916 1328 994 1364 sice
1024 1327 1210 1365 latercula
1241 1328 1434 1365 militaria.

276 1433 397 1471 1838.
458 1435 557 1472 Inter
602 1445 724 1471 omnes
765 1434 865 1471 liuius
907 1434 1050 1481 generis
1090 1433 1258 1481 reliquias
1300 1432 1517 1471 nobilissima
1555 1436 1635 1470 sunt
1666 1432 1737 1470 duo

132 1493 304 1530 latercula
347 1493 491 1541 vigilum
532 1503 758 1530 romanorum
799 1504 890 1530 anno
936 1492 1057 1529 1820.
1089 1493 1221 1530 Romae
1251 1492 1284 1529 in
1325 1493 1437 1529 hortis
1468 1491 1738 1529 Matthaeiorum

134 1551 414 1589 Coelimontanis
447 1556 594 1600 reperta
626 1552 828 1599 ibidemque
859 1551 892 1588 in
925 1551 1016 1588 atrio
1048 1551 1153 1588 villae
1185 1556 1378 1588 asservata.
1425 1551 1538 1588 Incisa
1571 1551 1739 1598 leguntur

134 1611 270 1647 duabus
301 1611 445 1649 basibus
477 1610 686 1648 marmoreis
718 1610 922 1658 quadratis,
964 1610 1043 1646 altis
1075 1610 1210 1658 palmos
1243 1610 1320 1647 fere
1353 1610 1390 1655 6,
1422 1609 1499 1645 latis
1529 1609 1667 1658 palmos
1700 1608 1737 1646 3.

135 1670 288 1714 Quarum
322 1670 435 1707 altera
478 1670 641 1707 continet
681 1669 714 1706 in
746 1673 847 1717 parte
888 1667 1075 1717 principali
1118 1669 1256 1705 titulum
1297 1668 1554 1704 dedicatorium
1585 1672 1734 1713 statuae,

133 1728 170 1765 in
202 1728 378 1766 honorem
409 1729 636 1777 imperatoris
669 1728 873 1764 Caracallae
904 1727 1072 1775 scriptum
1105 1740 1124 1763 a
1156 1728 1305 1763 cohorte
1338 1727 1371 1762 V
1398 1726 1543 1773 vigilum
1574 1727 1735 1763 urbano-

132 1799 209 1824 rum
241 1798 333 1825 anno
364 1800 398 1836 p.
439 1787 500 1824 Ch.
532 1799 563 1824 n.
607 1786 714 1832 2103
754 1786 788 1823 in
826 1786 936 1823 tribus
978 1785 1121 1834 reliquis
1163 1785 1333 1822 lateribus
1377 1784 1595 1832 singularum
1636 1785 1737 1821 huius

133 1846 297 1883 cohortis
328 1845 567 1883 centuriarem
598 1845 815 1893 principales
847 1848 882 1882 et
914 1844 1039 1882 milites
1072 1844 1230 1892 gregarii
1256 1843 1459 1881 nominatim
1487 1847 1738 1881 enumerantur

135 1916 271 1942 omnes.
332 1906 456 1941 Altera
486 1905 579 1942 basis
608 1908 746 1952 partem
773 1903 1003 1952 principalem
1030 1914 1176 1940 vacuam
1203 1903 1310 1940 habet
1334 1903 1461 1952 procul
1495 1902 1603 1940 dubio
1634 1902 1737 1939 titulo

133 1963 332 2001 honorario
364 1963 556 2000 incidendo
589 1963 822 2008 destinatam3
863 1962 929 1998 tria
970 1962 1104 2009 reliqua
1145 1962 1256 1998 latera
1295 1965 1332 1998 ut
1369 1962 1404 1999 in
1435 1961 1492 1999 illa
1522 1960 1634 2010 priori
1664 1960 1739 1997 basi

134 2023 222 2059 item
253 2022 497 2071 principalium
530 2026 567 2058 et
599 2022 745 2058 militum
776 2021 969 2058 secundum
1000 2020 1154 2068 singulas
1186 2020 1362 2057 centurias
1395 2020 1567 2069 disposita
1598 2019 1738 2056 nomina

136 2081 345 2127 continent,
377 2086 412 2117 et
445 2080 601 2117 eiusdem
634 2080 774 2128 quidem
807 2079 967 2117 cohortis
998 2079 1140 2126 quintae
1171 2079 1337 2126 vigilum,
1376 2080 1471 2127 quod
1503 2090 1550 2116 ex
1581 2077 1739 2116 nomini-

136 2141 202 2176 bus
235 2140 267 2177 in
300 2144 451 2187 utraque
482 2139 557 2176 basi
590 2138 724 2175 iteratis
757 2138 947 2175 manifesto
979 2142 1138 2185 apparet.
1199 2138 1320 2185 Neque
1351 2138 1462 2174 minus
1489 2137 1630 2175 diversa
1656 2147 1737 2173 mu-

135 2210 224 2236 nera
256 2198 419 2235 militaria
451 2209 528 2234 cum
570 2197 694 2234 iisdem
736 2197 770 2234 in
810 2201 960 2244 utraque
999 2196 1074 2232 basi
1115 2196 1312 2233 nominibus
1354 2196 1542 2234 coniuncta
1574 2199 1739 2243 arguunt,

135 2257 238 2294 basin
271 2257 305 2294 in
337 2269 406 2305 qua
437 2257 525 2293 latus
558 2255 753 2304 principale
784 2255 885 2292 titulo
917 2259 1037 2301 caret,
1080 2255 1227 2291 alteram
1260 2255 1461 2292 Caracallae
1493 2266 1621 2292 nomen
1651 2265 1738 2302 prae

139 2328 179 2352 se
212 2316 389 2353 ferentem
423 2319 589 2363 tempore
622 2314 801 2362 aliquanto
833 2313 1058 2350 antecedere.
1098 2312 1255 2360 Egregie
1292 2314 1380 2350 haec
1410 2314 1482 2350 duo
1513 2316 1738 2351 monumenta

137 2374 332 2411 illustravit
364 2374 471 2410 Olaus
504 2373 772 2410 Kellermannus
804 2373 920 2409 Dauus
952 2372 985 2408 in
1017 2383 1128 2420 opere
1159 2383 1247 2418 suo,
1280 2373 1375 2419 quod
1405 2372 1628 2409 inscribitur:
1668 2370 1737 2407 Vi-

139 2432 252 2480 gilum
284 2443 510 2469 romanorum
542 2432 713 2469 latercula
745 2432 816 2468 duo
849 2431 1135 2476 Coelimontana,
1168 2442 1331 2477 maguam
1362 2435 1465 2479 parte
1496 2430 1641 2468 militiae
1670 2440 1737 2466 ro-

138 2503 263 2528 manae
295 2490 521 2540 explicantia.
581 2491 724 2527 Romae.
770 2489 890 2526 1835.
924 2490 963 2526 4.
1003 2488 1138 2526 Ibidem
1179 2489 1211 2525 in
1254 2489 1453 2537 appendice
1493 2501 1576 2538 pag.
1608 2488 1664 2525 44
1695 2487 1740 2524 ad

138 2562 223 2598 pag.
257 2550 323 2586 54.
355 2562 387 2586 n.
421 2549 568 2586 98—n.
604 2548 696 2585 115.
729 2559 852 2586 omnes
885 2551 1063 2595 quotquot
1095 2547 1268 2584 habentur
1292 2547 1466 2585 eiusmodi
1487 2547 1739 2585 laterculorum

140 2608 343 2645 militarium
371 2607 537 2655 reliquias
580 2608 750 2644 collectas
792 2606 995 2655 explicavit.
1064 2606 1134 2643 Nos
1176 2605 1265 2642 infra
1305 2605 1441 2643 titulum
1483 2605 1739 2644 dedicatorinm

142 2665 180 2703 in
210 2667 386 2704 honorem
417 2666 625 2702 Caracallae
655 2665 826 2711 incisum,
858 2669 929 2701 tum
960 2664 1059 2701 unius
1091 2665 1216 2702 borum
1246 2664 1497 2702 laterculorum
1529 2663 1738 2702 Coelimon-

141 2728 303 2763 ranorum
335 2724 528 2773 particulas
561 2724 695 2772 aliquas
727 2723 927 2772 speciminis
957 2724 1040 2760 loco
1071 2722 1314 2771 proponimus,

280 2779 373 2834 Imp.
407 2780 522 2822 Caes.
564 2779 616 2820 M.
657 2779 837 2821 Aurellio
877 2778 1078 2820 Antonino
1119 2780 1184 2832 pio
1225 2778 1329 2820 felici
1369 2777 1473 2834 Aug.
1515 2779 1619 2820 Trib.
1658 2782 1738 2832 pot.

144 2970 213 3000 tum
237 2917 321 3000 hai)
345 2919 399 3001 {lx
431 2920 668 2956 emendatione
700 2919 861 2956 Morcelli.
895 2920 1040 2956 Codices
1073 2919 1148 2956 Iulii
1180 2919 1358 2965 Capitolini
1389 2919 1554 2955 mendose
1587 2918 1740 2963 descrip-

306 2977 346 3001 en
365 2993 373 3002 .

1850 100 1860 115 „·-
1842 0 1862 74 -Ἴ

1846 130 1860 179 2³

1839 2225 1871 3313 i
