1877 3313
143 139 229 183 310
584 137 688 172 Inscr.
713 136 887 182 profanae.
936 136 1017 182 Cap.
1043 137 1084 172 II.
1133 137 1293 173 Tabulae.

143 254 257 287 vatur.
317 246 482 284 Eiusdem
513 245 753 295 inscriptionis
785 247 1060 285 Stratonicensis
1092 248 1354 296 apographum,
1383 247 1447 284 sed
1479 249 1575 296 quod
1608 252 1743 287 tantum

141 318 260 345 rerum
291 306 466 342 venalium
498 305 649 341 indicem
681 305 853 352 continet,
885 307 1015 343 eodem
1046 307 1122 342 fere
1154 311 1316 354 tempore
1347 307 1480 343 Iacobo
1503 307 1645 355 Cupero
1671 308 1744 344 ob·-

142 367 298 411 tigerat‚
340 368 377 400 ut
408 376 455 399 ex
496 364 570 400 eius
603 364 647 400 ad
687 364 894 401 Lacrozium
927 364 1078 412 epistola
1112 377 1204 401 anno
1242 365 1349 401 1712
1395 365 1526 413 scripta
1568 360 1744 417 (Epistol.

142 422 286 461 XXXII.
317 434 351 470 p.
388 417 495 473 109)
529 426 688 470 apparet.
733 424 787 459 Ex
819 423 1033 471 apographo
1065 423 1307 460 Sherardiano
1338 428 1478 471 partem
1503 423 1623 469 edicti,
1654 435 1746 471 quae

141 481 258 530 pretia
302 492 419 517 rerum
461 480 642 526 continet,
680 481 812 529 primus
846 482 883 517 G.
916 482 958 517 M.
989 482 1106 517 Leake
1140 481 1250 518 edidit
1281 482 1337 518 in:
1369 482 1513 518 lournal
1545 482 1586 518 of
1614 493 1633 518 a
1665 486 1746 518 tour

142 541 178 576 iu
208 538 293 576 Asia
326 539 450 576 Minor.
483 539 643 575 London.
680 538 801 576 1824.
834 552 866 587 p.
901 539 981 575 329
997 551 1071 586 seq.
1105 540 1229 576 Denuo
1252 545 1374 576 nostra
1406 544 1523 576 aetate
1555 540 1746 576 Baukesius

142 598 286 643 Anglus
320 597 438 633 Asiam
470 609 691 644 peragrans,
733 599 802 634 hoc
845 603 1105 634 monumentum
1139 599 1172 634 in
1204 599 1338 647 oppido
1379 596 1612 635 Eski-Hissar
1653 609 1746 634 anno

147 655 257 692 1817
291 655 426 703 reperit
459 655 679 703 transcripsit
711 661 816 704 atque
849 661 884 692 ut
916 657 1064 704 primum
1096 657 1128 692 in
1163 658 1340 704 Europam
1370 656 1478 693 rediit
1499 657 1747 704 apographum

143 715 347 762 scripturae
379 714 527 750 formam
560 715 822 751 accuratissime
855 715 1056 762 exprimens
1088 716 1203 750 tabula
1237 715 1498 763 litliograpliica
1529 726 1746 762 repraesen-

144 773 212 809 tari
245 772 406 818 curavit⁷
450 772 545 807 cuins
577 772 612 808 in
642 774 784 809 tabulae
822 773 924 809 titulo
957 785 1067 821 pauca
1102 775 1189 809 baec
1229 774 1338 809 verba
1373 774 1417 810 de
1449 772 1569 820 lapide
1601 773 1745 809 Strato-

142 831 280 867 nicensi
314 830 471 868 addidit:
506 830 601 877 „Fac
632 831 742 867 simile
775 832 816 867 of
845 844 863 867 a
895 843 1016 868 roman
1049 832 1144 868 tariff
1171 832 1282 878 fixing
1316 844 1333 867 a
1365 832 1553 867 maximum
1585 831 1617 867 in
1651 831 1747 878 price

144 891 203 926 for
235 889 280 925 all
314 900 460 925 manner
492 889 532 925 of
561 890 829 935 commoditics3
873 890 1062 926 discoverd
1096 891 1162 926 and
1195 890 1322 938 copied
1355 890 1388 926 in
1421 891 1480 926 the
1511 901 1603 936 year
1637 888 1745 925 1817

144 953 180 984 at
210 947 457 992 Eski-hissar,
501 949 683 995 supposed
716 949 775 984 the
808 949 947 984 ancient
977 949 1179 984 Stratonice
1211 949 1242 984 in
1277 949 1389 984 Caria.
1450 948 1481 984 It
1511 948 1539 984 is
1570 947 1748 984 inscribed

145 1018 193 1042 on
226 1007 287 1042 the
320 1006 481 1042 externat
525 1007 609 1042 wall
643 1007 684 1042 os
713 1019 730 1042 a
764 1007 897 1042 marble
928 1008 1093 1054 prostyle
1135 1007 1280 1051 edifice,
1326 1007 1442 1043 which
1481 1018 1556 1042 was
1594 1007 1748 1054 perhaps

145 1066 207 1101 the
238 1060 516 1115 Βουλευτήριον
548 1065 588 1100 of
618 1065 679 1100 the
712 1064 794 1110 city.
853 1066 925 1100 Tbe
957 1069 1118 1110 greatest
1147 1065 1292 1100 latitnde
1326 1065 1366 1105 ot
1395 1066 1453 1100 the
1484 1064 1690 1112 inscription
1721 1065 1749 1100 is

145 1123 199 1159 23
234 1123 308 1159 feet
340 1124 365 1159 4
397 1123 540 1168 inches3
583 1123 625 1158 its
659 1127 820 1169 greatest
852 1123 960 1168 heigb
995 1123 1017 1158 9
1053 1124 1137 1158 feet.
1184 1123 1325 1159 Printed
1358 1123 1407 1168 by
1438 1122 1670 1158 Hullmandel.
1703 1117 1750 1173 (i.

146 1194 178 1218 e.
209 1182 403 1230 Exemplar
435 1181 626 1218 taxationis
649 1193 830 1227 romanae,
864 1193 930 1228 qua
955 1182 1161 1229 praefinitur
1181 1181 1367 1217 maximum
1390 1180 1540 1228 pretium
1562 1180 1749 1228 speciebus

144 1239 314 1286 singulis,
363 1251 455 1287 quae
485 1240 627 1276 inventa
660 1244 695 1275 et
728 1240 906 1287 exscripta
939 1245 992 1275 est
1025 1252 1116 1276 auno
1154 1240 1259 1276 1817
1294 1239 1531 1284 Eski-hissar,
1564 1250 1635 1286 quo
1667 1240 1750 1276 loco

148 1298 289 1346 antiqua
343 1298 566 1334 Stratonicea
620 1298 743 1334 Cariae
787 1298 965 1334 exstitisse
1019 1299 1184 1334 creditur.
1261 1298 1439 1346 insculpta
1492 1302 1546 1334 est
1597 1298 1630 1334 in
1681 1310 1746 1346 pa-

145 1357 238 1393 riete
271 1357 368 1393 aedis
401 1357 588 1404 prostylae
621 1368 841 1393 marmoreae
874 1357 969 1403 quod
1003 1357 1066 1392 suit
1099 1358 1251 1393 sortasse
1284 1357 1366 1392 olim
1399 1356 1556 1409 civitatis
1591 1356 1750 1392 eiusdem

149 1410 430 1466 βουλευτήριον.
492 1415 641 1451 Maxima
684 1415 833 1451 latitudo
875 1415 1110 1462 inscriptionis
1153 1420 1208 1451 est
1248 1417 1376 1462 pedum
1417 1414 1470 1450 23
1503 1414 1669 1463 pollicum
1701 1415 1750 1461 43

148 1473 301 1510 altitudo
336 1474 464 1521 pedum
499 1474 535 1509 9.
570 1492 620 1497 ——
656 1473 876 1509 Hullmandel
910 1469 1139 1524 exsculpsit.)
1198 1474 1327 1509 Tabula
1361 1473 1622 1521 lithographiea
1654 1473 1750 1509 Ban-

146 1531 286 1568 kesiani
318 1532 518 1579 apographi
562 1543 666 1578 quum
699 1543 769 1568 non
812 1532 1084 1579 bibliopolarum
1125 1532 1338 1568 commercio
1379 1532 1581 1568 traderetur
1612 1532 1674 1568 sed
1707 1532 1751 1568 ab

148 1590 291 1626 editore
326 1601 402 1625 cum
435 1589 651 1638 paucissimis
683 1590 1025 1635 communicaretur,
1066 1602 1158 1627 anno
1191 1591 1328 1626 demum
1365 1589 1471 1626 1825
1506 1590 1637 1638 publici
1667 1590 1751 1626 iuris

146 1650 241 1685 facta
275 1652 332 1684 est
364 1660 430 1695 per
463 1649 646 1694 Aloysium
679 1649 926 1694 Cardinalem,
969 1649 1026 1695 qui
1059 1650 1242 1697 exemplar
1273 1650 1371 1684 buius
1404 1649 1544 1685 tabulae
1569 1648 1749 1695 lithogra-

147 1706 280 1755 phicae
312 1712 435 1742 nactus
470 1707 731 1743 accuratissime
771 1707 1093 1755 clialcograpliicae
1127 1708 1209 1743 artis
1242 1719 1311 1755 ope
1343 1707 1577 1755 repetendum
1615 1708 1751 1743 curavit

151 1769 188 1800 et
221 1765 265 1801 de
298 1765 417 1801 edicto
452 1765 674 1802 Diocletiano
719 1770 973 1802 commentatus
1016 1771 1072 1801 est
1104 1766 1135 1801 in
1168 1766 1364 1802 Prodronio
1407 1766 1449 1801 ad
1481 1765 1750 1802 illustrationem

147 1823 274 1871 lapidis
307 1824 606 1869 Stratonicensis,
651 1824 784 1860 inserto
829 1825 913 1859 actis
947 1825 1149 1860 academiae
1189 1836 1357 1860 romanae
1395 1818 1494 1874 (Atti
1527 1823 1609 1860 delt'
1641 1835 1749 1860 acca-

149 1881 266 1918 demia
300 1892 444 1918 romana
479 1882 512 1917 di
546 1883 788 1928 archeologia.
821 1883 918 1918 Toni.
950 1883 992 1919 ΙΙ.
1023 1884 1120 1919 Rom.
1153 1882 1271 1918 1825.
1294 1894 1376 1930 pag.
1401 1882 1481 1918 683
1495 1876 1620 1932 seqq.)
1653 1883 1750 1919 Bau·

147 1939 241 1976 kesii
273 1941 487 1988 apographo
521 1940 568 1976 ita
601 1942 773 1987 evulgato
808 1941 872 1976 alia
907 1941 1014 1977 editio
1057 1941 1161 1977 edicti
1203 1941 1389 1976 subsecuta
1432 1945 1486 1977 est
1517 1941 1549 1977 in
1582 1940 1752 1978 lllemorie

146 2009 295 2034 romane
330 1998 363 2033 di
396 1998 562 2035 antichita
596 2011 614 2034 e
647 2000 740 2035 belle
773 2000 847 2035 arti.
885 1999 1004 2035 1825.
1037 1999 1338 2047 Tom.11.p.29.
1371 2000 1413 2035 Et
1436 1999 1469 2035 in
1495 1999 1661 2036 Giornale
1687 2011 1750 2035 ar-

149 2056 272 2093 cadico
305 2057 402 2093 Toni.
425 2057 561 2093 XCVII.
595 2058 763 2094 Gennaio.
793 2057 912 2094 1827.
936 2070 969 2105 p.
992 2057 1058 2094 41.
1106 2059 1257 2093 Marmor
1289 2057 1556 2094 Stratonicense
1578 2058 1619 2093 ad
1653 2057 1749 2094 cuius

149 2114 333 2162 exemplar
365 2115 542 2151 editiones
576 2116 681 2152 edicti
713 2117 826 2152 adbuc
860 2120 1157 2152 commemoratae
1192 2117 1307 2151 sactae
1338 2121 1436 2160 sunt,
1464 2118 1487 2152 'a
1521 2116 1636 2164 capite
1669 2128 1749 2152 rnu-

148 2173 285 2209 tilatum
316 2174 604 2221 praescriptione
637 2175 813 2211 nominum
844 2174 1102 2222 Imperatorum
1135 2179 1245 2219 caret,
1278 2179 1315 2209 ut
1348 2175 1391 2210 de
1415 2174 1618 2212 auctoribus
1642 2174 1750 2211 edicti

149 2236 285 2268 tantum
318 2231 498 2268 coniicere
529 2233 688 2279 licuerit3
722 2233 868 2269 exhibet
898 2237 1013 2269 tamen
1045 2233 1230 2269 exordium
1265 2232 1369 2268 edicti
1402 2237 1438 2268 et
1474 2233 1624 2269 indicem
1660 2244 1749 2281 pre-

147 2290 300 2337 tiorum,
342 2290 406 2326 sed
448 2291 481 2326 in
523 2296 672 2339 utraque
704 2297 805 2340 parte
846 2292 1003 2339 pluribus
1044 2291 1133 2328 locis
1167 2291 1366 2327 obliterata.
1414 2291 1611 2327 Exordium
1643 2291 1750 2327 edicti

149 2349 285 2385 duabus
319 2349 502 2394 commun,
534 2350 641 2386 index
673 2351 868 2398 pretiorum
900 2355 1051 2397 quatuor
1082 2349 1252 2386 columnis
1287 2348 1439 2396 scriptus
1472 2354 1538 2394 est,
1571 2350 1749 2386 literarum

152 2407 314 2444 ductibus
346 2419 413 2444 nec
445 2408 526 2444 satis
560 2409 660 2445 claris
694 2421 759 2445 nec
791 2410 882 2445 iusto
913 2409 1030 2456 spatio
1073 2408 1244 2456 separatis
1277 2411 1313 2443 et
1345 2407 1516 2455 scriptura
1560 2408 1749 2444 admodum

148 2466 335 2511 mendosa,
375 2470 413 2502 ut
452 2478 620 2512 graecum
662 2467 928 2504 marmorarium
961 2467 994 2504 iu
1034 2467 1163 2504 latinae
1196 2467 1338 2513 linquae
1370 2470 1406 2502 et
1448 2465 1646 2514 scripturae
1685 2477 1749 2502 usu

147 2524 260 2562 minus
291 2524 528 2561 exercitatum
561 2526 665 2561 facile
698 2526 900 2573 dignoscas.

286 2584 422 2619 Novum
453 2583 559 2620 edicti
590 2585 776 2632 supplendi
810 2589 844 2620 et
867 2583 1067 2631 explicandi
1089 2583 1280 2620 subsidium
1305 2583 1454 2620 accessit
1479 2583 1595 2620 altero
1619 2594 1749 2620 exem-

147 2641 209 2689 plo
241 2641 422 2689 Aquensi‚
463 2642 558 2689 quod
591 2643 731 2678 tabulae
774 2643 936 2691 lapideae
977 2643 1186 2691 insculptum
1227 2653 1319 2678 anuo
1355 2641 1464 2678 1807
1498 2653 1545 2678 ex
1576 2641 1749 2690 Aegypto

149 2699 334 2737 Massiliam
366 2701 577 2745 advectum,
620 2705 690 2736 tum
723 2702 865 2737 Romam
899 2701 1075 2746 delatum,
1116 2713 1207 2737 nunc
1248 2699 1357 2747 Aquis
1399 2700 1530 2736 Sextiis
1562 2694 1683 2751 (Ani)
1716 2697 1754 2737 iu*

150 2768 273 2795 museo
305 2758 505 2795 Salleriano
538 2764 750 2795 asservatur.
799 2760 915 2806 Atque
949 2761 1037 2795 baec
1069 2759 1208 2806 quidem
1242 2758 1424 2806 inscriptio
1457 2758 1615 2794 continet
1637 2770 1747 2806 prae-

150 2815 379 2864 scriptionem
410 2815 719 2866 imperatoriorum
753 2818 928 2854 nominum
960 2817 1058 2853 initio
1092 2817 1199 2853 edicti
1230 2817 1380 2864 positam
1412 2821 1450 2852 ut
1481 2816 1548 2852 iam
1581 2816 1627 2851 de
1659 2828 1748 2852 auc-

151 2873 288 2911 toribus
320 2875 425 2912 edicti
457 2876 553 2924 prius
594 2876 767 2922 ignoratis
801 2880 901 2912 certo
934 2880 1094 2921 constet,
1138 2880 1173 2911 et
1205 2875 1373 2912 maiorem
1411 2874 1550 2911 exordii
1587 2878 1748 2921 partem3

152 2931 265 2968 altera
297 2934 434 2970 exordii
476 2939 577 2982 parte
609 2938 644 2970 et
685 2934 800 2971 iudice
841 2933 1033 2983 pretiorum
1077 2933 1242 2970 mutilata.
1309 2933 1500 2981 Explicare
1540 2937 1750 2980 sategerunt
