1877 3313
751 125 782 166 §.
807 125 838 160 2.
888 124 1032 160 Senatus
1061 126 1223 161 consulta.
1703 128 1788 171 291

180 233 382 275 scibamus
413 245 460 273 ea
491 243 565 273 vos
592 232 733 273 merito
756 237 894 274 nostro
916 231 1053 274 facere
1074 245 1153 274 non
1175 233 1369 287 potuisse,
1402 245 1532 288 neque
1553 246 1627 277 vos
1649 233 1793 290 dignos

181 304 273 333 esse
305 293 397 345 quei
428 291 630 343 faceretis,
663 303 794 345 neque
826 291 864 332 id
896 292 1033 332 vobeis
1064 304 1195 346 neque
1219 294 1277 334 rei
1300 293 1480 347 poplicae
1501 299 1665 336 vostrae
1685 295 1793 336 oitile

181 364 274 392 esse
308 351 442 393 facere
454 364 465 399 3
499 355 539 391 et
571 355 780 403 postquam
812 356 948 392 vostra
980 351 1103 391 verba
1135 357 1295 393 senatus
1328 352 1496 405 audivit,
1529 357 1636 394 tanto
1666 354 1794 408 magis

180 411 350 451 animum
382 414 562 451 nostrum
593 409 854 460 indoucimus,
885 411 936 449 ita
963 409 1042 450 utei
1065 414 1155 450 ante
1177 411 1476 463 arbitrabamur,
1508 411 1556 452 de
1577 413 1649 454 ieis
1670 413 1793 454 rebus

180 469 224 510 af
239 466 275 523 ¹)
309 469 421 510 vobis
465 472 671 522 peccatum
713 480 792 509 non
835 480 950 517 esse3
991 481 1179 522 quonque
1220 469 1269 510 de
1310 470 1407 511 eIeis
1449 471 1571 512 rebus
1612 471 1794 513 senatuei

180 528 339 582 purgati
372 528 491 578 estis,
522 527 722 567 credimus
765 539 918 580 vosque
950 528 1117 567 animum
1160 534 1336 570 vostrum
1376 529 1596 571 indoucere
1634 535 1795 585 oportet

182 588 275 628 item
307 599 381 628 vos
414 586 561 640 populo
591 598 757 627 romano
789 591 982 640 purgatos
1014 585 1116 627 fore.

267 728 458 762 Senatus
483 727 738 761 consultum
764 727 816 761 de
842 727 1120 773 Asclepiade
1146 727 1430 764 Clazomenio
1455 730 1707 776 sociisque.

326 837 448 874 1690.
511 837 726 874 Asservatur
756 838 826 874 hoc
857 842 1004 875 senatus
1048 838 1197 876 consulti
1239 838 1475 887 fragmentum
1513 838 1598 877 satis
1635 839 1794 878 mutilum

178 896 328 947 Neapoli
360 896 394 934 in
427 908 551 933 museo
593 896 797 934 Borbonico
841 897 995 934 tabellae
1038 908 1170 935 aereae
1214 896 1447 947 insculptum,
1487 898 1522 936 in
1562 910 1630 947 qua
1670 899 1793 937 versio

179 967 314 1005 graeca
357 955 497 993 additur
537 955 740 993 minusculis
781 956 893 992 literis
935 956 1119 1005 insculpta.
1181 956 1447 1005 Assignandum
1485 961 1540 995 est
1572 968 1666 996 anno
1696 970 1730 996 u.
1762 971 1794 997 c.

181 1016 263 1053 076
299 1010 380 1067 (77
414 1027 443 1052 a.
477 1009 566 1067 Ch.)
599 1015 642 1051 M.
675 1014 830 1051 Aemilio
863 1014 1012 1064 Lepido,
1045 1015 1086 1059 Q.
1116 1015 1255 1052 Lutatio
1288 1016 1412 1053 Catulo
1445 1017 1662 1055 consulibus.
1713 1018 1794 1055 Non

179 1074 406 1112 incommode
449 1074 520 1110 hoc
552 1079 696 1110 senatus
739 1074 937 1111 consultum
969 1074 1144 1111 honestae
1186 1074 1361 1112 missionis
1402 1074 1672 1114 instrumentum
1713 1088 1794 1114 cum

178 1133 378 1181 Gottlingio
412 1132 569 1179 dixeris,
602 1145 668 1180 qua
701 1133 813 1170 tribus
847 1133 1015 1180 Graecis,
1048 1133 1276 1182 Asclepiadi,
1316 1134 1520 1181 Polystrato
1553 1139 1589 1172 et
1620 1134 1794 1183 Menisco,

179 1194 238 1241 qui
270 1193 365 1230 bello
397 1191 522 1229 Italico
555 1191 589 1228 in
622 1192 735 1228 classe
776 1204 854 1228 cum
885 1191 992 1229 laude
1031 1196 1255 1239 meruerant,
1298 1197 1403 1241 atque
1444 1205 1511 1242 pro
1553 1194 1661 1231 rebus
1704 1206 1795 1242 erga

178 1252 351 1301 populum
382 1262 567 1288 romanum
600 1251 692 1287 bene
725 1251 859 1298 gestis,
890 1250 976 1299 ipsis
1009 1262 1205 1299 eorumque
1237 1251 1391 1299 posteris
1423 1251 1622 1290 immunitas
1653 1253 1795 1302 aliaque

181 1310 368 1348 commoda
401 1309 652 1346 attribuuntur.
684 1309 816 1346 Lacera
848 1311 959 1346 verba
991 1309 1097 1346 latina
1130 1321 1150 1346 e
1182 1321 1313 1357 graeca
1347 1310 1515 1347 versione
1547 1311 1701 1349 restituit
1730 1311 1794 1350 Si-

179 1370 323 1418 gonius,
355 1364 435 1420 (De
468 1369 614 1416 antiquo
646 1368 723 1405 iure
754 1368 968 1416 provinciar.
1003 1369 1032 1414 1,
1069 1362 1129 1420 1.)
1163 1368 1261 1405 cuius
1292 1369 1542 1417 supplementa
1570 1370 1794 1409 adscivimus.

321 1439 517 1477 Ediderunt
548 1440 618 1476 hoc
650 1439 907 1486 fragmentum:
950 1440 1076 1476 Petrus
1109 1439 1309 1485 Victorius,
1341 1440 1398 1488 qui
1430 1440 1562 1488 primus
1594 1453 1673 1479 cum
1703 1453 1793 1480 ver-

177 1499 280 1537 sione
310 1510 443 1546 graeca
475 1497 635 1545 vulgavit
668 1499 712 1534 ad
746 1499 881 1535 calcem
916 1498 1081 1535 editionis
1121 1497 1359 1547 Epistolarum
1392 1499 1576 1537 Ciceronis
1616 1501 1662 1538 ad
1692 1501 1793 1539 Atti-

177 1571 267 1596 cum.
314 1559 472 1595 Florent.
508 1556 632 1593 1571.
666 1558 725 1602 8.;
764 1557 962 1594 Brissonius
995 1558 1047 1594 De
1079 1557 1220 1595 formul.
1252 1558 1296 1604 ΙΙ,
1331 1554 1436 1604 1373
1465 1559 1564 1597 Fulv.
1595 1559 1740 1598 Ursinus
1771 1561 1795 1598 l.

177 1618 199 1654 Ι.
231 1617 371 1664 XX1V3
402 1617 572 1654 Gruterus
605 1616 782 1665 Inscriptt.
814 1629 848 1665 p.
883 1616 978 1654 503.
1026 1616 1190 1654 Haubold
1222 1617 1376 1654 Monum.
1406 1617 1478 1664 leg.
1501 1630 1535 1666 p.
1559 1618 1625 1657 90.
1666 1620 1795 1669 Egger

177 1677 250 1714 Lat.
282 1688 388 1714 serm.
420 1675 524 1724 reliq.
556 1688 590 1725 p.
623 1675 732 1722 2753
764 1675 928 1724 Gottling
959 1676 1143 1713 Fiinfzehn
1174 1679 1264 1715 rom.
1293 1675 1378 1714 Urk.
1409 1689 1443 1726 p.
1478 1678 1543 1714 50.

320 1767 356 1808 1.
391 1799 540 1809 .......
572 1768 605 1808 is
636 1766 828 1809 liberisve
860 1780 882 1808 e
899 1799 1000 1808 .....
1017 1765 1059 1822 2]

316 1827 356 1867 2.
474 1826 542 1868 Eis
573 1826 761 1867 leibereis
791 1826 991 1880 postereis
1024 1824 1225 1882 vx....3)

315 1884 355 1926 3.
476 1885 641 1926 Certare
672 1885 784 1927 seive
816 1885 919 1939 apud
950 1885 1300 1940 magistratiis....

314 1943 356 1984 4.
479 1944 529 1985 M.
543 1941 586 1999 4)
621 1944 713 1986 vbei
744 1943 866 1986 velint
906 1945 987 1986 vtei
1028 1945 1106 1986 ibei
1145 1945 1329 1987 ivdicivm
1371 1944 1421 1986 de
1464 1945 1523 1988 eis
1567 1946 1686 1988 rebvs
1727 1945 1794 1988 fiat

175 2002 235 2045 sei
267 2014 441 2056 qva....

318 2062 356 2103 5.
479 2067 569 2104 ntvr
612 2066 652 2103 et
683 2061 732 2103 de
764 2062 922 2118 integro
954 2062 1139 2105 ivdicivm
1178 2075 1230 2104 ex
1261 2075 1292 2104 s.
1328 2076 1361 2105 c.
1396 2062 1460 2105 liat
1491 2063 1550 2105 sei
1582 2075 1680 2117 qvas
1710 2076 1791 2118 pe-

175 2121 311 2162 cvnias
344 2122 498 2164 civ....

316 2180 354 2222 6.
477 2181 533 2222 Vs
564 2180 691 2222 nostri
722 2181 1014 2235 qveiqvomqve
1055 2181 1175 2223 asiam
1208 2181 1402 2223 evboeam
1432 2181 1622 2224 locabvnt
1653 2182 1787 2226 vecti-

175 2238 292 2293 galve
323 2240 542 2281 Asiae....

316 2297 356 2339 7.
479 2298 673 2340 Aemilivs
705 2311 788 2340 cos.
821 2312 856 2340 a.
891 2312 926 2341 a.
959 2312 991 2341 s.
1025 2312 1059 2341 c.
1092 2296 1185 2355 v.⁵]
1219 2311 1291 2341 eos
1334 2299 1373 2341 in
1413 2300 1659 2342 ameicorvm
1698 2299 1789 2343 for-

174 2357 314 2399 mvlam
347 2357 598 2399 reffervndos
632 2362 820 2399 cvrarent
853 2360 1009 2399 eis....

314 2415 355 2457 8.
475 2416 629 2457 Facere
659 2416 827 2468 liceret,
860 2429 1082 2471 mvnvsqve
1115 2417 1172 2459 eis
1205 2430 1257 2459 ex
1288 2416 1457 2460 formvla
1487 2418 1617 2461 locvm
1648 2417 1791 2461 lavtia-

175 2488 252 2529 qve
284 2488 322 2529 q.
354 2476 465 2517 verb.
500 2476 558 2516 eis
589 2475 726 2517 locare
758 2476 1026 2529 mittereq....

315 2534 354 2574 9.
477 2534 651 2575 Veneire
682 2534 831 2575 vellent
863 2535 916 2576 vti
947 2535 1005 2576 eis
1037 2534 1226 2578 leibereis
1257 2537 1537 2590 postereisqve
1560 2548 1697 2579 eorvm
1724 2535 1789 2583 le:-

175 2598 292 2647 gatos
322 2593 689 2647 venireymittereq.
722 2593 863 2635 liceret
893 2594 975 2636 vtei
1007 2607 1118 2648 q.

313 2755 351 2800 1]
378 2769 460 2802 pro:
485 2757 535 2792 ab.
562 2776 603 2780 —-
631 2757 669 2801 2)
695 2758 793 2792 Hunc
818 2756 960 2803 primum
994 2770 1132 2794 versum
1160 2758 1361 2805 Gottlingius
1386 2760 1513 2805 primus
1539 2771 1558 2794 e
1583 2760 1698 2796 tabula
1723 2761 1788 2796 ad-

176 2802 274 2845 didit3
299 2805 419 2850 reliqui
445 2816 561 2839 omnes
586 2807 870 2849 praetermittunt.
907 2825 948 2830 —-
984 2805 1022 2849 3)
1047 2819 1114 2840 uaso
1141 2806 1233 2841 Grut.
1267 2825 1307 2830 ——
1346 2804 1384 2849 4)
1410 2806 1541 2841 literam
1566 2807 1599 2841 M
1624 2807 1788 2853 Gottling.

176 2850 305 2884 addidit
329 2862 349 2884 e
373 2851 497 2886 tabula.
525 2870 566 2874 —
593 2851 631 2895 5)
656 2853 792 2887 Priores
818 2853 894 2887 edd.
920 2853 1078 2896 Εηιὶἰίιιε,
1103 2854 1165 2888 sed
1191 2854 1306 2887 tabula
1323 2853 1502 2888 manifesto
1520 2854 1641 2889 habet:
1664 2855 1788 2890 Aemi-

175 2895 249 2931 lius.
274 2897 339 2932 Pro
362 2898 404 2932 A.
429 2898 470 2933 A.
495 2898 528 2933 S.
555 2897 593 2933 C.
618 2900 657 2933 V.
682 2899 774 2944 qnod
804 2900 1006 2945 Gottlingius
1031 2900 1118 2945 legit
1142 2906 1176 2934 et
1201 2900 1363 2945 explicat:
1389 2900 1490 2935 ambo
1508 2902 1639 2937 alterve
1654 2904 1682 2937 si
1699 2913 1787 2938 con·

176 2942 304 2979 sulibus
329 2945 521 2990 videbitur,
546 2947 699 2992 priores:
723 2945 766 2983 A.
790 2946 831 2983 A.
852 2946 890 2985 S.
913 2948 954 2985 E.
978 2948 1017 2985 V.
1044 2945 1163 2991 (ambo
1188 2947 1319 2984 alterve
1342 2948 1372 2984 si
1395 2949 1446 2984 eis
1471 2947 1673 2995 videbitur).

1485 3007 1576 3050 19*
