1877 3313
92 134 179 177 292
538 131 639 164 Inscr.
666 129 841 174 profanae.
890 130 1037 174 Cap.11.
1081 130 1240 165 Tabulae.

235 236 299 278 10.
421 236 514 279 Seio
545 249 595 276 ve
615 235 697 291 ¹]..
731 237 880 278 litteras
912 236 960 277 ad
993 237 1257 290 magistu-atvs,
1290 237 1379 290 qvei
1401 236 1535 278 Asiam
1556 238 1696 279 Mace-

94 296 249 339 doniam
280 295 502 349 provincias
535 296 713 349 optinent
741 301 782 336 et
811 296 860 337 ad
892 296 1146 348 magistratus
1177 304 1317 337 eorvm
1348 296 1512 336 mitt...

235 354 299 395 11.
426 353 608 407 Aeqvom
638 367 806 395 censere
838 367 885 395 ea
917 355 969 395 ita
1000 354 1104 395 Fieri
1135 355 1160 395 i.
1193 369 1230 395 v.
1264 368 1300 394 e.
1325 366 1359 394 e.
1381 367 1412 394 r.
1435 367 1471 408 p.
1495 354 1521 395 f.
1544 365 1579 396 s.
1601 368 1691 396 v.-c.

90 484 205 518 Idem
231 489 418 519 senatus
443 483 696 517 consultum
722 495 772 517 ex
799 484 1097 517 restitutione
1123 483 1549 528 Sigoniisecundum
1568 494 1694 528 grae-

634 542 723 564 cam
750 533 1004 564 versionem
1031 531 1161 564 sacta.

238 627 361 666 1691.
396 622 465 680 [Q.
508 624 664 666 Lutatio
697 625 742 673 Q.
775 624 801 664 f.
845 623 981 666 Catulo
1023 624 1073 665 M.
1114 624 1284 665 Aemilio
1318 624 1362 673 Q.
1394 624 1420 665 f.
1461 625 1511 666 M.
1544 624 1694 678 Lepido

91 696 177 726 cos.
210 697 268 738 pi:
303 697 399 725 vero
430 683 582 724 urbano
621 689 660 724 et
690 684 904 737 peregrino
936 683 978 723 L.
1012 683 1263 724 Cornelio...
1286 683 1310 723 f.
1345 683 1523 733 Sisenna,
1555 696 1694 725 mense

88 744 216 795 maio,
253 743 300 791 Q.
332 742 510 782 Lutatius
541 742 587 791 Q.
618 742 796 782 Lutatius
830 742 874 790 Q.
908 741 933 781 f.
967 742 1124 782 Catulus
1157 754 1238 782 cos.
1272 741 1320 782 ad
1351 746 1528 783 senatum
1560 747 1692 783 rettu-

87 801 134 842 lit
164 802 218 843 XI
248 801 321 842 kal.
362 801 490 842 Iunias
521 802 558 841 in
596 801 766 841 comitio.
802 800 1028 842 Scribendo
1071 801 1267 841 affuerunt
1296 801 1339 840 L.
1372 801 1560 842 Faberius
1592 798 1634 841 L.
1667 800 1691 841 f.

91 859 247 914 Sergia,
282 859 393 900 C....
425 859 466 899 L.
499 859 525 899 f.
556 859 738 913 Poplilia,
772 859 817 907 Q.
850 859 1021 900 Petillius
1054 859 1097 899 T.
1130 858 1156 899 s.
1191 859 1342 913 Sergia.
1383 859 1497 907 Quod
1530 859 1576 908 Q.
1608 860 1694 900 Lu—

87 919 206 959 tatius
239 918 284 966 Q.
317 918 344 958 f.
379 918 534 959 Catulus
566 930 648 959 cos.
692 917 812 958 verba
845 916 962 967 fecit,
1004 917 1279 971 Asclepiadem
1321 917 1458 958 Philini
1489 917 1515 958 f.
1548 917 1694 960 Clazo-

87 978 284 1027 menium,
337 977 600 1030 Polystratum
640 977 820 1029 Polyarci
860 975 884 1016 f.
928 976 1170 1028 Carystium,
1214 975 1430 1016 Meniscum
1471 976 1623 1017 irenaei
1667 976 1692 1017 f.

88 1034 327 1089 adoptivum,
359 1035 555 1090 Thargelii
588 1035 613 1075 f.
635 1035 849 1075 naturalem
881 1034 1073 1074 Milesium
1089 1032 1146 1089 ²),
1178 1035 1216 1074 in
1237 1034 1364 1074 classe
1386 1034 1561 1085 affuisse,
1589 1034 1693 1076 bello

87 1093 221 1136 Italico
252 1094 427 1145 ineunte,
459 1106 529 1135 eos
562 1106 722 1146 operam
754 1093 897 1134 fortem
930 1105 975 1132 ac
1005 1091 1161 1132 fidelem
1193 1093 1289 1145 reip.
1319 1097 1482 1134 nostrae
1509 1105 1692 1144 navasse,

88 1164 160 1194 eos
192 1166 245 1192 ex
274 1165 305 1193 s.
340 1165 373 1193 c.
407 1164 499 1194 sese
541 1153 578 1192 in
620 1152 764 1205 patrias
804 1151 1010 1205 recepisse
1042 1150 1165 1202 velle,
1208 1151 1266 1191 sei
1298 1151 1335 1190 ei
1366 1150 1569 1202 videatur,
1611 1151 1694 1192 utei

90 1223 165 1266 pro
197 1211 320 1252 rebus
352 1211 455 1252 bene
486 1211 636 1265 gestcis
668 1211 714 1251 ab
748 1210 805 1250 eis
837 1223 933 1263 erga
964 1222 1086 1262 remp.
1120 1214 1308 1261 nostram,
1342 1221 1480 1250 eorum
1512 1222 1692 1263 comme-⁸

88 1270 256 1311 moratio
298 1269 385 1319 fiat3
429 1270 464 1310 d.
497 1282 532 1309 e.
573 1282 605 1309 r.
639 1269 662 1309 i.
707 1265 793 1322 c.3)
836 1267 1110 1322 Asclepiadem
1151 1268 1286 1308 Philini
1326 1267 1351 1308 f.
1386 1268 1693 1321 Clazomenium,

87 1323 353 1382 Polystratum
397 1327 577 1381 Polyarci
616 1327 641 1367 f.
675 1326 916 1380 Carystium,
960 1327 1175 1368 Meniscum
1216 1327 1369 1368 Irenaei
1410 1326 1434 1367 f.
1467 1326 1692 1381 adoptivum

87 1386 300 1438 Milesium,
333 1387 550 1427 naturalem
582 1385 770 1440 'sargelii,
801 1387 908 1426 viros
939 1386 1067 1426 bonos
1090 1386 1318 1438 probosque
1350 1390 1390 1425 et
1420 1386 1592 1427 ameicos
1616 1386 1693 1426 de-

90 1445 257 1497 clarare,
288 1449 467 1486 senatum
498 1444 739 1498 poplumque
771 1456 973 1485 romanum
1009 1445 1235 1484 existimare
1267 1456 1404 1485 eorum
1432 1456 1591 1497 operam
1615 1445 1693 1485 bo-

89 1516 181 1544 nam
213 1508 252 1544 et
282 1503 427 1544 fortem
461 1507 499 1542 et
529 1502 684 1543 fidelem
716 1503 813 1555 reip.
847 1507 1007 1543 nostrae
1039 1502 1163 1543 fuisse
1175 1517 1186 1552 ς
1218 1515 1330 1555 quam
1360 1503 1409 1543 ob
1430 1515 1587 1544 causam
1620 1515 1692 1544 se-

88 1567 223 1603 natum
255 1562 430 1602 iudicare
462 1561 542 1602 utei
584 1562 633 1601 iei
671 1561 834 1602 leiberei
866 1563 1120 1614 postereique
1151 1574 1291 1602 eorum
1323 1562 1362 1602 in
1394 1562 1500 1602 sueis
1531 1562 1692 1614 patricis

89 1622 284 1662 immunes
315 1633 451 1660 rerum
484 1621 654 1660 omnium
688 1625 727 1660 et
758 1621 991 1660 tributorum
1025 1625 1212 1673 expertes
1245 1621 1341 1669 sint;
1373 1621 1404 1660 si
1425 1633 1527 1672 quae
1548 1620 1693 1661 tributa

91 1692 144 1720 ex
185 1679 323 1720 boneis
363 1691 501 1719 eorum
543 1684 683 1719 exacta
724 1684 836 1729 sunt,
878 1683 1132 1731 posteaquam
1175 1692 1197 1719 e
1236 1680 1358 1732 patria
1400 1680 1498 1731 reip.
1531 1684 1692 1719 nostrae

92 1750 232 1779 caussa
264 1737 511 1788 dicesserint,
544 1738 625 1777 utei
657 1750 702 1777 ea
735 1738 862 1778 onmia
894 1738 950 1776 eis
982 1737 1019 1776 in
1051 1738 1243 1790 integrum
1275 1738 1543 1790 restituantur,
1575 1742 1613 1777 et
1635 1738 1692 1778 sei

91 1796 200 1850 quod
230 1795 492 1836 vadimonium
525 1797 749 1848 praeteriit,
792 1809 843 1835 ex
875 1808 953 1848 quo
987 1808 1038 1835 ex
1077 1797 1196 1848 patria
1229 1797 1325 1848 reip.
1357 1801 1519 1836 nostrae
1551 1808 1692 1836 caussa

91 1855 364 1905 discesserint,
396 1855 460 1894 nei
492 1867 539 1893 ea
570 1866 635 1895 res
669 1855 727 1895 eis
759 1854 884 1895 fraudi
915 1854 976 1903 sit,
1009 1854 1124 1894 neive,
1157 1854 1248 1906 quid
1282 1856 1339 1895 eis
1372 1855 1421 1895 ob
1451 1854 1549 1895 hanc
1571 1867 1691 1895 caus—

89 1926 174 1956 sam
206 1913 333 1953 minus
367 1911 579 1965 debeatur,
621 1913 737 1952 neive
780 1911 870 1965 quid
912 1913 1038 1952 minus
1079 1913 1136 1952 eis
1170 1926 1303 1952 emere
1345 1913 1521 1954 vendere
1552 1913 1682 1962 liceal;

91 1983 278 2025 quaeque
310 1969 551 2011 hereditates
584 1971 641 2012 eis
672 1971 782 2011 seive
814 1971 997 2011 leibereis
1030 1983 1168 2011 eorum
1201 1971 1471 2021 obvenerunt,
1512 1972 1594 2012 utci
1624 1984 1692 2012 cas

90 2032 259 2071 habeant
289 2029 520 2082 possideant
551 2029 834 2083 fruanturque;
867 2041 1049 2082 quaeque
1073 2030 1172 2082 ipsei
1193 2029 1552 2083 leibereiposterei
1583 2041 1692 2070 uxo-

88 2101 238 2141 resque
280 2100 417 2129 eorum
449 2088 497 2128 ab
529 2088 606 2129 alio
639 2089 829 2138 emerint,
859 2088 969 2128 seive
1002 2087 1093 2140 quid
1127 2088 1173 2127 ab
1213 2089 1270 2128 eis
1303 2089 1462 2129 libereis
1494 2089 1692 2142 postereis

90 2144 307 2201 uxo[ribus
338 2159 477 2187 eorum
509 2147 572 2187 alii
603 2147 784 2197 emerint,
815 2147 895 2186 utei
926 2158 1064 2187 eorum
1096 2145 1309 2187 liberorum
1332 2159 1581 2199 uxorumque
1613 2159 1691 2188 eo-

88 2218 175 2247 rum
206 2209 383 2258 potestas
416 2209 455 2245 et
487 2206 593 2258 optio
625 2206 674 2246 sit
686 2219 697 2254 ;
728 2205 837 2245 seive
868 2204 906 2244 in
938 2204 1095 2257 patrieis
1127 2204 1280 2258 legibus
1300 2206 1407 2245 sueis
1430 2202 1571 2260 velint]
1595 2218 1692 2246 cer-

89 2269 190 2314 tare,
221 2264 333 2305 seive
364 2263 467 2316 apud
499 2264 752 2317 magistratus
788 2261 983 2317 [nostros,
1014 2262 1116 2315 apud
1147 2263 1296 2303 iudices
1318 2263 1486 2314 italicos,
1518 2265 1629 2305 seive
1652 2264 1690 2304 in

91 2323 250 2364 civitate
280 2321 403 2362 libera
443 2335 578 2362 earum
621 2335 722 2374 quae
754 2334 883 2374 usque
924 2321 971 2362 ad
1003 2321 1117 2361 finem
1156 2321 1193 2361 in
1225 2321 1390 2361 amicitia
1431 2322 1588 2375 populei
1619 2334 1692 2363 ro-

93 2381 225 2422 manei
257 2378 521 2435 manserunt],
551 2381 640 2420 ubci
673 2380 816 2429 velint,
849 2381 930 2420 utei
961 2380 1037 2420 ibci
1068 2378 1250 2420 iudicium
1283 2378 1332 2419 de
1363 2381 1420 2420 eis
1450 2381 1573 2420 rebus
1604 2380 1691 2430 fiat3

91 2440 151 2481 sei
185 2452 261 2493 qua
295 2435 456 2493 [iudicia
493 2439 542 2479 de
575 2439 630 2479 eis
671 2439 897 2479 absentibus
929 2443 1185 2491 posteaquam
1218 2451 1240 2477 e
1272 2439 1394 2490 patria
1436 2437 1692 2479 discesserint

91 2497 197 2539 facta
228 2503 336 2547 sunt,
368 2509 413 2537 ea
445 2498 527 2537 utei
558 2497 597 2537 in
629 2498 827 2551 integrum
857 2492 1137 2551 restitua]ntur
1169 2500 1207 2536 et
1240 2495 1289 2536 de
1321 2497 1477 2550 integro
1507 2496 1691 2537 iudicium

96 2568 149 2596 ex
180 2567 212 2597 s.
245 2568 278 2595 c.
312 2555 399 2604 fiat3
443 2555 501 2596 sei
543 2567 640 2607 quas
681 2555 870 2608 pecunias
912 2552 1110 2609 cix-[itales
1151 2567 1289 2595 eorum
1322 2555 1478 2609 publice
1509 2553 1691 2606 debeant,

92 2615 158 2654 nei
189 2613 282 2666 quid
314 2615 351 2653 in
384 2613 453 2654 has
486 2615 672 2666 pecunias
705 2613 799 2653 dare
832 2612 1012 2653 debeant.
1052 2610 1325 2667 Magistrat]us
1356 2613 1481 2654 nostri
1508 2614 1690 2664 quicom-

94 2684 175 2724 que
205 2671 339 2713 Asiam
371 2671 571 2714 Euboeam
602 2672 803 2725 locabunt,
836 2672 1056 2726 vectigalve
1088 2671 1208 2712 Asiae
1240 2668 1449 2726 [Euboeae
1478 2672 1692 2725 imponent,

234 2840 271 2885 1)
297 2842 347 2876 Ita
373 2842 531 2887 Gottling.
556 2842 708 2876 Priores:
734 2843 761 2875 si
787 2843 817 2876 ei
843 2853 874 2875 v.
899 2842 921 2874 f.
959 2858 999 2863 -
1035 2840 1073 2884 2)
1099 2842 1147 2875 Ita
1173 2842 1261 2875 hunc
1294 2841 1404 2875 locum
1429 2840 1623 2874 restinximus
1646 2850 1689 2873 ex

53 2926 63 2939 δ
94 2889 262 2922 sententia
287 2889 475 2932 Gottlingii3
513 2889 668 2932 Sigonius
693 2891 780 2923 enim
805 2886 1068 2926 duossssdiversos
1093 2888 1259 2922 Meniscos
1284 2889 1448 2922 nominari
1473 2889 1602 2931 putavit
1625 2886 1691 2920 hoc

94 2933 192 2978 loco,
223 2934 364 2970 alterum
390 2935 522 2972 Irenaei
546 2935 669 2980 filium,
693 2936 837 2971 alterum
862 2934 1045 2982 Thargelii.
1077 2954 1115 2960 -
1144 2932 1183 2978 3)
1209 2935 1253 2970 de
1276 2945 1318 2970 ea
1342 2945 1380 2971 re
1403 2936 1451 2970 ita
1474 2939 1689 2969 censuerunt.
