1877 3313
496 159 528 202 ξ.
553 159 586 194 2.
634 157 875 205 inscriptiones
898 159 933 194 in
956 159 1041 194 locis
1065 165 1100 195 et
1123 161 1224 197 rebus
1247 162 1399 208 privatis.
1660 164 1743 207 441

288 265 402 308 Nunc
432 277 528 307 vera
560 277 680 308 versu
710 266 833 307 verba
864 265 1038 307 dicamus
1070 278 1214 309 senes:

289 325 383 367 Sum
414 326 542 366 victus
572 325 658 378 ipse
687 323 816 366 fateor
845 337 868 365 a
898 329 961 366 ter
991 325 1163 366 Consule

287 384 395 425 Vero
413 381 451 439 ¹]
482 388 651 437 patrono
683 395 758 424 nec
788 383 914 425 semel
944 383 1017 425 sed
1047 385 1206 437 saepius

288 441 408 483 Cuius
438 443 606 483 libenter
636 441 748 483 dicor
779 442 1019 483 exodiarius.
1042 465 1097 471 —-
1119 445 1262 483 Romae.
1295 445 1392 484 Grut.
1421 460 1456 496 p.
1480 448 1575 485 637.
1605 448 1747 497 Torrig.

149 503 182 540 in
215 503 342 541 Graev.
373 504 474 540 Thes.
506 504 603 540 Tom.
634 503 709 540 XII.
741 515 775 552 p.
808 503 902 540 394.
943 503 1052 541 More.
1083 504 1162 541 Stil.
1202 505 1343 542 DVIlII.
1375 506 1471 544 Orel.
1503 507 1628 546 2591.
1668 508 1748 546 An-

147 563 289 610 tholog.
320 562 436 599 Burm.
467 562 528 608 ΙΙΙ,
559 561 625 599 29.
656 562 791 608 Meyer.
823 574 856 599 n.
886 562 984 599 890.

291 637 412 674 1965.
472 635 560 675 Vidi
590 635 828 690 pyramidas,
859 636 946 677 sine
977 639 1030 688 te,
1061 634 1287 678 dulcissime
1317 636 1462 688 frater3

288 694 337 734 Et
367 693 450 743 tibi,
481 693 588 746 quod
619 695 741 747 potui,
774 694 965 748 lacrymas
995 695 1056 736 his
1088 700 1240 737 moesta
1271 695 1429 749 profudi

285 752 334 793 Et
364 753 490 794 nostri
521 765 736 793 memorem
770 752 897 794 luctus
929 753 1029 794 hanc
1061 754 1200 807 scripsi
1231 755 1448 807 querelam.
1477 777 1526 784 --
1560 757 1748 796 Guilelmus

147 813 192 849 de
224 813 410 850 Baldeusel
451 814 641 862 descripsit
685 814 806 851 1336.
846 826 893 850 ex
934 815 1132 862 pyramide.
1205 816 1334 853 Canisii
1375 816 1458 853 Var.
1499 817 1583 855 leot.
1623 818 1661 854 T.
1701 818 1748 855 V.

145 872 237 908 Part.
268 885 303 920 p.
339 872 431 909 113.
462 872 642 909 Letronne
674 873 817 909 Recueil
850 873 892 909 Π.
923 885 956 922 p.
991 873 1086 911 517.
1135 874 1209 911 Hos
1240 885 1365 912 versus
1396 879 1468 914 tres
1500 876 1558 914 alii
1588 888 1747 925 sequun-

146 934 215 978 tur,
247 931 312 967 sed
344 932 448 979 plane
481 931 623 968 obscuri
655 932 699 967 ad
731 944 883 969 sensum.

289 1006 411 1044 1966.
470 1005 596 1046 Huius
627 1005 805 1059 Nympha
836 1005 926 1058 loci,
958 1006 1060 1047 sacri
1092 1006 1269 1048 custodia
1299 1005 1443 1060 fontis,

425 1063 602 1115 Dormio,
636 1063 728 1105 dum
761 1064 924 1105 blandae
956 1065 1087 1106 sentio
1118 1078 1300 1106 murmur
1332 1078 1472 1119 aquae.

331 1121 455 1162 Parce
487 1135 627 1173 meum,
661 1124 840 1176 quisquis
872 1124 1000 1176 tangis
1031 1136 1128 1164 cava
1159 1136 1355 1166 marmora
1385 1137 1565 1167 somnum

423 1180 646 1234 Rumpere:
679 1183 764 1222 sive
797 1182 907 1222 bibas
938 1183 1023 1223 sive
1053 1183 1200 1233 lavere,
1233 1187 1331 1224 tace.
1367 1206 1416 1212 -—
1448 1187 1576 1235 Apian.
1597 1199 1632 1236 p.
1656 1187 1750 1224 325.

147 1241 346 1288 Antholog.
382 1241 541 1279 Burman.
571 1243 600 1289 Ι,
624 1242 689 1279 81.
723 1243 856 1289 Meyer.
889 1255 920 1280 n.
955 1243 1049 1280 623.
1095 1244 1126 1281 A
1158 1244 1316 1292 pluribus
1348 1250 1547 1293 suspectum
1580 1250 1616 1282 et
1647 1256 1751 1283 com-

143 1300 340 1337 mentitium
373 1301 547 1343 habetur3
587 1301 652 1337 sed
685 1302 901 1338 Torremuza
933 1301 967 1339 in
999 1302 1176 1350 Inscriptt.
1216 1302 1358 1340 Siciliae
1399 1304 1562 1341 Panormi
1604 1308 1748 1341 exstare

149 1358 258 1405 dicit3
291 1359 347 1396 alii
380 1359 455 1395 aliis
487 1359 575 1396 locis
609 1364 732 1396 extare
765 1361 954 1397 affirmant.
995 1361 1171 1398 Videntur
1202 1372 1326 1400 versus
1358 1362 1458 1410 quasi
1489 1363 1682 1412 populares
1715 1367 1751 1400 et

144 1417 239 1454 baud
272 1417 329 1454 uni
362 1419 596 1467 nympharum
628 1418 733 1466 signo
767 1419 876 1455 additi
908 1418 1028 1457 fuisse.

290 1493 413 1530 1967.
472 1491 618 1533 Horam
651 1503 740 1533 cum
772 1493 937 1545 primam
968 1505 1137 1547 cumque
1169 1493 1306 1535 horam
1337 1493 1422 1536 sole
1453 1493 1668 1538 secundam

281 1550 437 1591 Prolata
471 1562 623 1591 oceano
655 1550 817 1591 luminat
848 1551 946 1592 alma
978 1551 1085 1604 dies,

281 1608 371 1650 Vox
401 1607 529 1649 audita
560 1607 652 1649 mihi
683 1614 743 1650 est
776 1614 836 1649 ter
866 1610 968 1650 bene
999 1610 1237 1652 Memnonia.

281 1666 454 1708 Viaticus
485 1665 749 1722 Ther..os²)
782 1667 877 1708 fecit
909 1681 995 1709 curn
1027 1669 1134 1710 audit
1163 1670 1414 1712 Memnonem
1444 1670 1497 1712 XI
1517 1669 1600 1712 Kal.
1620 1671 1749 1713 Iunias

144 1724 335 1766 Serviano
367 1727 525 1766 tertium
559 1726 730 1768 Consule
747 1723 786 1781 3)
822 1739 910 1768 cuin
941 1726 1130 1769 Asidonia
1161 1728 1278 1783 Calpa
1310 1742 1451 1771 uxore.
1486 1750 1536 1762 ι-
1570 1733 1749 1771 Letronne

142 1786 286 1824 Recueil
316 1787 379 1825 des
409 1786 567 1836 inscript.
598 1787 641 1826 11.
672 1800 705 1836 p.
740 1787 834 1824 377.

431 1960 469 2000 5².
500 1957 536 1994 2.
594 1957 862 2006 Inscripliones
893 1959 934 1995 in
964 1959 1055 1996 locis
1086 1964 1121 1996 et
1150 1958 1261 1997 rebus
1287 1960 1459 2008 privatis.

203 2072 324 2111 1968.
386 2071 472 2120 Quo
504 2076 590 2124 tua,
621 2072 821 2114 Romanae
854 2073 999 2114 vindex
1030 2073 1247 2116 clarissime
1279 2074 1450 2129 linguae,

490 2131 594 2172 Silva
625 2131 716 2173 loco
749 2132 888 2174 melius
920 2144 1090 2186 surgere
1123 2134 1230 2174 iussa
1261 2134 1376 2184 viret,

377 2188 510 2242 Atque
540 2189 840 2244 academicae&
873 2191 1110 2232 celebratam
1141 2192 1299 2232 nomine
1331 2192 1460 2233 villam

487 2248 602 2289 Nunc
634 2254 791 2303 reparat
823 2249 932 2290 cultu
963 2251 1035 2291 sub
1067 2250 1223 2303 potiore
1255 2253 1376 2292 Vetus
1391 2248 1454 2306 ⁵):

375 2305 446 2347 Hic
478 2307 595 2347 etiam
629 2312 817 2361 apparent
849 2308 1029 2362 lymphae
1061 2321 1142 2350 non
1174 2313 1265 2350 aute
1295 2314 1494 2363 repertae,

486 2365 693 2420 Languida
725 2364 880 2421 qnaess)
914 2366 1043 2408 infuso
1075 2367 1217 2408 lumina
1249 2380 1344 2409 rore
1375 2367 1518 2409 levant.

376 2423 568 2465 Nimirum
599 2425 711 2466 locus
743 2426 829 2477 ipse
860 2426 923 2466 sui
955 2424 1156 2467 Ciceronis
1188 2426 1331 2468 honori

487 2483 573 2524 Hoc
604 2483 713 2524 dedit
743 2484 815 2524 bac
847 2483 975 2525 sontes
1009 2497 1129 2537 quum
1169 2484 1354 2538 patefecit
1384 2497 1474 2538 ope,

378 2540 427 2582 Ut
460 2543 643 2595 quoniam
675 2546 758 2583 toto
790 2542 934 2596 legitur
965 2543 1051 2583 sine
1081 2542 1160 2583 fine
1191 2556 1262 2596 per
1294 2543 1430 2584 orbem

484 2601 570 2642 Sint
599 2600 733 2654 plures
762 2601 888 2642 oculis
917 2613 1016 2653 quae
1039 2600 1273 2642 medeantur
1295 2613 1433 2654 aquae.
1465 2624 1520 2631 —
1550 2602 1636 2640 Plin.
1660 2602 1746 2640 Hist.

137 2660 177 2697 N.
214 2660 345 2708 XXXI,
375 2660 413 2699 2.
458 2661 569 2699 More.
600 2662 677 2699 Stil.
708 2662 766 2699 DI.
797 2662 997 2710 Antholog.
1027 2663 1162 2709 Meyer.
1194 2674 1227 2699 n.
1260 2662 1324 2699 67.

277 2820 314 2864 1)
340 2822 462 2857 Lucius
487 2823 575 2857 Aelii
601 2824 678 2858 Veri
705 2824 789 2858 filins
815 2825 949 2858 tertium
976 2823 1183 2857 consulatum
1210 2822 1341 2865 accepit
1366 2832 1419 2855 an.
1444 2832 1477 2864 p.
1504 2819 1564 2856 Ch.
1592 2822 1670 2857 167.
1699 2840 1739 2845 —

139 2866 175 2910 2)
200 2867 359 2903 sortasse:
386 2870 562 2904 Theraeos.
600 2889 640 2893 —-
675 2869 713 2912 3)
739 2871 820 2904 Post
852 2871 899 2905 Ch
939 2871 1014 2904 134.
1050 2887 1093 2890 -
1132 2866 1170 2909 4)
1204 2868 1403 2901 Hecademeo
1437 2868 1551 2911 Meyer
1589 2881 1632 2903 ex
1665 2871 1740 2904 cod.

138 2914 251 2947 Heius.
277 2917 366 2960 quod
388 2915 577 2965 Ἑκάδημοι,
599 2915 780 2966 Ἑκαδῆμία
806 2920 941 2961 antique
968 2917 1144 2949 diceretur.
1173 2932 1213 2937 -
1242 2914 1278 2957 5)
1304 2915 1466 2950 Antistius
1484 2916 1597 2959 vetus,
1615 2916 1690 2952 Cos.
1711 2929 1740 2951 a.

137 2972 169 2996 u.
193 2961 273 3005 807,
297 2964 354 3007 qui
379 2962 555 3000 Ciceronis
580 2964 697 2999 villam
719 2965 879 3009 possedit.
906 2981 949 2988 --
975 2962 1011 3004 6)
1036 2960 1281 3006 Lanqmaaque.
1307 2962 1422 2996 Heins.
