1928 3319
513 116 568 153 111.
594 114 743 163 Capitel:
792 117 865 152 Von
892 116 954 152 der
978 115 1129 162 Sprache
1154 115 1214 151 der
1238 114 1448 153 Inschrirten.
1727 112 1783 158 73

281 222 319 268 6)
344 223 473 267 Cesor,
511 223 623 260 Cosul.
656 225 728 259 Del.
766 225 865 259 1932.
899 224 1113 258 cosoleretur
1146 224 1221 258 Del.
1249 224 1352 258 1688.
1387 224 1579 267 Quintilian.
1606 223 1640 266 Ι,
1665 222 1699 266 7,
1724 223 1783 257 29.

163 270 363 306 Columnam
387 279 421 306 et
448 273 606 306 Consules
630 279 788 317 exempta
815 272 844 306 N
870 272 963 305 litera
992 273 1146 316 legimus
1197 272 1313 315 Vergt.
1339 272 1427 305 oben
1457 272 1488 313 §.
1515 271 1571 305 23.
1598 271 1695 305 Anm.
1723 271 1756 304 7.

281 321 320 364 7)
347 319 542 361 Quintilian.
569 321 603 361 Ι,
629 322 669 361 4,
699 321 753 354 10.
796 320 860 361 At,
886 331 975 365 quae
1001 326 1036 352 ut
1062 319 1198 352 vocales
1224 321 1407 360 iunguntur
1432 325 1489 353 aut
1512 330 1615 352 unam
1639 318 1776 362 longam

161 367 303 410 faciunt,
330 374 365 401 ut
390 374 526 402 veteres
551 369 736 412 scripsere,
764 370 819 412 qui
845 369 1079 409 geminatione
1106 378 1220 400 earum
1248 367 1340 400 velut
1366 368 1462 411 apice
1489 367 1688 408 utebantur3
1722 371 1779 399 aut

162 415 256 449 duas.
306 414 389 449 lbid.
416 415 448 456 1,
476 416 509 457 7,
537 415 588 448 14.
616 414 729 460 Usque
755 416 796 447 ad
824 415 962 448 Accium
991 421 1024 447 et
1049 414 1134 448 ultra
1161 421 1333 458 porrectas
1360 414 1510 458 syllabas
1544 414 1687 458 geminis
1712 423 1780 448 vo-

161 462 290 497 calibus
316 464 534 507 scripserunt.
582 462 684 495 Lanzi
710 463 838 505 Saggio
865 462 896 495 di
924 463 1002 504 ling.
1031 468 1154 495 etrusc.
1182 461 1205 495 I.
1233 472 1264 505 p.
1292 462 1348 495 92.

281 507 319 553 8)
347 510 530 552 Quintilian
558 510 591 551 Ι,
617 511 651 553 7,
678 510 730 543 15.
759 510 888 543 Diutius
915 510 1050 543 duravit
1075 515 1110 542 ut
1135 509 1178 543 El
1205 509 1383 553 iungendis
1409 509 1529 543 eadem
1554 511 1685 543 ratione
1711 519 1780 555 qua

161 556 281 594 Graeci
310 570 336 591 ει
362 563 546 591 uterentur.

278 602 316 648 9)
344 605 532 638 Schneider
557 604 627 638 Lat.
656 604 767 638 Gram.
794 604 818 638 Ι.
845 604 877 638 S.
905 604 949 638 84
989 604 1274 649 „Bemcrhungen
1301 604 1384 639 iiber
1409 601 1487 639 ou.“

258 651 317 695 10)
344 651 442 686 Lanzi
469 652 593 696 Saggio
620 652 651 685 di
679 652 759 695 ling.
787 657 908 685 etrusc.
936 652 958 685 1.
988 663 1018 696 p.
1046 652 1100 685 93.
1128 663 1158 685 n.
1185 651 1218 685 3.

256 699 318 742 11)
345 699 532 732 Schneider
558 699 627 733 Lat.
656 699 765 733 Gram.
794 700 816 733 l.
845 699 876 732 S.
904 700 992 740 486,
1028 710 1084 733 wo
1111 701 1172 733 der
1197 699 1408 743 ¹‹griechische
1435 699 1609 743 Ursprung
1635 699 1696 733 der
1720 700 1782 733 mit

160 757 206 790 gn
225 747 466 790 antangenden
484 747 620 780 Worter
639 747 704 780 und
727 748 780 780 die
799 747 925 780 Stellen
947 747 1006 780 der
1026 747 1115 780 alten
1137 747 1385 781 Grammatiker
1403 747 1605 789 mitgetheilt
1623 747 1778 781 werden.

258 792 316 837 12)
343 794 539 836 Quintilian.
568 794 592 836 1,
620 795 654 835 4,
683 795 724 828 16
752 795 840 828 l'ulirt
866 795 914 828 als
941 795 1191 828 alterthiimlich
1219 806 1260 828 an
1286 795 1413 828 stlocus
1439 795 1506 828 und
1533 794 1660 835 stlites;
1693 794 1781 828 tetz-

160 847 233 876 tere
258 841 359 875 Form
389 842 509 876 wurde
535 842 566 875 in
593 842 669 876 deni
697 843 919 875 Amtsnamen
947 842 1124 876 Deccmvir
1149 842 1301 886 'stlitibus
1335 843 1522 876 iudicandis
1549 841 1779 876 heibehalten.

161 889 349 924 Schneider
375 888 443 922 Lat.
471 888 583 922 Gram.
610 889 633 923 1.
661 889 692 922 S.
721 890 799 923 491.

257 935 317 977 13)
344 936 444 970 Lanzi
471 936 598 980 Saggin
625 937 657 970 di
685 936 763 977 ling.
791 943 913 971 etrusc.
942 937 964 970 1.
993 949 1023 978 p.
1051 938 1105 971 94.
1140 937 1325 971 Schneider
1350 936 1418 970 Lat.
1447 937 1557 970 Gram.
1584 937 1609 970 1.
1635 936 1670 971 S.
1697 937 1778 970 459.

257 984 317 1025 14)
345 983 444 1017 Lanzi
470 995 497 1017 a.
526 996 555 1017 a.
583 984 620 1017 Ο.
647 996 678 1028 p.
712 984 784 1018 123.
835 985 1024 1018 Schneider
1050 996 1078 1018 a.
1105 997 1134 1018 a.
1163 984 1200 1018 O,
1227 985 1259 1018 S.
1287 986 1366 1018 475.
1398 985 1520 1018 Festus
1545 983 1657 1026 (Pauli
1683 984 1780 1018 Diac.

159 1030 340 1076 Excerpt.)
367 1043 393 1064 s.
420 1043 451 1065 v.
480 1031 637 1065 Dusmoso
663 1034 699 1065 in
725 1032 795 1065 loco
821 1033 909 1076 apud
938 1032 1064 1065 Livium
1092 1033 1259 1075 significat
1284 1034 1452 1066 dumosam
1479 1032 1597 1065 locum.
1639 1031 1781 1078 Antiqui

160 1080 249 1114 enim
278 1079 525 1113 interserebant
551 1079 571 1112 S
600 1080 729 1113 literam
757 1086 789 1113 et
816 1079 973 1113 dicebant
998 1081 1177 1113 cosmiuere
1196 1091 1257 1124 pro
1276 1081 1441 1113 comittere
1460 1085 1492 1113 et
1512 1079 1694 1113 Casmenas:
1716 1089 1780 1124 pro

164 1126 339 1160 Camenae.

279 1172 339 1215 15)
367 1174 562 1216 Quintilian.
592 1174 625 1213 1,
653 1175 685 1215 7,
715 1173 766 1207 12.
795 1173 916 1208 Latinis
944 1174 1115 1208 veteribus
1142 1174 1169 1207 D
1196 1175 1345 1219 plurimis
1372 1176 1404 1208 in
1432 1174 1546 1208 verbis
1572 1173 1688 1207 ultima
1715 1174 1782 1207 ad-

161 1223 268 1262 iecta,
302 1222 392 1265 quod
421 1222 633 1254 manifestum
662 1227 711 1254 est
737 1224 838 1255 etiam
866 1234 907 1255 ex
934 1223 1089 1256 columna
1118 1229 1282 1264 rostrata,
1318 1233 1404 1268 quae
1437 1228 1489 1255 est
1525 1220 1551 1255 C
1585 1221 1723 1255 Duellio
1747 1222 1781 1255 in

160 1269 238 1302 soro
265 1271 386 1313 posita.
437 1268 627 1302 Schneider
651 1269 721 1302 Lat.
751 1269 860 1302 Grani.
888 1270 909 1303 1.
937 1270 968 1302 S.
997 1271 1074 1303 261.

283 1314 341 1359 16)
369 1316 561 1358 Quintilian.
590 1317 623 1358 1,
652 1317 690 1353 4,
722 1317 776 1350 17.
828 1315 943 1358 Quid?
979 1328 1044 1349 non
1080 1317 1107 1350 E
1142 1328 1278 1362 quoque
1304 1316 1317 1350 1
1345 1317 1420 1350 loco
1447 1315 1536 1350 fuit?
1563 1321 1599 1349 ut
1623 1316 1781 1349 Menerva

161 1369 195 1397 et
221 1362 309 1396 leber
335 1370 368 1396 et
394 1369 552 1407 ητα-(μεῖον
578 1370 611 1396 et
637 1363 753 1396 Diiore
788 1370 821 1397 et
853 1363 969 1396 Veiore
996 1375 1055 1408 pro
1083 1364 1191 1397 Diiovi
1227 1370 1260 1397 et
1297 1363 1451 1397 Veiiovi?
1500 1363 1686 1397 Schneider
1711 1362 1783 1397 Lat.

161 1410 272 1444 Gram.
299 1410 322 1444 1.
349 1410 380 1444 S.
411 1411 462 1444 15.

281 1456 340 1499 17)
367 1457 561 1499 Quintilian.
588 1458 620 1499 Ι,
648 1460 687 1498 7,
714 1459 768 1491 25.
805 1458 893 1500 Quid
923 1459 1030 1491 dicam
1057 1460 1195 1491 vortices
1221 1464 1254 1492 et
1278 1470 1393 1492 vorsus
1418 1464 1601 1504 ceteraque
1628 1458 1669 1492 ad
1695 1469 1783 1492 eun-

161 1505 239 1538 dem
267 1505 416 1545 modum,
445 1516 531 1550 quae
558 1508 667 1550 primo
695 1505 807 1549 Scipio
835 1506 1016 1540 Africanus
1043 1508 1073 1539 in
1101 1506 1128 1540 E
1155 1506 1288 1540 literam
1314 1506 1498 1540 secundam
1526 1507 1669 1540 vertisse
1697 1506 1782 1540 dici-

160 1551 243 1586 tur?
293 1552 480 1586 Schneider
506 1552 573 1586 Lat.
601 1553 712 1587 Grani.
742 1554 763 1587 1.
792 1554 823 1586 S.
857 1554 906 1586 12.

277 1597 337 1642 18)
365 1598 559 1641 Quintilian.
587 1600 619 1643 1,
645 1601 686 1636 4,
717 1601 768 1634 16.
801 1600 888 1642 Quid
918 1599 944 1635 O
971 1607 1072 1645 atque
1102 1600 1128 1634 U
1154 1607 1367 1646 permutatae
1394 1600 1566 1635 invicem?
1591 1607 1627 1634 ut
1652 1600 1782 1634 Hecoba

159 1653 192 1680 et
216 1648 342 1689 non-isc,
371 1647 541 1681 Cale-hides
567 1655 600 1680 et
627 1647 799 1691 Petlpsaeena
826 1650 1073 1689 scriberentnrg
1109 1659 1148 1681 ac
1175 1660 1216 1682 ne
1243 1651 1274 1682 in
1303 1648 1441 1683 Grae‘tis
1468 1648 1499 1682 id
1526 1655 1654 1682 tantum
1681 1654 1783 1682 note—

156 1700 222 1736 tur,
248 1695 402 1728 dederont
428 1706 466 1728 ac
490 1695 720 1739 probaverant.
770 1696 956 1730 Schneider
981 1696 1048 1729 Lat.
1076 1696 1186 1729 Graiu.
1214 1697 1235 1730 1.
1264 1696 1295 1730 S.
1322 1696 1376 1729 30.

275 1742 334 1784 19)
362 1742 554 1784 Quintilian.
584 1744 615 1783 1,
643 1744 675 1783 7,
695 1743 750 1776 21.
778 1744 882 1777 Etiam
901 1745 1052 1787 optimus.
1078 1745 1246 1777 maximus
1271 1750 1306 1777 ut
1325 1744 1467 1778 mediam
1488 1744 1499 1777 1
1519 1744 1663 1782 literam,
1692 1754 1779 1789 quae

156 1789 330 1823 veteribus
357 1790 382 1824 U
410 1790 537 1832 suerat,
564 1792 777 1835 acciperent,
806 1791 841 1825 C.
870 1793 1014 1836 primum
1042 1790 1198 1825 Caesaris
1226 1793 1446 1836 inscriptione
1473 1792 1616 1826 traditur
1642 1791 1781 1826 sactum.

158 1836 347 1871 Schneider
371 1837 440 1871 Lat.
470 1838 579 1871 Grani.
607 1838 628 1871 1.
658 1838 688 1871 S.
718 1838 866 1872 18-26.

274 1884 336 1925 20)
363 1883 557 1925 Quintilian.
585 1885 610 1927 1,
636 1887 668 1927 7,
697 1886 748 1919 18.

273 1929 335 1974 21)
364 1933 552 1966 Schneider
577 1932 645 1966 Lat.
671 1932 781 1967 (iram.
809 1934 831 1968 I.
859 1933 890 1968 S.
919 1933 1066 1966 76-86,

276 1978 338 2021 22)
366 1979 559 2021 Quintilian.
587 1981 620 2022 1,
647 1981 690 2021 4,
719 1982 771 2015 15.
807 1982 880 2014 Nec
915 1992 980 2015 non
1017 1981 1136 2014 eadem
1173 1978 1211 2022 (i.
1231 1992 1259 2014 e.
1288 1981 1384 2014 litera
1412 1979 1454 2022 B)
1482 1981 1562 2014 fecit
1587 1992 1629 2015 ex
1665 1981 1776 2015 duello

155 2025 283 2067 bellmn,
311 2028 400 2060 unde
426 2027 574 2061 Duellios
600 2028 736 2073 quidem
764 2029 879 2062 dicere
906 2028 1027 2061 Bellias
1054 2030 1136 2061 ausi.
1188 2027 1374 2062 Schneider
1400 2028 1468 2061 Lat.
1495 2028 1548 2062 Gr.
1584 2029 1608 2062 I.
1635 2028 1667 2063 S.
1694 2029 1774 2064 228.

274 2073 336 2116 23)
365 2075 470 2108 varro
497 2076 591 2117 Ling.
621 2076 676 2109 lat.
705 2076 757 2115 Vl,
785 2077 815 2110 3.
869 2077 904 2109 ln
942 2076 1052 2109 multis
1089 2075 1201 2108 verbis
1236 2077 1266 2108 in
1302 2086 1369 2120 quo
1404 2077 1531 2120 antiqui
1566 2075 1724 2110 dicebant
1750 2077 1772 2111 S

156 2127 275 2166 postea
305 2121 420 2155 dicunt
446 2122 495 2164 R,
530 2129 564 2156 ut
591 2125 621 2156 in
649 2126 797 2157 carmine
824 2123 991 2157 Saliorum
1018 2129 1093 2156 sunt
1121 2123 1225 2156 haec:
1262 2122 1391 2155 cosauli
1424 2122 1632 2165 (chomuli),
1669 2123 1775 2158 dolosi

155 2166 324 2211 (dolori),
363 2181 414 2203 eso
447 2167 553 2212 (ero).
605 2170 791 2212 Quintilian.
820 2171 852 2213 1,
879 2172 920 2212 4,
949 2172 1000 2204 13.
1052 2170 1134 2203 Nam
1163 2176 1196 2202 ut
1228 2168 1350 2203 Valesii
1377 2176 1410 2203 et
1434 2169 1530 2204 Fusii
1554 2172 1586 2204 in
1619 2169 1773 2205 Valerios

154 2216 344 2262 Furiosque
371 2225 559 2259 venerunt,
585 2219 628 2251 ita
655 2219 760 2258 arbos,
788 2218 887 2259 labos,
914 2229 1013 2262 rapas
1040 2219 1140 2250 etiam
1168 2223 1202 2251 et
1227 2217 1349 2251 clamos
1376 2228 1415 2250 ac.
1442 2217 1527 2251 lases
1552 2220 1670 2252 aetatis
1695 2219 1774 2252 fue-

155 2270 246 2298 runt.
297 2263 486 2298 Schneider
513 2265 580 2299 Lat.
610 2264 664 2299 Gr.
690 2265 713 2298 1.
744 2266 775 2300 S.
803 2265 880 2299 342.

273 2309 336 2354 24)
363 2312 556 2353 Quintilian.
583 2312 616 2355 1,
643 2314 676 2355 7,
703 2314 733 2347 7.
785 2313 909 2355 Quaeri
935 2312 1040 2354 solet,
1068 2313 1098 2345 in
1126 2311 1306 2345 scribendo
1332 2313 1615 2356 praepositiones,
1643 2324 1774 2356 sonum,

153 2370 253 2404 quem
282 2360 415 2394 iunctae
442 2360 613 2402 efficiunt,
652 2372 692 2393 an
728 2372 828 2406 quem
862 2366 1041 2404 separatae
1067 2359 1253 2393 observare
1279 2361 1476 2401 convenia13
1515 2366 1550 2394 ut
1585 2372 1660 2394 cum
1696 2362 1773 2395 dico

152 2406 290 2440 obtinuit
315 2404 515 2449 (secundam
543 2410 632 2442 enim
660 2408 685 2441 B
712 2408 843 2441 literam
871 2409 956 2440 ratio
982 2409 1104 2450 poscit,
1130 2417 1228 2440 aures
1255 2409 1362 2451 magis
1388 2407 1525 2440 audiunt
1551 2406 1613 2450 Ρ;)
1648 2414 1681 2442 et
1706 2409 1773 2442 im-

152 2454 263 2488 munis
289 2452 387 2496 (illud
415 2457 503 2489 enim
529 2456 619 2500 quod
648 2457 770 2488 veritas
797 2457 913 2496 exigit,
941 2456 1113 2499 sequentis
1140 2454 1292 2497 syllabae
1319 2465 1403 2488 sono
1424 2456 1551 2488 victum
1578 2456 1609 2489 M
1635 2458 1773 2498 gemina

153 2500 330 2543 mutatur).
382 2502 560 2536 Genauere
588 2503 861 2547 Bestimmungen
890 2502 973 2535 iiber
1000 2502 1055 2534 die
1081 2502 1329 2545 Veranderung
1354 2503 1414 2535 der
1439 2501 1695 2546 Prapositionen
1715 2503 1773 2537 bei

153 2549 548 2594 Zusammensetzungen
576 2550 649 2584 sind
678 2561 740 2583 nur
768 2549 872 2582 durch
901 2548 1169 2582 ausfiihrlichere
1194 2549 1496 2593 Nachweisungen
1524 2551 1567 2582 im
1586 2550 1772 2584 Einzelnen

152 2596 311 2640 mogtich.
373 2598 541 2631 Hieriiber
584 2597 720 2631 handelt
762 2608 873 2641 genau
907 2596 974 2629 und
1010 2598 1068 2630 mit
1102 2595 1432 2641 Beriicksichtigung
1472 2597 1532 2629 der
1570 2597 1771 2632 Inschriften

153 2643 341 2678 Schneider
373 2644 441 2679 Lat.
477 2645 531 2679 Gr.
566 2645 589 2678 1.
624 2644 655 2677 S.
691 2645 887 2678 515—660.
946 2642 1110 2685 Obgleich
1138 2644 1198 2677 das
1223 2644 1358 2687 Princip
1386 2645 1445 2677 der
1474 2644 1698 2678 Assimilation
1724 2648 1771 2680 im

153 2690 388 2735 Attgemeinen
416 2696 531 2737 spater
556 2694 675 2725 iinmer
701 2693 796 2725 mehr
822 2691 1053 2733 vorherrscht‚
1080 2701 1117 2724 so
1143 2691 1225 2734 geht
1251 2691 1338 2724 doch
1365 2691 1476 2724 Maffei
1502 2691 1567 2724 Ars
1595 2694 1668 2727 crit.
1687 2691 1769 2737 Cap.

153 2749 187 2781 p.
213 2739 281 2772 208
306 2751 347 2773 zu
375 2742 476 2782 weit,
503 2739 657 2774 welcher
684 2739 738 2772 die
762 2739 920 2772 Echtheit
946 2739 1040 2772 einer
1066 2737 1225 2771 Inschrift
1251 2749 1374 2782 wegen
1401 2738 1551 2772 Allectus
1586 2737 1681 2782 (statt
1705 2740 1770 2774 ad-

154 2784 281 2829 lectus)
307 2787 525 2830 anzweifelt‚
562 2797 732 2832 wogegen
759 2786 875 2819 Marini
903 2786 970 2819 Ait.
998 2796 1070 2820 arv.
1098 2785 1214 2819 Indice
1240 2787 1390 2819 univers.
1416 2797 1442 2820 s,
1468 2797 1501 2822 V.
1526 2786 1674 2822 adlectus
1697 2788 1770 2823 siclt

155 2833 333 2925 erklar35)
359 2881 541 2924 Quintilian
567 2892 595 2916 a.
623 2893 650 2916 a.
678 2879 716 2916 0.
767 2880 955 2915 Schneider
978 2880 1049 2915 Lat.
1075 2878 1129 2914 Gr.
1156 2880 1180 2914 Ι.
1207 2879 1238 2915 S.
1265 2880 1344 2915 218.

241 2973 260 2990 b

1803 1623 1822 1645 b
