<?xml version="1.0" encoding="UTF-8"?>
<!DOCTYPE html PUBLIC "-//W3C//DTD XHTML 1.0 Transitional//EN"
    "http://www.w3.org/TR/xhtml1/DTD/xhtml1-transitional.dtd">
<html xmlns="http://www.w3.org/1999/xhtml" xml:lang="en" lang="en">
 <head>
  <title>
</title>
<meta http-equiv="Content-Type" content="text/html;charset=utf-8" />
  <meta name='ocr-system' content='tesseract 3.04.00' />
  <meta name='ocr-capabilities' content='ocr_page ocr_carea ocr_par ocr_line ocrx_word'/>
</head>
<body>
  <div class='ocr_page' id='page_1' title='image "./handbuchderrmi0103zelluoft_0314.png"; bbox 0 0 1877 3313; ppageno 0'>
   <div class='ocr_carea' id='block_1_1' title="bbox 87 155 1246 206">
    <p class='ocr_par' dir='ltr' id='par_1_1' title="bbox 87 155 1246 206">
     <span class='ocr_line' id='line_1_1' title="bbox 87 155 1246 206; baseline -0.013 0"><span class='ocrx_word' id='word_1_1' title='bbox 87 162 174 206; x_wconf 78' lang='grc'>294</span> <span class='ocrx_word' id='word_1_2' title='bbox 533 157 637 193; x_wconf 75' lang='lat' dir='ltr'>laser.</span> <span class='ocrx_word' id='word_1_3' title='bbox 663 157 838 202; x_wconf 80' lang='lat' dir='ltr'>profanae.</span> <span class='ocrx_word' id='word_1_4' title='bbox 887 155 970 203; x_wconf 85' lang='lat' dir='ltr'>Cap.</span> <span class='ocrx_word' id='word_1_5' title='bbox 998 156 1039 192; x_wconf 85' lang='grc' dir='ltr'>ΙΙ.</span> <span class='ocrx_word' id='word_1_6' title='bbox 1087 156 1246 191; x_wconf 83' lang='lat' dir='ltr'>Tabulae.</span> 
     </span>
    </p>
   </div>
   <div class='ocr_carea' id='block_1_2' title="bbox 86 263 1686 367">
    <p class='ocr_par' dir='ltr' id='par_1_2' title="bbox 86 263 1686 367">
     <span class='ocr_line' id='line_1_2' title="bbox 86 263 1686 320; baseline -0.001 -11"><span class='ocrx_word' id='word_1_7' title='bbox 86 267 206 309; x_wconf 86' lang='lat' dir='ltr'>fvtvri</span> <span class='ocrx_word' id='word_1_8' title='bbox 235 265 383 318; x_wconf 85' lang='lat' dir='ltr'>aliqvas</span> <span class='ocrx_word' id='word_1_9' title='bbox 414 269 549 320; x_wconf 86' lang='lat' dir='ltr'>partes</span> <span class='ocrx_word' id='word_1_10' title='bbox 579 277 713 306; x_wconf 88' lang='lat' dir='ltr'>earvm</span> <span class='ocrx_word' id='word_1_11' title='bbox 743 264 989 317; x_wconf 82' lang='lat' dir='ltr'><strong>mutaverint,</strong></span> <span class='ocrx_word' id='word_1_12' title='bbox 1022 263 1112 306; x_wconf 89' lang='lat' dir='ltr'>dum</span> <span class='ocrx_word' id='word_1_13' title='bbox 1145 276 1224 306; x_wconf 91' lang='lat' dir='ltr'>non</span> <span class='ocrx_word' id='word_1_14' title='bbox 1256 263 1537 319; x_wconf 72' lang='lat' dir='ltr'>negotiationis</span> <span class='ocrx_word' id='word_1_15' title='bbox 1567 276 1686 307; x_wconf 86' lang='lat' dir='ltr'>cavsa</span> 
     </span>
     <span class='ocr_line' id='line_1_3' title="bbox 86 324 573 367; baseline -0.006 0"><span class='ocrx_word' id='word_1_16' title='bbox 86 326 127 367; x_wconf 91' lang='lat' dir='ltr'>id</span> <span class='ocrx_word' id='word_1_17' title='bbox 156 325 301 366; x_wconf 88' lang='lat' dir='ltr'>factum</span> <span class='ocrx_word' id='word_1_18' title='bbox 331 324 573 365; x_wconf 79' lang='lat' dir='ltr'>censuerint.</span> 
     </span>
    </p>
   </div>
   <div class='ocr_carea' id='block_1_3' title="bbox 223 380 1002 493">
    <p class='ocr_par' dir='ltr' id='par_1_3' title="bbox 223 380 1002 493">
     <span class='ocr_line' id='line_1_4' title="bbox 223 380 1002 425; baseline -0.004 -1"><span class='ocrx_word' id='word_1_19' title='bbox 223 384 264 425; x_wconf 91' lang='lat' dir='ltr'>ln</span> <span class='ocrx_word' id='word_1_20' title='bbox 295 387 437 424; x_wconf 88' lang='lat' dir='ltr'>senatv</span> <span class='ocrx_word' id='word_1_21' title='bbox 467 381 624 423; x_wconf 86' lang='lat' dir='ltr'>fvervnt</span> <span class='ocrx_word' id='word_1_22' title='bbox 655 382 762 423; x_wconf 87' lang='lat' dir='ltr'>CCC.</span> <span class='ocrx_word' id='word_1_23' title='bbox 796 380 1002 423; x_wconf 89' lang='lat' dir='ltr'>LXXXIII.</span> 
     </span>
     <span class='ocr_line' id='line_1_5' title="bbox 863 453 906 493; baseline -0.023 0"><span class='ocrx_word' id='word_1_24' title='bbox 863 453 906 493; x_wconf 90' lang='lat' dir='ltr'>Il.</span> 
     </span>
    </p>
   </div>
   <div class='ocr_carea' id='block_1_4' title="bbox 85 520 1692 1394">
    <p class='ocr_par' dir='ltr' id='par_1_4' title="bbox 226 520 1310 573">
     <span class='ocr_line' id='line_1_6' title="bbox 226 520 1310 573; baseline 0 -10"><span class='ocrx_word' id='word_1_25' title='bbox 226 522 391 565; x_wconf 87' lang='lat' dir='ltr'>Volvsio</span> <span class='ocrx_word' id='word_1_26' title='bbox 423 523 463 564; x_wconf 92' lang='lat' dir='ltr'>P.</span> <span class='ocrx_word' id='word_1_27' title='bbox 498 522 681 564; x_wconf 88' lang='lat' dir='ltr'>Cornelio</span> <span class='ocrx_word' id='word_1_28' title='bbox 714 522 806 573; x_wconf 82' lang='lat' dir='ltr'>Cos,</span> <span class='ocrx_word' id='word_1_29' title='bbox 837 521 887 562; x_wconf 92' lang='lat' dir='ltr'>VI</span> <span class='ocrx_word' id='word_1_30' title='bbox 918 522 1019 564; x_wconf 90' lang='lat' dir='ltr'>Non.</span> <span class='ocrx_word' id='word_1_31' title='bbox 1051 522 1164 563; x_wconf 87' lang='lat' dir='ltr'>Mart.</span> <span class='ocrx_word' id='word_1_32' title='bbox 1197 521 1236 563; x_wconf 90' lang='lat' dir='ltr'>S.</span> <span class='ocrx_word' id='word_1_33' title='bbox 1271 520 1310 563; x_wconf 91' lang='lat' dir='ltr'>C.</span> 
     </span>
    </p>

    <p class='ocr_par' dir='ltr' id='par_1_5' title="bbox 85 580 1689 693">
     <span class='ocr_line' id='line_1_7' title="bbox 229 580 1689 634; baseline -0.001 -13"><span class='ocrx_word' id='word_1_34' title='bbox 229 580 422 633; x_wconf 83' lang='lat' dir='ltr'>Qvodqve</span> <span class='ocrx_word' id='word_1_35' title='bbox 453 580 637 622; x_wconf 91' lang='lat' dir='ltr'>Volvsivs</span> <span class='ocrx_word' id='word_1_36' title='bbox 669 581 708 621; x_wconf 91' lang='lat' dir='ltr'>P.</span> <span class='ocrx_word' id='word_1_37' title='bbox 741 581 948 622; x_wconf 86' lang='lat' dir='ltr'>Cornelivs</span> <span class='ocrx_word' id='word_1_38' title='bbox 979 581 1102 622; x_wconf 88' lang='lat' dir='ltr'>verba</span> <span class='ocrx_word' id='word_1_39' title='bbox 1134 580 1316 622; x_wconf 85' lang='lat' dir='ltr'>fecervnt</span> <span class='ocrx_word' id='word_1_40' title='bbox 1349 580 1397 620; x_wconf 90' lang='lat' dir='ltr'>de</span> <span class='ocrx_word' id='word_1_41' title='bbox 1428 580 1689 634; x_wconf 89' lang='lat' dir='ltr'>postvlatione</span> 
     </span>
     <span class='ocr_line' id='line_1_8' title="bbox 85 636 1687 693; baseline -0.002 -12"><span class='ocrx_word' id='word_1_42' title='bbox 85 640 404 682; x_wconf 85' lang='lat' dir='ltr'>necessariorvm</span> <span class='ocrx_word' id='word_1_43' title='bbox 446 636 674 681; x_wconf 83' lang='lat' dir='ltr'>Alliatoriae</span> <span class='ocrx_word' id='word_1_44' title='bbox 709 639 891 680; x_wconf 89' lang='lat' dir='ltr'>Celsiliae</span> <span class='ocrx_word' id='word_1_45' title='bbox 924 650 958 690; x_wconf 86' lang='lat' dir='ltr'>q.</span> <span class='ocrx_word' id='word_1_46' title='bbox 992 639 1028 680; x_wconf 88' lang='lat' dir='ltr'>d.</span> <span class='ocrx_word' id='word_1_47' title='bbox 1062 652 1095 680; x_wconf 92' lang='lat' dir='ltr'>e.</span> <span class='ocrx_word' id='word_1_48' title='bbox 1129 652 1161 679; x_wconf 86' lang='lat' dir='ltr'>r.</span> <span class='ocrx_word' id='word_1_49' title='bbox 1204 638 1230 678; x_wconf 87' lang='lat' dir='ltr'>f.</span> <span class='ocrx_word' id='word_1_50' title='bbox 1264 652 1300 692; x_wconf 88' lang='lat' dir='ltr'>p.</span> <span class='ocrx_word' id='word_1_51' title='bbox 1334 638 1370 679; x_wconf 89' lang='lat' dir='ltr'>d.</span> <span class='ocrx_word' id='word_1_52' title='bbox 1404 650 1439 678; x_wconf 90' lang='lat' dir='ltr'>e.</span> <span class='ocrx_word' id='word_1_53' title='bbox 1472 651 1504 679; x_wconf 91' lang='lat' dir='ltr'>r.</span> <span class='ocrx_word' id='word_1_54' title='bbox 1538 639 1562 679; x_wconf 94' lang='lat' dir='ltr'>i.</span> <span class='ocrx_word' id='word_1_55' title='bbox 1597 651 1631 679; x_wconf 91' lang='lat' dir='ltr'>c.</span> <span class='ocrx_word' id='word_1_56' title='bbox 1652 636 1687 693; x_wconf 85' lang='lat'>¹)</span> 
     </span>
    </p>

    <p class='ocr_par' dir='ltr' id='par_1_6' title="bbox 85 697 1692 1394">
     <span class='ocr_line' id='line_1_9' title="bbox 226 697 1689 751; baseline -0.001 -12"><span class='ocrx_word' id='word_1_57' title='bbox 226 698 323 739; x_wconf 90' lang='lat' dir='ltr'>Cvm</span> <span class='ocrx_word' id='word_1_58' title='bbox 354 710 385 739; x_wconf 91' lang='lat' dir='ltr'>s.</span> <span class='ocrx_word' id='word_1_59' title='bbox 419 711 453 739; x_wconf 87' lang='lat' dir='ltr'>c.</span> <span class='ocrx_word' id='word_1_60' title='bbox 487 697 590 749; x_wconf 84' lang='lat' dir='ltr'>qvod</span> <span class='ocrx_word' id='word_1_61' title='bbox 621 697 767 738; x_wconf 85' lang='lat' dir='ltr'>factvm</span> <span class='ocrx_word' id='word_1_62' title='bbox 799 703 861 738; x_wconf 91' lang='lat' dir='ltr'>est</span> <span class='ocrx_word' id='word_1_63' title='bbox 893 697 1054 739; x_wconf 91' lang='lat' dir='ltr'>Hosidio</span> <span class='ocrx_word' id='word_1_64' title='bbox 1079 697 1175 738; x_wconf 89' lang='lat' dir='ltr'>Geta</span> <span class='ocrx_word' id='word_1_65' title='bbox 1206 697 1247 737; x_wconf 95' lang='lat' dir='ltr'>L.</span> <span class='ocrx_word' id='word_1_66' title='bbox 1281 697 1457 751; x_wconf 84' lang='lat' dir='ltr'>Vagellio</span> <span class='ocrx_word' id='word_1_67' title='bbox 1481 697 1571 738; x_wconf 91' lang='lat' dir='ltr'>Cos.</span> <span class='ocrx_word' id='word_1_68' title='bbox 1605 697 1689 738; x_wconf 89' lang='lat' dir='ltr'>cla-</span> 
     </span>
     <span class='ocr_line' id='line_1_10' title="bbox 85 755 1689 798; baseline -0.002 0"><span class='ocrx_word' id='word_1_69' title='bbox 85 756 251 798; x_wconf 87' lang='lat' dir='ltr'>rissimis</span> <span class='ocrx_word' id='word_1_70' title='bbox 291 757 386 797; x_wconf 66' lang='lat' dir='ltr'>VIris</span> <span class='ocrx_word' id='word_1_71' title='bbox 428 761 518 796; x_wconf 88' lang='lat' dir='ltr'>ante</span> <span class='ocrx_word' id='word_1_72' title='bbox 549 770 588 796; x_wconf 85' lang='lat' dir='ltr'>x.</span> <span class='ocrx_word' id='word_1_73' title='bbox 621 756 658 796; x_wconf 84' lang='lat' dir='ltr'>k.</span> <span class='ocrx_word' id='word_1_74' title='bbox 699 761 775 797; x_wconf 88' lang='lat' dir='ltr'>oct.</span> <span class='ocrx_word' id='word_1_75' title='bbox 817 761 977 796; x_wconf 83' lang='lat' dir='ltr'>avctore</span> <span class='ocrx_word' id='word_1_76' title='bbox 1018 755 1053 796; x_wconf 92' lang='lat' dir='ltr'>d.</span> <span class='ocrx_word' id='word_1_77' title='bbox 1097 755 1254 797; x_wconf 79' lang='lat' dir='ltr'>Clavdio</span> <span class='ocrx_word' id='word_1_78' title='bbox 1296 760 1449 796; x_wconf 82' lang='lat' dir='ltr'>cavtvm</span> <span class='ocrx_word' id='word_1_79' title='bbox 1490 759 1598 796; x_wconf 87' lang='lat' dir='ltr'>esset</span> <span class='ocrx_word' id='word_1_80' title='bbox 1638 767 1689 795; x_wconf 90' lang='lat' dir='ltr'>ne</span> 
     </span>
     <span class='ocr_line' id='line_1_11' title="bbox 87 814 1689 868; baseline -0.001 -12"><span class='ocrx_word' id='word_1_81' title='bbox 87 816 174 867; x_wconf 83' lang='lat' dir='ltr'>qvis</span> <span class='ocrx_word' id='word_1_82' title='bbox 206 815 362 856; x_wconf 89' lang='lat' dir='ltr'>domvm</span> <span class='ocrx_word' id='word_1_83' title='bbox 394 814 573 855; x_wconf 82' lang='lat' dir='ltr'>villamve</span> <span class='ocrx_word' id='word_1_84' title='bbox 604 814 780 855; x_wconf 79' lang='lat' dir='ltr'>dirueret</span> <span class='ocrx_word' id='word_1_85' title='bbox 811 814 914 865; x_wconf 84' lang='lat' dir='ltr'>quod</span> <span class='ocrx_word' id='word_1_86' title='bbox 947 814 1019 855; x_wconf 89' lang='lat' dir='ltr'>sibi</span> <span class='ocrx_word' id='word_1_87' title='bbox 1051 814 1287 865; x_wconf 64' lang='lat' dir='ltr'>adm-neret,</span> <span class='ocrx_word' id='word_1_88' title='bbox 1319 826 1420 854; x_wconf 84' lang='lat' dir='ltr'>neve</span> <span class='ocrx_word' id='word_1_89' title='bbox 1449 814 1534 864; x_wconf 86' lang='lat' dir='ltr'>quis</span> <span class='ocrx_word' id='word_1_90' title='bbox 1557 826 1689 868; x_wconf 82' lang='lat' dir='ltr'>nego-</span> 
     </span>
     <span class='ocr_line' id='line_1_12' title="bbox 85 872 1689 926; baseline -0.001 -12"><span class='ocrx_word' id='word_1_91' title='bbox 85 872 207 915; x_wconf 81' lang='lat' dir='ltr'>tiandi</span> <span class='ocrx_word' id='word_1_92' title='bbox 238 886 356 914; x_wconf 86' lang='lat' dir='ltr'>cavsa</span> <span class='ocrx_word' id='word_1_93' title='bbox 387 886 523 914; x_wconf 88' lang='lat' dir='ltr'>eorvm</span> <span class='ocrx_word' id='word_1_94' title='bbox 554 873 644 924; x_wconf 76' lang='lat' dir='ltr'>qvid</span> <span class='ocrx_word' id='word_1_95' title='bbox 676 877 826 912; x_wconf 87' lang='lat' dir='ltr'>emeret</span> <span class='ocrx_word' id='word_1_96' title='bbox 856 873 1121 921; x_wconf 79' lang='lat' dir='ltr'>venderetve,</span> <span class='ocrx_word' id='word_1_97' title='bbox 1164 884 1368 926; x_wconf 77' lang='lat' dir='ltr'>poenaqve</span> <span class='ocrx_word' id='word_1_98' title='bbox 1400 873 1438 912; x_wconf 93' lang='lat' dir='ltr'>in</span> <span class='ocrx_word' id='word_1_99' title='bbox 1472 878 1689 925; x_wconf 77' lang='lat' dir='ltr'>emptorem</span> 
     </span>
     <span class='ocr_line' id='line_1_13' title="bbox 87 927 1689 985; baseline -0.001 -13"><span class='ocrx_word' id='word_1_100' title='bbox 87 933 151 984; x_wconf 89' lang='lat' dir='ltr'>qvi</span> <span class='ocrx_word' id='word_1_101' title='bbox 183 931 372 973; x_wconf 76' lang='lat' dir='ltr'>adversvs</span> <span class='ocrx_word' id='word_1_102' title='bbox 404 931 442 972; x_wconf 93' lang='lat' dir='ltr'>id</span> <span class='ocrx_word' id='word_1_103' title='bbox 473 944 504 972; x_wconf 91' lang='lat' dir='ltr'>s.</span> <span class='ocrx_word' id='word_1_104' title='bbox 537 944 570 971; x_wconf 86' lang='lat' dir='ltr'>e.</span> <span class='ocrx_word' id='word_1_105' title='bbox 602 930 764 972; x_wconf 82' lang='lat' dir='ltr'>fecisset</span> <span class='ocrx_word' id='word_1_106' title='bbox 796 931 1007 971; x_wconf 87' lang='lat' dir='ltr'>constituta</span> <span class='ocrx_word' id='word_1_107' title='bbox 1039 935 1147 971; x_wconf 85' lang='lat' dir='ltr'>esset</span> <span class='ocrx_word' id='word_1_108' title='bbox 1177 933 1228 970; x_wconf 91' lang='lat' dir='ltr'>ita</span> <span class='ocrx_word' id='word_1_109' title='bbox 1260 930 1335 970; x_wconf 81' lang='lat' dir='ltr'>vel.</span> <span class='ocrx_word' id='word_1_110' title='bbox 1352 927 1392 985; x_wconf 83' lang='lat'>²)</span> <span class='ocrx_word' id='word_1_111' title='bbox 1426 931 1458 970; x_wconf 90' lang='lat' dir='ltr'>is</span> <span class='ocrx_word' id='word_1_112' title='bbox 1481 932 1547 981; x_wconf 88' lang='lat' dir='ltr'>qui</span> <span class='ocrx_word' id='word_1_113' title='bbox 1574 931 1689 981; x_wconf 79' lang='lat' dir='ltr'>qvie-</span> 
     </span>
     <span class='ocr_line' id='line_1_14' title="bbox 87 988 1688 1043; baseline -0.001 -12"><span class='ocrx_word' id='word_1_114' title='bbox 87 989 178 1042; x_wconf 84' lang='lat' dir='ltr'>qvid</span> <span class='ocrx_word' id='word_1_115' title='bbox 210 992 372 1031; x_wconf 81' lang='lat' dir='ltr'>emisset</span> <span class='ocrx_word' id='word_1_116' title='bbox 403 990 559 1043; x_wconf 84' lang='lat' dir='ltr'>dvplvm</span> <span class='ocrx_word' id='word_1_117' title='bbox 592 991 676 1029; x_wconf 83' lang='lat' dir='ltr'>eivs</span> <span class='ocrx_word' id='word_1_118' title='bbox 708 990 837 1039; x_wconf 84' lang='lat' dir='ltr'>qvanti</span> <span class='ocrx_word' id='word_1_119' title='bbox 879 989 1039 1028; x_wconf 84' lang='lat' dir='ltr'>emisset</span> <span class='ocrx_word' id='word_1_120' title='bbox 1069 991 1107 1029; x_wconf 90' lang='lat' dir='ltr'>in</span> <span class='ocrx_word' id='word_1_121' title='bbox 1149 989 1343 1029; x_wconf 86' lang='lat' dir='ltr'>aerarium</span> <span class='ocrx_word' id='word_1_122' title='bbox 1381 988 1518 1028; x_wconf 85' lang='lat' dir='ltr'>inferri</span> <span class='ocrx_word' id='word_1_123' title='bbox 1559 1002 1688 1043; x_wconf 82' lang='lat' dir='ltr'>eoge-</span> 
     </span>
     <span class='ocr_line' id='line_1_15' title="bbox 85 1046 1689 1099; baseline -0.002 -9"><span class='ocrx_word' id='word_1_124' title='bbox 85 1054 196 1090; x_wconf 88' lang='lat' dir='ltr'>retvr</span> <span class='ocrx_word' id='word_1_125' title='bbox 227 1053 267 1089; x_wconf 90' lang='lat' dir='ltr'>et</span> <span class='ocrx_word' id='word_1_126' title='bbox 298 1050 383 1090; x_wconf 91' lang='lat' dir='ltr'>eius</span> <span class='ocrx_word' id='word_1_127' title='bbox 414 1059 527 1099; x_wconf 85' lang='lat' dir='ltr'>qvam</span> <span class='ocrx_word' id='word_1_128' title='bbox 568 1047 809 1088; x_wconf 84' lang='lat' dir='ltr'>vendidisset</span> <span class='ocrx_word' id='word_1_129' title='bbox 840 1048 947 1087; x_wconf 85' lang='lat' dir='ltr'>irrita</span> <span class='ocrx_word' id='word_1_130' title='bbox 988 1046 1102 1086; x_wconf 84' lang='lat' dir='ltr'>fieret</span> <span class='ocrx_word' id='word_1_131' title='bbox 1143 1047 1341 1096; x_wconf 71' lang='lat' dir='ltr'>venditio,</span> <span class='ocrx_word' id='word_1_132' title='bbox 1384 1046 1433 1086; x_wconf 90' lang='lat' dir='ltr'>de</span> <span class='ocrx_word' id='word_1_133' title='bbox 1474 1047 1520 1086; x_wconf 93' lang='lat' dir='ltr'>iis</span> <span class='ocrx_word' id='word_1_134' title='bbox 1562 1052 1689 1087; x_wconf 78' lang='lat' dir='ltr'>avtem</span> 
     </span>
     <span class='ocr_line' id='line_1_16' title="bbox 86 1105 1690 1161; baseline -0.002 -13"><span class='ocrx_word' id='word_1_135' title='bbox 86 1107 152 1161; x_wconf 84' lang='lat' dir='ltr'>qvi</span> <span class='ocrx_word' id='word_1_136' title='bbox 182 1120 314 1148; x_wconf 86' lang='lat' dir='ltr'>rervm</span> <span class='ocrx_word' id='word_1_137' title='bbox 345 1119 503 1148; x_wconf 87' lang='lat' dir='ltr'>suarum</span> <span class='ocrx_word' id='word_1_138' title='bbox 536 1118 794 1159; x_wconf 86' lang='lat' dir='ltr'>possessores</span> <span class='ocrx_word' id='word_1_139' title='bbox 826 1105 946 1146; x_wconf 84' lang='lat' dir='ltr'>futuri</span> <span class='ocrx_word' id='word_1_140' title='bbox 979 1105 1125 1157; x_wconf 85' lang='lat' dir='ltr'>aliqvas</span> <span class='ocrx_word' id='word_1_141' title='bbox 1157 1111 1290 1158; x_wconf 85' lang='lat' dir='ltr'>partes</span> <span class='ocrx_word' id='word_1_142' title='bbox 1315 1117 1449 1145; x_wconf 88' lang='lat' dir='ltr'>earum</span> <span class='ocrx_word' id='word_1_143' title='bbox 1473 1109 1690 1145; x_wconf 85' lang='lat' dir='ltr'>mvtassent</span> 
     </span>
     <span class='ocr_line' id='line_1_17' title="bbox 86 1163 1692 1219; baseline -0.002 -13"><span class='ocrx_word' id='word_1_144' title='bbox 86 1165 298 1208; x_wconf 85' lang='lat' dir='ltr'>dvmmodo</span> <span class='ocrx_word' id='word_1_145' title='bbox 330 1178 409 1207; x_wconf 91' lang='lat' dir='ltr'>non</span> <span class='ocrx_word' id='word_1_146' title='bbox 440 1165 715 1219; x_wconf 78' lang='lat' dir='ltr'>negotiationis</span> <span class='ocrx_word' id='word_1_147' title='bbox 750 1176 865 1204; x_wconf 78' lang='lat' dir='ltr'>cavsa</span> <span class='ocrx_word' id='word_1_148' title='bbox 907 1168 1123 1204; x_wconf 84' lang='lat' dir='ltr'>mvtassent</span> <span class='ocrx_word' id='word_1_149' title='bbox 1165 1163 1257 1203; x_wconf 83' lang='lat' dir='ltr'>nihil</span> <span class='ocrx_word' id='word_1_150' title='bbox 1297 1167 1404 1203; x_wconf 87' lang='lat' dir='ltr'>esset</span> <span class='ocrx_word' id='word_1_151' title='bbox 1435 1167 1620 1204; x_wconf 86' lang='lat' dir='ltr'>novatvm</span> <span class='ocrx_word' id='word_1_152' title='bbox 1652 1168 1692 1204; x_wconf 89' lang='lat' dir='ltr'>et</span> 
     </span>
     <span class='ocr_line' id='line_1_18' title="bbox 85 1221 1690 1275; baseline -0.002 -10"><span class='ocrx_word' id='word_1_153' title='bbox 85 1225 305 1265; x_wconf 85' lang='lat' dir='ltr'>necessarii</span> <span class='ocrx_word' id='word_1_154' title='bbox 321 1223 548 1264; x_wconf 88' lang='lat' dir='ltr'>Alliatoriae</span> <span class='ocrx_word' id='word_1_155' title='bbox 573 1222 753 1263; x_wconf 88' lang='lat' dir='ltr'>Celsiliae</span> <span class='ocrx_word' id='word_1_156' title='bbox 775 1222 912 1263; x_wconf 78' lang='lat' dir='ltr'>vxoris</span> <span class='ocrx_word' id='word_1_157' title='bbox 937 1221 1045 1262; x_wconf 83' lang='lat' dir='ltr'>Attil.</span> <span class='ocrx_word' id='word_1_158' title='bbox 1067 1222 1233 1275; x_wconf 77' lang='lat' dir='ltr'>vaerei</span> <span class='ocrx_word' id='word_1_159' title='bbox 1259 1222 1495 1262; x_wconf 87' lang='lat' dir='ltr'>ornatissimi</span> <span class='ocrx_word' id='word_1_160' title='bbox 1517 1222 1590 1262; x_wconf 91' lang='lat' dir='ltr'>viri</span> <span class='ocrx_word' id='word_1_161' title='bbox 1612 1233 1690 1261; x_wconf 76' lang='lat' dir='ltr'>ex-</span> 
     </span>
     <span class='ocr_line' id='line_1_19' title="bbox 85 1279 1690 1336; baseline -0.002 -13"><span class='ocrx_word' id='word_1_162' title='bbox 85 1283 315 1336; x_wconf 87' lang='lat' dir='ltr'>posvissent</span> <span class='ocrx_word' id='word_1_163' title='bbox 344 1283 431 1323; x_wconf 79' lang='lat' dir='ltr'>livie</span> <span class='ocrx_word' id='word_1_164' title='bbox 453 1282 594 1332; x_wconf 90' lang='lat' dir='ltr'>ordini,</span> <span class='ocrx_word' id='word_1_165' title='bbox 624 1285 772 1334; x_wconf 86' lang='lat' dir='ltr'>patrem</span> <span class='ocrx_word' id='word_1_166' title='bbox 798 1281 884 1321; x_wconf 86' lang='lat' dir='ltr'>eius</span> <span class='ocrx_word' id='word_1_167' title='bbox 915 1280 1156 1321; x_wconf 75' lang='lat' dir='ltr'>Ailiatorivm</span> <span class='ocrx_word' id='word_1_168' title='bbox 1191 1280 1346 1320; x_wconf 75' lang='lat' dir='ltr'>Celsvm</span> <span class='ocrx_word' id='word_1_169' title='bbox 1378 1281 1523 1321; x_wconf 89' lang='lat' dir='ltr'>emisse</span> <span class='ocrx_word' id='word_1_170' title='bbox 1547 1279 1690 1321; x_wconf 87' lang='lat' dir='ltr'>fvndos</span> 
     </span>
     <span class='ocr_line' id='line_1_20' title="bbox 87 1336 1690 1394; baseline -0.002 -12"><span class='ocrx_word' id='word_1_171' title='bbox 87 1353 175 1382; x_wconf 84' lang='lat' dir='ltr'>cvm</span> <span class='ocrx_word' id='word_1_172' title='bbox 206 1341 393 1382; x_wconf 88' lang='lat' dir='ltr'>aedificiis</span> <span class='ocrx_word' id='word_1_173' title='bbox 425 1341 464 1381; x_wconf 90' lang='lat' dir='ltr'>in</span> <span class='ocrx_word' id='word_1_174' title='bbox 496 1341 663 1394; x_wconf 81' lang='lat' dir='ltr'>regione</span> <span class='ocrx_word' id='word_1_175' title='bbox 695 1336 961 1392; x_wconf 65' lang='lat' dir='ltr'>mvfinensiss)</span> <span class='ocrx_word' id='word_1_176' title='bbox 995 1340 1059 1391; x_wconf 79' lang='lat' dir='ltr'>qvi</span> <span class='ocrx_word' id='word_1_177' title='bbox 1092 1344 1327 1380; x_wconf 74' lang='lat' dir='ltr'>vocarentvr</span> <span class='ocrx_word' id='word_1_178' title='bbox 1358 1339 1483 1391; x_wconf 87' lang='lat' dir='ltr'>campi</span> <span class='ocrx_word' id='word_1_179' title='bbox 1515 1339 1637 1378; x_wconf 89' lang='lat' dir='ltr'>macri</span> <span class='ocrx_word' id='word_1_180' title='bbox 1652 1339 1690 1378; x_wconf 94' lang='lat' dir='ltr'>in</span> 
     </span>
    </p>
   </div>
   <div class='ocr_carea' id='block_1_5' title="bbox 87 1394 1735 1453">
    <p class='ocr_par' dir='ltr' id='par_1_7' title="bbox 87 1394 1735 1453">
     <span class='ocr_line' id='line_1_21' title="bbox 87 1394 1735 1453; baseline -0.001 -14"><span class='ocrx_word' id='word_1_181' title='bbox 87 1399 227 1453; x_wconf 90' lang='lat' dir='ltr'>qvibvs</span> <span class='ocrx_word' id='word_1_182' title='bbox 269 1399 368 1440; x_wconf 85' lang='lat' dir='ltr'>locis</span> <span class='ocrx_word' id='word_1_183' title='bbox 411 1403 608 1439; x_wconf 89' lang='lat' dir='ltr'>mercatvs</span> <span class='ocrx_word' id='word_1_184' title='bbox 653 1394 830 1451; x_wconf 87' lang='lat' dir='ltr'>[haberi]</span> <span class='ocrx_word' id='word_1_185' title='bbox 874 1398 1146 1450; x_wconf 81' lang='lat' dir='ltr'>svperioribvs</span> <span class='ocrx_word' id='word_1_186' title='bbox 1189 1398 1325 1438; x_wconf 77' lang='lat' dir='ltr'>solitvs</span> <span class='ocrx_word' id='word_1_187' title='bbox 1373 1402 1482 1437; x_wconf 81' lang='lat' dir='ltr'>esset</span> <span class='ocrx_word' id='word_1_188' title='bbox 1529 1402 1689 1450; x_wconf 85' lang='lat' dir='ltr'>tempo·</span> <span class='ocrx_word' id='word_1_189' title='bbox 1732 1434 1735 1438; x_wconf 80' lang='grc'>,</span> 
     </span>
    </p>
   </div>
   <div class='ocr_carea' id='block_1_6' title="bbox 86 1454 1694 2211">
    <p class='ocr_par' dir='ltr' id='par_1_8' title="bbox 86 1454 1693 1859">
     <span class='ocr_line' id='line_1_22' title="bbox 87 1454 1691 1510; baseline -0.002 -11"><span class='ocrx_word' id='word_1_190' title='bbox 87 1458 198 1499; x_wconf 90' lang='lat' dir='ltr'>ribvs</span> <span class='ocrx_word' id='word_1_191' title='bbox 229 1458 304 1498; x_wconf 89' lang='lat' dir='ltr'>iam</span> <span class='ocrx_word' id='word_1_192' title='bbox 335 1469 407 1510; x_wconf 86' lang='lat' dir='ltr'>per</span> <span class='ocrx_word' id='word_1_193' title='bbox 439 1456 595 1508; x_wconf 74' lang='lat' dir='ltr'>aliqvod</span> <span class='ocrx_word' id='word_1_194' title='bbox 627 1455 821 1496; x_wconf 88' lang='lat' dir='ltr'>dessisset</span> <span class='ocrx_word' id='word_1_195' title='bbox 852 1454 1068 1509; x_wconf 56' lang='lat' dir='ltr'>haherffl),</span> <span class='ocrx_word' id='word_1_196' title='bbox 1101 1468 1226 1508; x_wconf 77' lang='lat' dir='ltr'>aeqve</span> <span class='ocrx_word' id='word_1_197' title='bbox 1257 1454 1432 1496; x_wconf 83' lang='lat' dir='ltr'>aedificia</span> <span class='ocrx_word' id='word_1_198' title='bbox 1464 1454 1583 1509; x_wconf 86' lang='lat' dir='ltr'>longa</span> <span class='ocrx_word' id='word_1_199' title='bbox 1613 1468 1691 1495; x_wconf 68' lang='lat' dir='ltr'>ve-</span> 
     </span>
     <span class='ocr_line' id='line_1_23' title="bbox 88 1513 1690 1567; baseline -0.002 -11"><span class='ocrx_word' id='word_1_200' title='bbox 88 1520 240 1557; x_wconf 80' lang='lat' dir='ltr'>tvstate</span> <span class='ocrx_word' id='word_1_201' title='bbox 272 1515 563 1565; x_wconf 82' lang='lat' dir='ltr'>dilaberentvr,</span> <span class='ocrx_word' id='word_1_202' title='bbox 605 1526 734 1566; x_wconf 84' lang='lat' dir='ltr'>neqve</span> <span class='ocrx_word' id='word_1_203' title='bbox 775 1513 925 1554; x_wconf 85' lang='lat' dir='ltr'>refacta</span> <span class='ocrx_word' id='word_1_204' title='bbox 956 1515 1042 1554; x_wconf 85' lang='lat' dir='ltr'>vsvi</span> <span class='ocrx_word' id='word_1_205' title='bbox 1084 1519 1222 1555; x_wconf 90' lang='lat' dir='ltr'>essent</span> <span class='ocrx_word' id='word_1_206' title='bbox 1261 1513 1387 1554; x_wconf 79' lang='lat' dir='ltr'>fvtvra</span> <span class='ocrx_word' id='word_1_207' title='bbox 1430 1515 1518 1566; x_wconf 87' lang='lat' dir='ltr'>qvia</span> <span class='ocrx_word' id='word_1_208' title='bbox 1561 1526 1690 1567; x_wconf 89' lang='lat' dir='ltr'>neqve</span> 
     </span>
     <span class='ocr_line' id='line_1_24' title="bbox 86 1569 1691 1627; baseline -0.002 -12"><span class='ocrx_word' id='word_1_209' title='bbox 86 1574 286 1615; x_wconf 82' lang='lat' dir='ltr'>habitaret</span> <span class='ocrx_word' id='word_1_210' title='bbox 315 1575 354 1614; x_wconf 93' lang='lat' dir='ltr'>in</span> <span class='ocrx_word' id='word_1_211' title='bbox 385 1574 432 1614; x_wconf 86' lang='lat' dir='ltr'>iis</span> <span class='ocrx_word' id='word_1_212' title='bbox 465 1574 666 1626; x_wconf 72' lang='lat' dir='ltr'>qvisqvam</span> <span class='ocrx_word' id='word_1_213' title='bbox 698 1584 774 1613; x_wconf 87' lang='lat' dir='ltr'>nec</span> <span class='ocrx_word' id='word_1_214' title='bbox 804 1572 924 1612; x_wconf 83' lang='lat' dir='ltr'>vellet</span> <span class='ocrx_word' id='word_1_215' title='bbox 955 1574 993 1612; x_wconf 90' lang='lat' dir='ltr'>in</span> <span class='ocrx_word' id='word_1_216' title='bbox 1025 1572 1184 1613; x_wconf 87' lang='lat' dir='ltr'>deserta</span> <span class='ocrx_word' id='word_1_217' title='bbox 1216 1569 1450 1627; x_wconf 80' lang='lat' dir='ltr'>crventia5)</span> <span class='ocrx_word' id='word_1_218' title='bbox 1493 1573 1691 1626; x_wconf 87' lang='lat' dir='ltr'>commig-</span> 
     </span>
     <span class='ocr_line' id='line_1_25' title="bbox 87 1628 1692 1686; baseline -0.002 -12"><span class='ocrx_word' id='word_1_219' title='bbox 87 1645 198 1685; x_wconf 84' lang='lat' dir='ltr'>rare,</span> <span class='ocrx_word' id='word_1_220' title='bbox 228 1645 279 1673; x_wconf 89' lang='lat' dir='ltr'>ne</span> <span class='ocrx_word' id='word_1_221' title='bbox 301 1631 391 1685; x_wconf 89' lang='lat' dir='ltr'>qvid</span> <span class='ocrx_word' id='word_1_222' title='bbox 419 1628 598 1686; x_wconf 71' lang='lat' dir='ltr'>fravd.⁶]</span> <span class='ocrx_word' id='word_1_223' title='bbox 632 1631 774 1671; x_wconf 79' lang='lat' dir='ltr'>mvltae</span> <span class='ocrx_word' id='word_1_224' title='bbox 806 1643 997 1684; x_wconf 86' lang='lat' dir='ltr'>poenaeq.</span> <span class='ocrx_word' id='word_1_225' title='bbox 1030 1636 1138 1672; x_wconf 90' lang='lat' dir='ltr'>esset</span> <span class='ocrx_word' id='word_1_226' title='bbox 1171 1631 1349 1672; x_wconf 82' lang='lat' dir='ltr'>Celsiliae</span> <span class='ocrx_word' id='word_1_227' title='bbox 1382 1632 1415 1671; x_wconf 92' lang='lat' dir='ltr'>si</span> <span class='ocrx_word' id='word_1_228' title='bbox 1447 1643 1493 1670; x_wconf 87' lang='lat' dir='ltr'>ea</span> <span class='ocrx_word' id='word_1_229' title='bbox 1517 1629 1692 1671; x_wconf 86' lang='lat' dir='ltr'>aedificia</span> 
     </span>
     <span class='ocr_line' id='line_1_26' title="bbox 89 1688 1693 1743; baseline -0.002 -11"><span class='ocrx_word' id='word_1_230' title='bbox 89 1691 140 1732; x_wconf 90' lang='lat' dir='ltr'>de</span> <span class='ocrx_word' id='word_1_231' title='bbox 171 1691 309 1743; x_wconf 85' lang='lat' dir='ltr'>qvibvs</span> <span class='ocrx_word' id='word_1_232' title='bbox 350 1691 389 1730; x_wconf 93' lang='lat' dir='ltr'>in</span> <span class='ocrx_word' id='word_1_233' title='bbox 430 1689 504 1731; x_wconf 85' lang='lat' dir='ltr'>hoe</span> <span class='ocrx_word' id='word_1_234' title='bbox 546 1689 685 1730; x_wconf 85' lang='lat' dir='ltr'>ordine</span> <span class='ocrx_word' id='word_1_235' title='bbox 717 1694 842 1729; x_wconf 87' lang='lat' dir='ltr'>actvm</span> <span class='ocrx_word' id='word_1_236' title='bbox 885 1694 993 1729; x_wconf 87' lang='lat' dir='ltr'>esset</span> <span class='ocrx_word' id='word_1_237' title='bbox 1024 1694 1087 1729; x_wconf 60' lang='lat' dir='ltr'>art</span> <span class='ocrx_word' id='word_1_238' title='bbox 1128 1689 1313 1729; x_wconf 84' lang='lat' dir='ltr'>demolita</span> <span class='ocrx_word' id='word_1_239' title='bbox 1346 1688 1509 1730; x_wconf 77' lang='lat' dir='ltr'>svissent</span> <span class='ocrx_word' id='word_1_240' title='bbox 1551 1693 1613 1731; x_wconf 69' lang='lat' dir='ltr'>avt</span> <span class='ocrx_word' id='word_1_241' title='bbox 1646 1701 1693 1729; x_wconf 89' lang='lat' dir='ltr'>ea</span> 
     </span>
     <span class='ocr_line' id='line_1_27' title="bbox 88 1747 1693 1801; baseline -0.001 -11"><span class='ocrx_word' id='word_1_242' title='bbox 88 1749 316 1790; x_wconf 88' lang='lat' dir='ltr'>conditione</span> <span class='ocrx_word' id='word_1_243' title='bbox 347 1749 432 1789; x_wconf 88' lang='lat' dir='ltr'>sive</span> <span class='ocrx_word' id='word_1_244' title='bbox 463 1761 535 1801; x_wconf 89' lang='lat' dir='ltr'>per</span> <span class='ocrx_word' id='word_1_245' title='bbox 566 1760 611 1788; x_wconf 90' lang='lat' dir='ltr'>se</span> <span class='ocrx_word' id='word_1_246' title='bbox 653 1748 737 1788; x_wconf 78' lang='lat' dir='ltr'>sive</span> <span class='ocrx_word' id='word_1_247' title='bbox 770 1760 857 1788; x_wconf 80' lang='lat' dir='ltr'>evm</span> <span class='ocrx_word' id='word_1_248' title='bbox 889 1748 997 1800; x_wconf 82' lang='lat' dir='ltr'>agris</span> <span class='ocrx_word' id='word_1_249' title='bbox 1029 1747 1271 1789; x_wconf 71' lang='lat' dir='ltr'>vendidisset</span> <span class='ocrx_word' id='word_1_250' title='bbox 1303 1753 1368 1789; x_wconf 70' lang='lat' dir='ltr'>art</span> <span class='ocrx_word' id='word_1_251' title='bbox 1409 1748 1576 1801; x_wconf 88' lang='lat' dir='ltr'>emptori</span> <span class='ocrx_word' id='word_1_252' title='bbox 1607 1748 1693 1789; x_wconf 86' lang='lat' dir='ltr'>sine</span> 
     </span>
     <span class='ocr_line' id='line_1_28' title="bbox 87 1806 1077 1859; baseline -0.004 -10"><span class='ocrx_word' id='word_1_253' title='bbox 87 1807 226 1849; x_wconf 88' lang='lat' dir='ltr'>fravde</span> <span class='ocrx_word' id='word_1_254' title='bbox 257 1820 327 1848; x_wconf 92' lang='lat' dir='ltr'>sva</span> <span class='ocrx_word' id='word_1_255' title='bbox 359 1819 406 1847; x_wconf 91' lang='lat' dir='ltr'>ea</span> <span class='ocrx_word' id='word_1_256' title='bbox 437 1806 647 1847; x_wconf 87' lang='lat' dir='ltr'>destrvere</span> <span class='ocrx_word' id='word_1_257' title='bbox 679 1807 897 1859; x_wconf 83' lang='lat' dir='ltr'>tollereqve</span> <span class='ocrx_word' id='word_1_258' title='bbox 928 1806 1077 1846; x_wconf 84' lang='lat' dir='ltr'>liceret.</span> 
     </span>
    </p>

    <p class='ocr_par' dir='ltr' id='par_1_9' title="bbox 87 1862 1694 2211">
     <span class='ocr_line' id='line_1_29' title="bbox 228 1862 1694 1919; baseline -0.002 -12"><span class='ocrx_word' id='word_1_259' title='bbox 228 1866 270 1907; x_wconf 93' lang='lat' dir='ltr'>In</span> <span class='ocrx_word' id='word_1_260' title='bbox 301 1865 470 1906; x_wconf 88' lang='lat' dir='ltr'>fvtvrvm</span> <span class='ocrx_word' id='word_1_261' title='bbox 510 1869 638 1905; x_wconf 87' lang='lat' dir='ltr'>avtem</span> <span class='ocrx_word' id='word_1_262' title='bbox 670 1864 941 1906; x_wconf 86' lang='lat' dir='ltr'>admonendos</span> <span class='ocrx_word' id='word_1_263' title='bbox 983 1869 1164 1905; x_wconf 84' lang='lat' dir='ltr'>caeteros</span> <span class='ocrx_word' id='word_1_264' title='bbox 1197 1862 1344 1919; x_wconf 70' lang='lat' dir='ltr'>esse7)</span> <span class='ocrx_word' id='word_1_265' title='bbox 1376 1870 1417 1906; x_wconf 89' lang='lat' dir='ltr'>vt</span> <span class='ocrx_word' id='word_1_266' title='bbox 1448 1864 1694 1915; x_wconf 83' lang='lat' dir='ltr'>abstinerent</span> 
     </span>
     <span class='ocr_line' id='line_1_30' title="bbox 87 1922 1692 1978; baseline -0.002 -11"><span class='ocrx_word' id='word_1_267' title='bbox 87 1937 135 1968; x_wconf 89' lang='lat' dir='ltr'>se</span> <span class='ocrx_word' id='word_1_268' title='bbox 167 1937 190 1966; x_wconf 85' lang='lat' dir='ltr'>a</span> <span class='ocrx_word' id='word_1_269' title='bbox 220 1928 296 1964; x_wconf 90' lang='lat' dir='ltr'>tam</span> <span class='ocrx_word' id='word_1_270' title='bbox 328 1923 450 1965; x_wconf 90' lang='lat' dir='ltr'>foedo</span> <span class='ocrx_word' id='word_1_271' title='bbox 481 1935 634 1976; x_wconf 83' lang='lat' dir='ltr'>genere</span> <span class='ocrx_word' id='word_1_272' title='bbox 659 1924 915 1977; x_wconf 53' lang='lat' dir='ltr'>negotiation.</span> <span class='ocrx_word' id='word_1_273' title='bbox 946 1922 1021 1963; x_wconf 86' lang='lat' dir='ltr'>hoc</span> <span class='ocrx_word' id='word_1_274' title='bbox 1055 1923 1266 1976; x_wconf 81' lang='lat' dir='ltr'>praeeipve</span> <span class='ocrx_word' id='word_1_275' title='bbox 1289 1923 1447 1965; x_wconf 73' lang='lat' dir='ltr'>saecvlo</span> <span class='ocrx_word' id='word_1_276' title='bbox 1476 1936 1553 1978; x_wconf 74' lang='lat' dir='ltr'>qvo</span> <span class='ocrx_word' id='word_1_277' title='bbox 1575 1923 1692 1963; x_wconf 77' lang='lat' dir='ltr'>exci-</span> 
     </span>
     <span class='ocr_line' id='line_1_31' title="bbox 88 1977 1692 2035; baseline -0.002 -11"><span class='ocrx_word' id='word_1_278' title='bbox 88 1983 185 2035; x_wconf 77' lang='lat' dir='ltr'>tari,</span> <span class='ocrx_word' id='word_1_279' title='bbox 226 1982 389 2032; x_wconf 87' lang='lat' dir='ltr'>novari,</span> <span class='ocrx_word' id='word_1_280' title='bbox 437 1981 571 2022; x_wconf 87' lang='lat' dir='ltr'>ornari</span> <span class='ocrx_word' id='word_1_281' title='bbox 601 1977 695 2034; x_wconf 67' lang='lat' dir='ltr'>ins)</span> <span class='ocrx_word' id='word_1_282' title='bbox 741 1982 924 2022; x_wconf 78' lang='lat' dir='ltr'>vniversa</span> <span class='ocrx_word' id='word_1_283' title='bbox 967 1981 1104 2033; x_wconf 70' lang='lat' dir='ltr'>qvibvs</span> <span class='ocrx_word' id='word_1_284' title='bbox 1146 1981 1310 2023; x_wconf 80' lang='lat' dir='ltr'>felicitas</span> <span class='ocrx_word' id='word_1_285' title='bbox 1350 1982 1458 2022; x_wconf 86' lang='lat' dir='ltr'>orbis</span> <span class='ocrx_word' id='word_1_286' title='bbox 1501 1986 1692 2022; x_wconf 70' lang='lat' dir='ltr'>terrarvm</span> 
     </span>
     <span class='ocr_line' id='line_1_32' title="bbox 88 2036 1693 2096; baseline -0.002 -13"><span class='ocrx_word' id='word_1_287' title='bbox 88 2040 318 2096; x_wconf 88' lang='lat' dir='ltr'>splenderet</span> <span class='ocrx_word' id='word_1_288' title='bbox 347 2041 472 2094; x_wconf 84' lang='lat' dir='ltr'>magis</span> <span class='ocrx_word' id='word_1_289' title='bbox 506 2041 738 2090; x_wconf 86' lang='lat' dir='ltr'>convenire,</span> <span class='ocrx_word' id='word_1_290' title='bbox 770 2053 882 2093; x_wconf 78' lang='lat' dir='ltr'>qvam</span> <span class='ocrx_word' id='word_1_291' title='bbox 914 2040 1035 2080; x_wconf 90' lang='lat' dir='ltr'>rvinis</span> <span class='ocrx_word' id='word_1_292' title='bbox 1057 2038 1320 2081; x_wconf 80' lang='lat' dir='ltr'>aedificiorvm</span> <span class='ocrx_word' id='word_1_293' title='bbox 1344 2040 1456 2081; x_wconf 89' lang='lat' dir='ltr'>aliam</span> <span class='ocrx_word' id='word_1_294' title='bbox 1472 2036 1510 2094; x_wconf 83' lang='lat'>⁹)</span> <span class='ocrx_word' id='word_1_295' title='bbox 1543 2043 1693 2092; x_wconf 83' lang='lat' dir='ltr'>partem</span> 
     </span>
     <span class='ocr_line' id='line_1_33' title="bbox 90 2094 1693 2153; baseline -0.001 -12"><span class='ocrx_word' id='word_1_296' title='bbox 90 2099 308 2141; x_wconf 86' lang='lat' dir='ltr'>deformem</span> <span class='ocrx_word' id='word_1_297' title='bbox 344 2098 475 2139; x_wconf 89' lang='lat' dir='ltr'>Italiae</span> <span class='ocrx_word' id='word_1_298' title='bbox 519 2094 734 2153; x_wconf 87' lang='lat' dir='ltr'>[conspici]</span> <span class='ocrx_word' id='word_1_299' title='bbox 781 2104 819 2138; x_wconf 91' lang='lat' dir='ltr'>et</span> <span class='ocrx_word' id='word_1_300' title='bbox 862 2097 986 2138; x_wconf 78' lang='lat' dir='ltr'>adlivc</span> <span class='ocrx_word' id='word_1_301' title='bbox 1026 2098 1200 2138; x_wconf 87' lang='lat' dir='ltr'>retinere</span> <span class='ocrx_word' id='word_1_302' title='bbox 1251 2099 1423 2152; x_wconf 54' lang='lat' dir='ltr'>priori-m</span> <span class='ocrx_word' id='word_1_303' title='bbox 1474 2103 1693 2152; x_wconf 70' lang='lat' dir='ltr'>tempon-ni</span> 
     </span>
     <span class='ocr_line' id='line_1_34' title="bbox 89 2152 1519 2211; baseline -0.001 -12"><span class='ocrx_word' id='word_1_304' title='bbox 89 2159 143 2201; x_wconf 86' lang='lat' dir='ltr'>ita</span> <span class='ocrx_word' id='word_1_305' title='bbox 174 2163 215 2200; x_wconf 89' lang='lat' dir='ltr'>vt</span> <span class='ocrx_word' id='word_1_306' title='bbox 245 2157 445 2200; x_wconf 86' lang='lat' dir='ltr'>diceretvr</span> <span class='ocrx_word' id='word_1_307' title='bbox 476 2162 684 2198; x_wconf 75' lang='lat' dir='ltr'>senectvte</span> <span class='ocrx_word' id='word_1_308' title='bbox 717 2161 843 2198; x_wconf 84' lang='lat' dir='ltr'>actvm</span> <span class='ocrx_word' id='word_1_309' title='bbox 861 2187 962 2198; x_wconf 92' lang='grc'><strong><em>.....</em></strong></span> <span class='ocrx_word' id='word_1_310' title='bbox 982 2152 1039 2211; x_wconf 86' lang='lat'>¹⁰)</span> <span class='ocrx_word' id='word_1_311' title='bbox 1072 2169 1266 2197; x_wconf 69' lang='lat' dir='ltr'>censxere</span> <span class='ocrx_word' id='word_1_312' title='bbox 1298 2158 1334 2198; x_wconf 91' lang='lat' dir='ltr'>in</span> <span class='ocrx_word' id='word_1_313' title='bbox 1367 2161 1519 2198; x_wconf 81' lang='lat' dir='ltr'>senatv.</span> 
     </span>
    </p>
   </div>
   <div class='ocr_carea' id='block_1_7' title="bbox 168 2295 1625 2378">
    <p class='ocr_par' dir='ltr' id='par_1_10' title="bbox 168 2295 1625 2378">
     <span class='ocr_line' id='line_1_35' title="bbox 168 2295 1625 2378; baseline 0 -45"><span class='ocrx_word' id='word_1_314' title='bbox 168 2297 323 2333; x_wconf 82' lang='lat' dir='ltr'>Oratio</span> <span class='ocrx_word' id='word_1_315' title='bbox 357 2297 654 2343; x_wconf 84' lang='lat' dir='ltr'>Imperatoris</span> <span class='ocrx_word' id='word_1_316' title='bbox 689 2295 866 2378; x_wconf 56' lang='grc' dir='ltr'>Οἰέιυιᾱιξί</span> <span class='ocrx_word' id='word_1_317' title='bbox 900 2299 940 2378; x_wconf 74' lang='lat' dir='ltr'>idn</span> <span class='ocrx_word' id='word_1_318' title='bbox 974 2302 1129 2377; x_wconf 55' lang='lat' dir='ltr'>sgnatu</span> <span class='ocrx_word' id='word_1_319' title='bbox 1163 2295 1315 2330; x_wconf 89' lang='lat' dir='ltr'>habita</span> <span class='ocrx_word' id='word_1_320' title='bbox 1351 2296 1402 2330; x_wconf 88' lang='lat' dir='ltr'>de</span> <span class='ocrx_word' id='word_1_321' title='bbox 1436 2298 1625 2333; x_wconf 85' lang='lat' dir='ltr'>civitate</span> 
     </span>
     <span class='ocr_line' id='line_1_36' title="bbox 768 2355 1059 2378; baseline 0 0"><span class='ocrx_word' id='word_1_322' title='bbox 768 2355 786 2378; x_wconf 89' lang='lat' dir='ltr'>a</span> <span class='ocrx_word' id='word_1_323' title='bbox 840 2355 876 2378; x_wconf 82' lang='lat' dir='ltr'>is</span> <span class='ocrx_word' id='word_1_324' title='bbox 933 2355 979 2378; x_wconf 85' lang='lat' dir='ltr'>an</span> <span class='ocrx_word' id='word_1_325' title='bbox 1022 2355 1059 2378; x_wconf 89' lang='lat' dir='ltr'>a.</span> 
     </span>
    </p>
   </div>
   <div class='ocr_carea' id='block_1_8' title="bbox 91 2451 1693 2563">
    <p class='ocr_par' dir='ltr' id='par_1_11' title="bbox 91 2451 1693 2563">
     <span class='ocr_line' id='line_1_37' title="bbox 234 2451 1693 2500; baseline -0.001 -10"><span class='ocrx_word' id='word_1_326' title='bbox 234 2453 355 2491; x_wconf 81' lang='lat'>1693.</span> <span class='ocrx_word' id='word_1_327' title='bbox 416 2454 454 2490; x_wconf 94' lang='lat' dir='ltr'>In</span> <span class='ocrx_word' id='word_1_328' title='bbox 488 2453 622 2490; x_wconf 84' lang='lat' dir='ltr'>duabus</span> <span class='ocrx_word' id='word_1_329' title='bbox 654 2452 781 2490; x_wconf 83' lang='lat' dir='ltr'>tabulis</span> <span class='ocrx_word' id='word_1_330' title='bbox 825 2452 944 2489; x_wconf 86' lang='lat' dir='ltr'>aeneis</span> <span class='ocrx_word' id='word_1_331' title='bbox 975 2452 1136 2500; x_wconf 85' lang='lat' dir='ltr'>Lugduni</span> <span class='ocrx_word' id='word_1_332' title='bbox 1168 2451 1278 2488; x_wconf 86' lang='lat' dir='ltr'>erutis</span> <span class='ocrx_word' id='word_1_333' title='bbox 1310 2463 1401 2489; x_wconf 91' lang='lat' dir='ltr'>anno</span> <span class='ocrx_word' id='word_1_334' title='bbox 1439 2451 1572 2498; x_wconf 79' lang='lat'><strong>1528,</strong></span> <span class='ocrx_word' id='word_1_335' title='bbox 1603 2463 1693 2500; x_wconf 86' lang='lat' dir='ltr'>quae</span> 
     </span>
     <span class='ocr_line' id='line_1_38' title="bbox 91 2506 1693 2563; baseline -0.002 -13"><span class='ocrx_word' id='word_1_336' title='bbox 91 2511 273 2561; x_wconf 85' lang='lat' dir='ltr'>hodieque</span> <span class='ocrx_word' id='word_1_337' title='bbox 302 2511 433 2550; x_wconf 87' lang='lat' dir='ltr'>ibidem</span> <span class='ocrx_word' id='word_1_338' title='bbox 464 2512 497 2550; x_wconf 91' lang='lat' dir='ltr'>in</span> <span class='ocrx_word' id='word_1_339' title='bbox 529 2523 652 2550; x_wconf 85' lang='lat' dir='ltr'>museo</span> <span class='ocrx_word' id='word_1_340' title='bbox 685 2516 924 2549; x_wconf 84' lang='lat' dir='ltr'>asservantur.</span> <span class='ocrx_word' id='word_1_341' title='bbox 956 2511 1087 2548; x_wconf 88' lang='lat' dir='ltr'>Primus</span> <span class='ocrx_word' id='word_1_342' title='bbox 1120 2510 1232 2548; x_wconf 85' lang='lat' dir='ltr'>edidit</span> <span class='ocrx_word' id='word_1_343' title='bbox 1263 2511 1453 2548; x_wconf 83' lang='lat' dir='ltr'>Paradinus</span> <span class='ocrx_word' id='word_1_344' title='bbox 1482 2506 1693 2563; x_wconf 83' lang='lat' dir='ltr'>(Memoires</span> 
     </span>
    </p>
   </div>
   <div class='ocr_carea' id='block_1_9' title="bbox 101 2615 237 2620">
    <p class='ocr_par' dir='ltr' id='par_1_12' title="bbox 101 2615 237 2620">
     <span class='ocr_line' id='line_1_39' title="bbox 101 2615 237 2620; baseline 0 0"><span class='ocrx_word' id='word_1_345' title='bbox 101 2615 237 2620; x_wconf 95' lang='lat' dir='ltr'> </span> 
     </span>
    </p>
   </div>
   <div class='ocr_carea' id='block_1_10' title="bbox 91 2669 1695 2991">
    <p class='ocr_par' dir='ltr' id='par_1_13' title="bbox 91 2669 1695 2991">
     <span class='ocr_line' id='line_1_40' title="bbox 234 2669 1695 2719; baseline -0.003 -10"><span class='ocrx_word' id='word_1_346' title='bbox 234 2673 270 2718; x_wconf 88' lang='lat'>1)</span> <span class='ocrx_word' id='word_1_347' title='bbox 297 2674 384 2716; x_wconf 87' lang='lat' dir='ltr'>Quid</span> <span class='ocrx_word' id='word_1_348' title='bbox 410 2675 452 2708; x_wconf 89' lang='lat' dir='ltr'>de</span> <span class='ocrx_word' id='word_1_349' title='bbox 477 2685 516 2708; x_wconf 86' lang='lat' dir='ltr'>ea</span> <span class='ocrx_word' id='word_1_350' title='bbox 543 2685 580 2708; x_wconf 87' lang='lat' dir='ltr'>re</span> <span class='ocrx_word' id='word_1_351' title='bbox 604 2675 676 2708; x_wconf 81' lang='lat' dir='ltr'>fieri</span> <span class='ocrx_word' id='word_1_352' title='bbox 702 2675 865 2719; x_wconf 68' lang='lat' dir='ltr'>placeret,</span> <span class='ocrx_word' id='word_1_353' title='bbox 892 2673 934 2708; x_wconf 88' lang='lat' dir='ltr'>dc</span> <span class='ocrx_word' id='word_1_354' title='bbox 960 2685 999 2709; x_wconf 85' lang='lat' dir='ltr'>ea</span> <span class='ocrx_word' id='word_1_355' title='bbox 1025 2685 1061 2708; x_wconf 87' lang='lat' dir='ltr'>re</span> <span class='ocrx_word' id='word_1_356' title='bbox 1087 2675 1131 2707; x_wconf 87' lang='lat' dir='ltr'>ita</span> <span class='ocrx_word' id='word_1_357' title='bbox 1160 2678 1376 2707; x_wconf 85' lang='lat' dir='ltr'>censuerunt.</span> <span class='ocrx_word' id='word_1_358' title='bbox 1403 2689 1443 2694; x_wconf 93' lang='lat'><strong>—</strong></span> <span class='ocrx_word' id='word_1_359' title='bbox 1470 2669 1508 2714; x_wconf 84' lang='lat'>2]</span> <span class='ocrx_word' id='word_1_360' title='bbox 1536 2671 1695 2706; x_wconf 78' lang='lat' dir='ltr'>Mendmn</span> 
     </span>
     <span class='ocr_line' id='line_1_41' title="bbox 91 2719 1693 2767; baseline -0.003 -11"><span class='ocrx_word' id='word_1_361' title='bbox 91 2721 228 2763; x_wconf 79' lang='lat' dir='ltr'>subest3</span> <span class='ocrx_word' id='word_1_362' title='bbox 254 2733 316 2767; x_wconf 85' lang='lat' dir='ltr'>pro</span> <span class='ocrx_word' id='word_1_363' title='bbox 341 2722 395 2755; x_wconf 83' lang='lat' dir='ltr'>vel</span> <span class='ocrx_word' id='word_1_364' title='bbox 419 2722 632 2755; x_wconf 86' lang='lat' dir='ltr'>scribendum</span> <span class='ocrx_word' id='word_1_365' title='bbox 659 2728 744 2763; x_wconf 69' lang='lat' dir='ltr'>erat,</span> <span class='ocrx_word' id='word_1_366' title='bbox 771 2729 807 2755; x_wconf 87' lang='lat' dir='ltr'>ut</span> <span class='ocrx_word' id='word_1_367' title='bbox 832 2721 984 2763; x_wconf 84' lang='lat' dir='ltr'>videtur,</span> <span class='ocrx_word' id='word_1_368' title='bbox 1010 2722 1066 2754; x_wconf 75' lang='lat' dir='ltr'>uti.</span> <span class='ocrx_word' id='word_1_369' title='bbox 1095 2738 1135 2742; x_wconf 90' lang='lat'><strong>—</strong></span> <span class='ocrx_word' id='word_1_370' title='bbox 1164 2720 1258 2761; x_wconf 79' lang='lat' dir='ltr'>3)1n</span> <span class='ocrx_word' id='word_1_371' title='bbox 1279 2720 1389 2753; x_wconf 83' lang='lat' dir='ltr'>tabula</span> <span class='ocrx_word' id='word_1_372' title='bbox 1409 2720 1588 2752; x_wconf 82' lang='lat' dir='ltr'>mendose:</span> <span class='ocrx_word' id='word_1_373' title='bbox 1615 2719 1693 2751; x_wconf 87' lang='lat' dir='ltr'>Mu-</span> 
     </span>
     <span class='ocr_line' id='line_1_42' title="bbox 92 2764 1695 2813; baseline -0.002 -12"><span class='ocrx_word' id='word_1_374' title='bbox 92 2768 230 2802; x_wconf 78' lang='lat' dir='ltr'>liniensz&#39;</span> <span class='ocrx_word' id='word_1_375' title='bbox 254 2775 307 2803; x_wconf 83' lang='lat' dir='ltr'>et:</span> <span class='ocrx_word' id='word_1_376' title='bbox 332 2770 442 2813; x_wconf 75' lang='lat' dir='ltr'>campi</span> <span class='ocrx_word' id='word_1_377' title='bbox 466 2770 575 2802; x_wconf 77' lang='lat' dir='ltr'>matri.</span> <span class='ocrx_word' id='word_1_378' title='bbox 601 2769 800 2802; x_wconf 85' lang='lat' dir='ltr'>Emendavit</span> <span class='ocrx_word' id='word_1_379' title='bbox 826 2768 958 2801; x_wconf 77' lang='lat' dir='ltr'>Reines.</span> <span class='ocrx_word' id='word_1_380' title='bbox 995 2787 1034 2791; x_wconf 79' lang='lat'><em>-</em></span> <span class='ocrx_word' id='word_1_381' title='bbox 1072 2766 1109 2809; x_wconf 81' lang='lat'>4]</span> <span class='ocrx_word' id='word_1_382' title='bbox 1136 2767 1266 2800; x_wconf 80' lang='lat' dir='ltr'>tabula:</span> <span class='ocrx_word' id='word_1_383' title='bbox 1292 2767 1416 2800; x_wconf 77' lang='lat' dir='ltr'>habere.</span> <span class='ocrx_word' id='word_1_384' title='bbox 1451 2783 1495 2788; x_wconf 79' lang='lat'>—</span> <span class='ocrx_word' id='word_1_385' title='bbox 1528 2764 1566 2808; x_wconf 86' lang='lat'>5)</span> <span class='ocrx_word' id='word_1_386' title='bbox 1597 2776 1695 2799; x_wconf 87' lang='lat' dir='ltr'>men-</span> 
     </span>
     <span class='ocr_line' id='line_1_43' title="bbox 94 2812 1693 2861; baseline -0.002 -14"><span class='ocrx_word' id='word_1_387' title='bbox 94 2815 190 2856; x_wconf 73' lang='lat' dir='ltr'>dose,</span> <span class='ocrx_word' id='word_1_388' title='bbox 215 2822 252 2848; x_wconf 76' lang='lat' dir='ltr'>ut</span> <span class='ocrx_word' id='word_1_389' title='bbox 275 2816 429 2859; x_wconf 86' lang='lat' dir='ltr'>videtur,</span> <span class='ocrx_word' id='word_1_390' title='bbox 453 2826 533 2861; x_wconf 84' lang='lat' dir='ltr'>pro:</span> <span class='ocrx_word' id='word_1_391' title='bbox 559 2816 683 2848; x_wconf 81' lang='lat' dir='ltr'>deserta</span> <span class='ocrx_word' id='word_1_392' title='bbox 707 2827 749 2848; x_wconf 83' lang='lat' dir='ltr'>ac</span> <span class='ocrx_word' id='word_1_393' title='bbox 773 2815 915 2848; x_wconf 75' lang='lat' dir='ltr'>ruentia.</span> <span class='ocrx_word' id='word_1_394' title='bbox 943 2832 982 2836; x_wconf 97' lang='lat'><strong>—</strong></span> <span class='ocrx_word' id='word_1_395' title='bbox 1012 2813 1049 2857; x_wconf 87' lang='lat'>6)</span> <span class='ocrx_word' id='word_1_396' title='bbox 1069 2814 1187 2847; x_wconf 76' lang='lat' dir='ltr'>fraudi.</span> <span class='ocrx_word' id='word_1_397' title='bbox 1214 2830 1254 2836; x_wconf 96' lang='lat'>—</span> <span class='ocrx_word' id='word_1_398' title='bbox 1283 2812 1320 2855; x_wconf 85' lang='lat'>7)</span> <span class='ocrx_word' id='word_1_399' title='bbox 1346 2812 1511 2846; x_wconf 83' lang='lat' dir='ltr'>Hauboltl.</span> <span class='ocrx_word' id='word_1_400' title='bbox 1538 2818 1624 2845; x_wconf 76' lang='lat' dir='ltr'>cssel.</span> <span class='ocrx_word' id='word_1_401' title='bbox 1653 2829 1693 2834; x_wconf 90' lang='lat'>—-</span> 
     </span>
     <span class='ocr_line' id='line_1_44' title="bbox 91 2859 1694 2906; baseline -0.001 -13"><span class='ocrx_word' id='word_1_402' title='bbox 91 2859 133 2903; x_wconf 88' lang='lat'>8)</span> <span class='ocrx_word' id='word_1_403' title='bbox 160 2862 323 2896; x_wconf 81' lang='lat' dir='ltr'>eiicienda</span> <span class='ocrx_word' id='word_1_404' title='bbox 349 2864 556 2906; x_wconf 85' lang='lat' dir='ltr'>praepositio</span> <span class='ocrx_word' id='word_1_405' title='bbox 581 2862 724 2895; x_wconf 83' lang='lat' dir='ltr'>videtur.</span> <span class='ocrx_word' id='word_1_406' title='bbox 749 2862 881 2894; x_wconf 74' lang='lat' dir='ltr'>Reines.</span> <span class='ocrx_word' id='word_1_407' title='bbox 915 2878 955 2882; x_wconf 78' lang='lat'>—</span> <span class='ocrx_word' id='word_1_408' title='bbox 991 2859 1029 2903; x_wconf 81' lang='lat'>9)</span> <span class='ocrx_word' id='word_1_409' title='bbox 1055 2860 1201 2905; x_wconf 77' lang='lat' dir='ltr'>aliquam</span> <span class='ocrx_word' id='word_1_410' title='bbox 1235 2860 1367 2893; x_wconf 83' lang='lat' dir='ltr'>Rcines.</span> <span class='ocrx_word' id='word_1_411' title='bbox 1399 2859 1568 2892; x_wconf 81' lang='lat' dir='ltr'>emendat.</span> <span class='ocrx_word' id='word_1_412' title='bbox 1595 2870 1694 2903; x_wconf 80' lang='lat' dir='ltr'>quem</span> 
     </span>
     <span class='ocr_line' id='line_1_45' title="bbox 93 2905 1694 2954; baseline -0.001 -14"><span class='ocrx_word' id='word_1_413' title='bbox 93 2908 129 2941; x_wconf 83' lang='lat' dir='ltr'>in</span> <span class='ocrx_word' id='word_1_414' title='bbox 152 2910 303 2951; x_wconf 85' lang='lat' dir='ltr'>proxime</span> <span class='ocrx_word' id='word_1_415' title='bbox 328 2911 482 2954; x_wconf 85' lang='lat' dir='ltr'>sequenti</span> <span class='ocrx_word' id='word_1_416' title='bbox 507 2909 625 2942; x_wconf 78' lang='lat' dir='ltr'>lacuna</span> <span class='ocrx_word' id='word_1_417' title='bbox 651 2908 839 2952; x_wconf 77' lang='lat' dir='ltr'>supplenda</span> <span class='ocrx_word' id='word_1_418' title='bbox 857 2909 963 2941; x_wconf 83' lang='lat' dir='ltr'>secuti</span> <span class='ocrx_word' id='word_1_419' title='bbox 979 2919 1102 2942; x_wconf 86' lang='lat' dir='ltr'>sumus.</span> <span class='ocrx_word' id='word_1_420' title='bbox 1128 2924 1172 2930; x_wconf 86' lang='lat'>—</span> <span class='ocrx_word' id='word_1_421' title='bbox 1199 2907 1259 2949; x_wconf 82' lang='lat'>10)</span> <span class='ocrx_word' id='word_1_422' title='bbox 1279 2907 1452 2940; x_wconf 83' lang='lat' dir='ltr'>Reinesius</span> <span class='ocrx_word' id='word_1_423' title='bbox 1470 2905 1694 2950; x_wconf 83' lang='lat' dir='ltr'>supplendum</span> 
     </span>
     <span class='ocr_line' id='line_1_46' title="bbox 95 2955 631 2991; baseline 0.004 -3"><span class='ocrx_word' id='word_1_424' title='bbox 95 2955 247 2989; x_wconf 87' lang='lat' dir='ltr'>coniicit:</span> <span class='ocrx_word' id='word_1_425' title='bbox 274 2957 476 2991; x_wconf 82' lang='lat' dir='ltr'>memoriam.</span> <span class='ocrx_word' id='word_1_426' title='bbox 629 2968 631 2970; x_wconf 84' lang='lat'>·</span> 
     </span>
    </p>
   </div>
  </div>
 </body>
</html>
