1877 3313
708 140 738 182 ς.
766 139 795 174 1.
844 138 951 184 Leges
976 144 1011 174 et
1035 139 1222 184 plebiscita.
1687 136 1770 181 229

162 260 213 291 eo
244 246 406 290 nomine
437 247 486 289 ab
517 247 665 302 populo
697 247 966 298 mercassitur,
998 248 1209 301 pequniam
1241 247 1337 289 dare
1366 246 1538 299 debebit,
1570 258 1673 301 quae
1694 258 1772 299 pe-

163 308 282 361 qunia
314 307 352 348 in
385 306 526 348 diebus
557 307 833 360 proxsumeis,
879 306 1020 359 quibus
1061 308 1093 346 is
1125 320 1223 360 ager
1253 307 1391 359 locus,
1434 307 1524 360 quei
1555 307 1593 347 in
1636 304 1773 347 Africa

164 371 238 418 est,
270 366 421 407 Romae
451 363 629 421 publice]
666 366 845 416 venierit,
877 365 1022 419 populo
1055 366 1183 407 soluta
1215 379 1294 407 non
1327 367 1415 417 erit,
1445 367 1478 406 is
1499 378 1573 419 pro
1596 377 1646 406 eo
1673 377 1772 418 agro

162 425 253 467 loco
296 425 335 465 in
377 424 516 466 diebus
560 424 665 466 CXX
706 425 959 478 proxsumeis
1000 437 1046 464 ea
1081 422 1282 479 [praedia,
1324 422 1446 479 q[uae
1478 437 1510 466 s.
1543 436 1574 466 s.
1608 436 1655 475 s.,
1687 424 1772 465 arb.

163 497 221 539 pr.
241 481 294 539 ¹),
326 484 419 536 quei
449 480 595 538 intesr]
630 484 765 524 eeiies
797 488 879 524 tum
910 483 1058 524 Romae
1090 485 1176 525 ious
1209 484 1361 534 deicet,
1394 484 1488 525 satis
1521 484 1773 537 supsignato-

303 543 365 583 Pr.
399 544 491 595 quei
523 543 626 583 inter
657 543 791 583 ceives
823 542 971 583 Romae
1003 543 1090 583 ious
1124 541 1300 597 dei[cet,
1343 544 1377 584 si
1416 544 1455 583 in
1488 541 1626 583 diebus
1669 541 1775 583 CXX

163 603 409 655 proxumeis,
441 601 583 654 quibus
615 603 648 642 is
679 613 779 656 ager
809 601 934 652 locus,
968 603 1059 654 quei
1092 604 1128 642 in
1161 603 1295 642 Africa
1328 608 1401 652 est,
1434 601 1583 642 Romae
1615 600 1775 654 publice

163 661 297 702 veniet
328 661 562 711 venieritve,
595 673 726 713 neque
757 673 873 713 praes
905 673 978 713 pro
1011 673 1058 701 ca
1093 662 1276 714 pequnia,
1310 673 1414 714 quae
1446 661 1497 701 ob
1519 673 1608 700 eum
1632 672 1773 714 agrum

162 719 293 761 locum
325 718 474 773 populo
508 718 678 760 debetur
710 718 994 771 debebitur-ve,
1033 720 1178 773 popolo
1212 721 1300 760 eive
1333 720 1424 773 quei
1455 731 1504 760 eo
1535 720 1694 760 nomine
1726 719 1774 759 ab

162 778 312 832 populo
344 779 621 827 mercassitur,
666 779 778 819 datus
811 779 907 830 erit,
950 777 1103 833 neque]
1138 779 1341 832 praedium
1382 783 1472 819 ante
1504 790 1550 819 ea
1590 778 1640 818 ob
1684 789 1776 818 eum

163 850 304 891 agrum
335 837 468 878 locum
500 838 538 877 in
570 836 731 891 puplico
764 838 979 891 obligatum
1013 839 1099 889 erit,
1134 840 1169 878 in
1202 835 1478 893 puhlicul-'mve
1499 837 1776 891 supsignatum

163 896 272 948 erth,
304 908 442 951 agrum
474 896 619 945 locuni,
653 909 732 949 quo
765 909 837 949 pro
871 909 968 950 agro
1002 897 1092 939 loco
1125 898 1220 938 satis
1260 910 1311 938 ex
1342 897 1379 937 h.
1411 897 1435 937 l.
1467 897 1549 937 arb.
1581 909 1641 950 pr.
1673 896 1775 937 sub-

164 956 361 1010 signatum
393 967 474 996 nou
506 958 593 1007 erit,
626 958 798 1008 pequnia
829 957 1031 1009 praesenti
1065 956 1237 998 vendito.

304 1014 414 1062 Quae
446 1011 638 1069 [pequnia
669 1027 721 1054 ex
753 1027 801 1055 ea
832 1014 1061 1056 venditione
1082 1015 1240 1056 redacta
1264 1014 1397 1067 fuerit,
1430 1027 1531 1067 eam,
1564 1013 1777 1068 pequniam

161 1086 246 1128 pr.,
291 1074 384 1127 quei
416 1073 520 1113 inter
551 1074 685 1114 ceives
718 1072 867 1114 Romae
905 1075 995 1115 ious
1028 1073 1182 1127 deicet,
1224 1075 1260 1114 ei
1293 1074 1494 1127 quaestori
1525 1072 1641 1125 dato,
1685 1073 1778 1126 quei

162 1133 363 1174 aerarium
396 1133 638 1186 provinciam
672 1133 876 1186 optinebit,
925 1133 1147 1185 Quaestor,
1181 1134 1272 1186 quei
1304 1134 1500 1174 aerarium
1532 1133 1777 1185 provinciam

163 1192 381 1246 optinebit,
423 1203 513 1232 eam
556 1192 765 1245 pequniam
806 1192 973 1245 accipito
1014 1193 1123 1232 etin
1156 1192 1322 1233 tabuleis
1355 1192 1551 1245 publiceis
1591 1192 1778 1245 scriptam

161 1249 319 1292 habeto.

810 1308 933 1363 Caput
964 1309 1142 1350 XXXVI.

306 1366 430 1424 Quei]
465 1380 564 1422 ager
605 1368 717 1409 locus
749 1368 786 1408 in
819 1369 955 1408 Africa
987 1373 1072 1419 est,
1113 1370 1205 1422 quei
1246 1369 1395 1409 Romae
1435 1368 1590 1421 publice
1632 1370 1780 1410 venieit

163 1429 395 1478 venieritve,
419 1427 524 1480 quod
547 1428 632 1468 eius
658 1428 744 1481 agri
768 1424 891 1481 [iocei
916 1439 1056 1468 eorum
1079 1429 1166 1479 erit,
1188 1429 1279 1480 quei
1302 1425 1506 1482 popuUeis
1528 1428 1715 1468 leibereis
1739 1429 1779 1469 in

162 1487 298 1528 Africa
329 1492 444 1539 sunt,
476 1487 569 1540 quei
601 1499 743 1527 eorum
774 1484 1062 1540 ameicitiam)
1096 1487 1231 1540 populi
1262 1489 1440 1527 romanei
1473 1486 1576 1528 bello
1602 1487 1778 1529 Poinieio

161 1630 247 1679 pulo
279 1629 509 1675 mercabitur,
541 1629 728 1678 pecuniam
761 1630 848 1666 dare
882 1630 1041 1676 debebit,
1074 1641 1167 1678 quae
1198 1630 1351 1678 pecunia
1382 1629 1415 1666 in
1440 1630 1564 1667 diebus
1591 1630 1780 1678 proximis,

161 1689 285 1738 quibus
318 1689 347 1726 is
379 1700 470 1736 ager
500 1689 623 1735 iocus,
665 1689 722 1737 qui
763 1689 797 1725 in
829 1689 951 1726 Africa
984 1694 1060 1735 est,
1102 1690 1235 1726 Romae
1274 1689 1416 1737 publice
1448 1689 1611 1735 venierit,
1642 1690 1780 1739 populo

161 1749 275 1785 soluta
307 1759 379 1785 non
412 1748 501 1794 erit,
543 1747 572 1784 is
604 1759 672 1796 pro
706 1759 750 1785 eo
784 1759 875 1795 agro
908 1749 991 1785 loco
1024 1749 1057 1785 in
1092 1748 1214 1784 diebus
1258 1753 1399 1785 eentum
1441 1748 1565 1796 viginti
1607 1749 1779 1797 proximis

162 1820 205 1844 ea
237 1807 409 1856 praedia,
452 1818 544 1855 quae
576 1819 683 1856 supra
717 1807 848 1856 scripta
879 1812 983 1854 sunt,
1026 1808 1199 1844 arbitratu
1231 1807 1438 1856 praetoris,
1469 1808 1527 1855 qui
1560 1807 1652 1845 inter
1683 1808 1780 1846 cives

161 1871 234 1904 tum
265 1867 400 1903 Romae
431 1866 483 1902 ius
516 1867 626 1912 dicet,
663 1867 747 1903 satis
781 1865 1005 1914 subsignat'o.

303 1926 473 1972 Praetor,
517 1925 576 1973 qui
607 1926 699 1962 inter
732 1926 826 1962 cives
860 1927 994 1963 Romae
1026 1926 1079 1962 ius
1113 1926 1231 1972 dicet,
1264 1926 1292 1962 si
1324 1925 1357 1962 in
1390 1926 1514 1962 diebus
1547 1930 1687 1963 centum
1719 1927 1780 1964 vi·-

162 1984 251 2033 ginti
282 1984 467 2034 proximis,
500 1985 624 2032 quibus
657 1985 686 2021 is
719 1997 806 2031 ager
838 1986 952 2032 iocus,
984 1987 1041 2033 qni
1066 1985 1098 2022 in
1119 1985 1240 2021 Africa
1263 1990 1317 2021 est
1339 1985 1471 2022 Romae
1493 1985 1633 2033 publice
1670 1986 1780 2022 veniit

161 2044 389 2090 venieritve,
430 2055 548 2092 neque
580 2056 685 2093 praes
718 2056 784 2092 pro
818 2056 859 2081 ea
892 2046 1055 2093 pecunia,
1088 2056 1178 2092 quae
1211 2045 1257 2081 ob
1290 2056 1369 2080 eum
1401 2056 1525 2091 agrum
1558 2045 1674 2081 locum
1704 2056 1779 2094 po-

161 2104 246 2152 puto
280 2103 433 2140 debetur
465 2103 704 2140 debebiturve
734 2104 871 2152 populo
917 2104 996 2141 eive
1029 2103 1086 2151 qui
1120 2115 1164 2140 eo
1199 2103 1341 2140 nomine
1381 2104 1424 2139 ab
1457 2104 1593 2151 populo
1634 2115 1779 2140 merca-

162 2162 281 2209 bitur,
322 2163 423 2199 datus
456 2162 550 2208 erit,
582 2174 698 2210 neque
741 2163 927 2211 praedium
970 2168 1073 2200 antea
1116 2163 1162 2199 ob
1211 2174 1290 2198 euin
1332 2174 1455 2210 agrum
1493 2163 1609 2199 locum
1640 2162 1673 2200 in
1705 2175 1777 2212 pu-

162 2222 258 2259 blico
291 2222 489 2269 obtigatum
523 2222 612 2268 erit,
644 2223 678 2259 in
709 2222 936 2270 publicumve
969 2223 1213 2270 subsignatum
1246 2221 1335 2268 erit,
1375 2233 1500 2268 agrum
1532 2222 1674 2269 locum,
1706 2233 1777 2270 quo

162 2292 229 2330 pro
261 2292 353 2329 agro
386 2281 469 2317 ioco
500 2281 584 2318 satis
617 2293 663 2318 ex
695 2282 763 2318 hac
795 2282 879 2328 iege
909 2281 1085 2318 arbitratu
1116 2281 1295 2329 praetoris
1327 2281 1572 2328 subsignatum
1591 2292 1664 2318 non
1696 2281 1779 2329 erit,

162 2340 313 2389 pecunia
347 2340 528 2389 praesenti
566 2341 727 2378 vendito.

306 2399 406 2444 Quae
438 2399 588 2448 pecunia
621 2412 666 2436 ex
699 2411 741 2437 ea
772 2399 985 2437 venditione
1017 2399 1164 2436 redacta
1197 2398 1317 2446 fuerit,
1351 2411 1428 2436 eam
1460 2399 1644 2448 pecuniam
1666 2411 1778 2449 prae-

164 2461 235 2505 tor,
267 2458 326 2506 qui
356 2458 451 2495 iuter
483 2458 580 2496 cives
612 2460 746 2496 Romae
778 2459 830 2496 ius
864 2459 972 2505 dicet,
1005 2459 1036 2495 ei
1069 2458 1251 2506 quaestori
1274 2459 1377 2505 dato,
1408 2459 1466 2507 qui
1489 2458 1663 2495 aerarium
1684 2471 1777 2508 pro-

164 2517 312 2554 vinciam
345 2517 534 2555 obtinebit.
598 2518 778 2562 Quaestor
819 2519 877 2566 qui
909 2519 1083 2555 aerarium
1115 2517 1334 2565 provinciam
1368 2518 1563 2564 obtinebit,
1594 2529 1673 2555 eam
1704 2531 1776 2568 pe-

166 2576 303 2614 cuniam
335 2577 489 2626 accipito
522 2581 557 2614 et
588 2577 622 2614 in
656 2577 784 2614 tabulis
816 2577 966 2625 publicis
999 2577 1166 2624 scriptum
1200 2576 1346 2614 habeto.

822 2637 937 2686 Caput
967 2635 1126 2673 XXXVI.

308 2694 374 2739 Qui
406 2706 495 2742 ager
527 2694 628 2732 locus
660 2695 693 2731 in
727 2695 846 2732 Africa
880 2700 954 2741 est,
987 2694 1045 2742 qui
1086 2694 1218 2731 Romae
1249 2695 1391 2743 publice
1423 2693 1533 2732 veniit
1563 2695 1775 2745 venieritve‚

167 2753 263 2801 quod
295 2754 370 2791 eius
404 2755 483 2801 agri
514 2754 584 2791 loci
617 2765 742 2791 eorum
784 2754 874 2800 erit,
917 2754 975 2801 qui
1006 2753 1147 2801 populis
1191 2753 1311 2791 liberis
1343 2755 1377 2792 in
1409 2754 1532 2791 Africa
1573 2760 1674 2803 sunt,
1716 2757 1776 2804 qui

168 2824 291 2850 eorum
322 2813 358 2850 in
389 2812 541 2850 amicitia
572 2813 698 2862 populi
729 2813 867 2850 romani
899 2813 995 2850 betto
1040 2811 1171 2860 punico
1201 2814 1370 2862 proximo
1402 2819 1627 2864 manserunt,
1667 2816 1775 2865 quive

310 2963 348 3008 1)
373 2964 509 3001 arbitrio
534 2966 710 3010 praetoris.
743 2981 788 2989 --
820 2963 859 3008 2)
884 2963 1040 3008 intellige
1064 2964 1102 2998 in
1126 2965 1317 3001 amicitiam.
