1877 3313
609 157 639 199 §.
666 156 698 192 2.
746 156 964 203 Reliquorum
989 157 1173 192 numinum.
1634 156 1684 199 11

227 264 294 301 93.
354 260 592 315 Aesculapio
624 267 665 303 et
693 263 845 316 Hygiae
875 274 1043 304 sacrum.
1078 263 1118 303 C.
1139 262 1288 316 Oppius
1321 261 1361 303 C.
1388 261 1430 302 L.
1451 259 1487 316 ¹)
1519 261 1689 314 Leonas,

88 319 137 361 Vl
167 320 228 361 vir
257 320 360 374 Aug.
394 320 609 362 honoratus
640 322 679 362 in
710 322 813 362 tribu
844 321 895 361 Cl.
929 326 1080 374 patrum
1113 327 1151 362 et
1182 323 1345 363 liberum
1378 321 1576 362 clientium
1598 320 1688 362 Ad-

88 391 254 430 census,
295 380 474 421 Patronis
515 380 797 430 sanctissimis,
841 380 1192 432 communicipibus
1237 381 1318 421 suis
1349 379 1394 420 D.
1426 380 1473 420 D.
1517 392 1686 432 quorum

89 437 336 478 dedicatione
356 439 518 492 singulis
538 438 817 480 decurionibus
848 439 907 479 ·Χ·
939 438 997 478 lll.
1022 438 1307 493 Augustalibus
1342 438 1400 479 ·X
1425 437 1468 479 ΙΙ.
1502 442 1540 478 et
1572 438 1687 479 colo-

88 497 148 536 nis
181 509 317 537 cenam
350 496 468 537 dedit.

225 555 267 596 ln
299 556 456 596 sinistro
488 555 632 596 latere:
680 555 854 596 Dedicat.
887 555 1013 596 Eidil).
1055 555 1205 596 Ianuar.
1252 556 1399 597 Plautio
1432 554 1619 603 Quintilio
1646 554 1690 596 ll.

87 613 210 654 Statio
235 614 369 654 Prisco
394 613 484 654 Cos.
501 611 542 667 ²]
565 632 621 642 -
648 617 802 663 Auximi,
835 629 926 654 nunc
957 618 1156 654 Mediolani.
1203 617 1342 655 Gruter.
1368 617 1433 664 68,
1467 617 1502 654 3.
1548 618 1690 655 Fabret.

51 722 54 724 .
85 675 232 712 Emeud.
262 687 296 723 p.
333 674 366 712 1.
412 675 534 711 Murat.
565 688 599 724 p.
634 675 729 722 333,
764 676 799 713 3.
848 677 930 712 Orel
966 676 1088 713 3062.

226 751 292 788 94.
353 748 392 789 C.
432 748 613 790 Valerius
651 749 840 790 Heracles
878 750 957 790 Pat.
991 754 1029 789 et
1061 749 1101 790 C.
1133 748 1278 790 Valeri.
1325 749 1459 791 vitalis
1498 753 1538 790 et
1566 748 1690 789 Nico-

85 818 173 849 mes
213 806 445 849 sacerdotes
487 809 525 850 S.
557 808 598 848 P.
633 807 672 848 C.
706 809 746 849 P.
781 808 819 851 S.
852 805 952 863 R.3)
996 808 1042 848 D.
1073 809 1120 848 D.
1152 808 1218 849 Idi.
1250 807 1353 863 Aug.
1371 805 1414 862 4)
1455 808 1546 861 Imp.
1583 807 1689 848 Com.

85 864 146 906 VI.
180 871 219 907 et
240 866 479 920 Septimiano
507 863 653 920 COS.⁵]
696 890 753 896 —
792 870 830 906 In
862 870 968 917 signo
1001 869 1145 906 Aeonis.
1177 870 1319 906 Romae.
1351 869 1465 907 Labus
1496 869 1583 906 Bibl.
1614 869 1691 906 Ital.

84 927 128 964 ΙΙ.
163 926 255 964 194.
304 928 447 965 Platner
478 928 747 976 Beschreibung
780 929 895 966 Roms.
927 929 969 965 ΙΙ.
1003 928 1039 965 2.
1070 941 1104 977 p.
1138 928 1232 965 335.

226 1004 291 1042 95.
353 1001 591 1056 Aesculapio
632 1007 670 1043 et
707 1002 843 1045 Saluti.
876 1026 932 1032 -
964 1005 1178 1042 Lambaesae
1209 1005 1242 1043 in
1283 1003 1415 1042 Africa.
1475 1004 1513 1042 In
1547 1000 1692 1054 templo.

83 1062 205 1102 Revue
238 1063 533 1112 arc-heologique.
566 1063 624 1101 IV.
656 1076 691 1112 p.
724 1064 820 1101 452.

225 1140 290 1178 96.
351 1137 438 1178 Deo
457 1137 610 1178 amabili
630 1150 731 1179 sacr.
753 1136 865 1178 Aelia
886 1137 1035 1179 Ehorte
1059 1136 1163 1178 fecit.
1183 1161 1237 1167 —
1265 1141 1372 1178 More.
1396 1140 1461 1189 Op.
1483 1151 1539 1189 ep.
1560 1140 1602 1178 II.
1626 1140 1693 1178 22.

224 1216 290 1253 97.
351 1213 476 1254 Attini
506 1226 636 1265 aram,
674 1214 808 1254 lunam
840 1219 1069 1268 argenteam
1107 1215 1222 1267 posit.
1240 1211 1280 1269 ⁶)
1319 1215 1359 1255 P.
1401 1214 1549 1256 Marius
1589 1214 1694 1256 Pha-

82 1277 190 1314 retra
222 1272 378 1312 sacerd.
422 1269 486 1325 (In
515 1276 639 1311 eadem
667 1270 773 1327 arm]
806 1271 915 1313 Acca
946 1272 988 1312 L.
1012 1273 1052 1313 F.
1076 1274 1199 1326 prima
1220 1274 1397 1314 ministra
1419 1274 1553 1314 Matris
1577 1274 1694 1328 Mag-

83 1345 158 1372 nae
190 1330 354 1371 Matrem
386 1331 529 1371 refecit
570 1331 751 1384 Magnam
785 1335 824 1371 et
854 1332 1047 1370 inauravit
1087 1339 1125 1370 et
1156 1331 1277 1372 Altini
1320 1344 1471 1372 comam
1503 1333 1695 1373 inauravit

84 1395 123 1431 et
153 1389 354 1430 Bellonam
385 1388 538 1429 refecit.
564 1413 619 1417 —
643 1392 796 1428 Corfinii.
839 1393 928 1428 Don.
951 1404 984 1440 p.
1006 1392 1044 1437 6,
1068 1392 1133 1429 23.
1176 1393 1261 1429 Mur.
1290 1392 1384 1439 144,
1411 1392 1446 1430 1.
1485 1393 1543 1430 Or.
1571 1393 1694 1430 1903.

226 1469 290 1505 98.
351 1466 459 1506 Deae
501 1465 697 1506 Aventiae
739 1470 777 1506 et
809 1465 934 1506 Genio
978 1466 1138 1506 incolar.
1173 1467 1216 1507 Τ.
1249 1467 1451 1508 Ianuarius
1493 1467 1696 1508 Florianus

85 1529 123 1565 et
153 1525 193 1565 P.
226 1525 416 1565 Domitius
437 1524 645 1578 Didymus,
678 1530 883 1565 curatores
917 1522 1046 1578 eol.⁷)
1080 1538 1131 1565 ex
1162 1526 1262 1578 stipe
1295 1538 1424 1566 annua
1458 1526 1620 1566 adiectis
1644 1526 1694 1566 de

83 1596 157 1625 SUO
179 1584 252 1626 HS.
274 1584 319 1624 N.
339 1584 366 1624 I.
390 1583 436 1623 D.
451 1579 487 1632 8)
520 1606 575 1611 -
607 1587 734 1623 Donat.
755 1587 878 1634 Suppl.
917 1586 1041 1622 Murat.
1068 1586 1118 1622 Cl.
1140 1586 1166 1623 Ι.
1194 1599 1227 1635 p.
1254 1587 1318 1624 58.
1365 1588 1474 1624 More.
1497 1587 1574 1624 Stil.
1592 1587 1695 1624 XLV.

83 1699 85 1701 ,
225 1663 291 1699 99.
352 1659 537 1714 Augusto
580 1660 694 1701 lucus
738 1672 864 1700 sacer.
898 1683 954 1689 —
986 1662 1164 1700 Perusiae.
1217 1663 1339 1700 Murat.
1376 1662 1469 1710 103,
1503 1664 1540 1701 3.
1597 1664 1694 1700 Ver-

83 1721 233 1770 migtioli
263 1721 383 1758 Iscriz.
417 1723 537 1758 Perus.
569 1722 611 1758 Il.
643 1734 676 1770 p.
711 1721 807 1758 247.

223 1796 317 1836 100.
377 1795 510 1836 Belen.
554 1794 656 1849 Aug.
675 1792 715 1850 9]
758 1795 799 1836 In
837 1808 1002 1836 memor.
1041 1794 1174 1837 Iulior.
1206 1795 1383 1837 Marcelli
1415 1801 1454 1837 et
1485 1795 1697 1837 Marcellae

83 1859 123 1896 et
152 1855 192 1895 in
222 1853 415 1896 honorem
448 1854 629 1895 Iuliarum
657 1854 834 1895 Charites
862 1859 901 1896 et
923 1854 1134 1895 Marcellae
1158 1854 1269 1895 filiar.
1304 1860 1343 1895 et
1371 1853 1494 1896 Licin.
1519 1855 1694 1896 Macron.

82 1914 224 1955 iunior.
270 1913 435 1966 Nepotis
468 1913 509 1953 C.
541 1912 659 1954 lulius
691 1912 926 1967 Agatophus
957 1913 1040 1954 Inul
1071 1913 1134 1953 vir
1164 1912 1293 1966 Aquil.
1326 1913 1369 1953 L.
1403 1914 1448 1953 D.
1481 1913 1528 1954 D.
1559 1914 1604 1954 D.
1639 1936 1695 1942 —-

82 1974 282 2023 Aquileiae.
314 1974 454 2011 Reines.
474 1975 500 2011 I.
519 1974 584 2010 52.
602 1987 636 2023 p.
657 1971 749 2012 102.
773 1975 908 2011 Bertoli
931 1974 1014 2011 Ant.
1039 1973 1192 2022 d'Aquil.
1215 1987 1248 2022 p.
1268 1974 1335 2020 89,
1361 1975 1424 2011 58.
1456 1975 1550 2011 Oret.
1574 1974 1696 2012 1967.

227 2050 320 2087 101.
381 2048 516 2089 Bonae
546 2048 657 2089 Deae
689 2049 970 2091 Sanctissimae
1003 2048 1171 2089 Caelesti
1203 2048 1246 2088 L.
1279 2047 1510 2101 Pasquidius
1540 2047 1694 2100 Festus,

82 2105 312 2161 redemptor
353 2119 519 2161 operum
559 2106 717 2148 Caesar.
756 2111 796 2148 et
835 2107 1107 2161 publicorum,
1151 2106 1290 2147 aedem
1332 2106 1498 2147 dirutam
1539 2106 1696 2158 refecit,

83 2165 189 2219 quod
230 2165 424 2207 adiutorio
468 2167 555 2207 eius
597 2167 724 2207 rivom
762 2178 886 2220 aquae
922 2165 1105 2207 Claudiae
1137 2164 1306 2219 August.
1339 2165 1413 2206 sub
1446 2169 1580 2206 monte
1610 2165 1697 2206 Ae-

82 2225 199 2266 fliano
218 2221 275 2280 ¹⁰]
308 2225 607 2265 consummavit.
634 2225 726 2278 lmp.
755 2224 897 2266 Domit.
926 2224 1083 2265 Caesar.
1108 2223 1214 2277 Aug.
1245 2223 1375 2265 Germ.
1406 2224 1495 2265 XlV
1526 2224 1618 2265 Cos.
1650 2225 1697 2265 V.

81 2283 182 2324 Non.
213 2280 358 2338 1u1.¹¹)
391 2306 447 2312 —-
477 2286 516 2323 In
544 2287 694 2323 castello
723 2286 758 2323 S.
783 2285 947 2332 Gregorii
969 2285 1002 2322 in
1026 2285 1232 2333 Aequicolis
1263 2297 1379 2334 prope
1409 2286 1530 2323 Monte
1555 2285 1697 2324 Fiacco.

83 2345 172 2382 non.
203 2357 238 2395 p.
270 2344 340 2392 42,
376 2344 468 2382 121.
512 2345 597 2382 Mur.
634 2345 728 2391 136,
761 2345 797 2382 3.
839 2346 942 2382 Fabr.
978 2344 1075 2390 637,
1108 2343 1202 2380 318.
1246 2343 1341 2381 orei.
1379 2343 1502 2381 1523.

227 2420 320 2458 102.
380 2417 520 2459 Aninia
552 2419 601 2459 M.
635 2419 676 2459 F.
709 2419 852 2473 Magna
894 2424 931 2460 et
964 2418 1054 2459 Seia
1095 2416 1199 2458 Ionis
1233 2422 1271 2458 et
1313 2417 1495 2460 Cornelia
1534 2418 1694 2473 Ephyre

83 2477 297 2530 Magistrae
337 2477 378 2518 B.
411 2477 457 2518 D.
479 2474 533 2532 ¹²)
566 2478 763 2530 porticum
796 2479 1053 2518 restituerunt
1085 2480 1123 2515 et
1155 2476 1374 2518 aediculam
1405 2477 1604 2519 Fonionis.
1638 2499 1695 2506 ——

83 2538 280 2586 Aquileiae.
312 2539 445 2575 Bertoli
469 2539 550 2576 Ant.
568 2538 719 2588 d'Aquil.
752 2551 786 2588 p.
813 2539 908 2576 107.
941 2537 1061 2575 Marini
1083 2538 1218 2575 Att.11.
1251 2551 1286 2587 p.
1311 2539 1405 2575 544.
1453 2538 1548 2575 Orel.
1570 2538 1694 2576 2427.

228 2723 262 2767 1]
290 2726 425 2760 Fabret.
453 2724 490 2759 C.
516 2725 553 2760 F.
581 2743 621 2749 —-
649 2725 686 2768 2)
712 2737 743 2770 p.
772 2725 849 2760 Chr.
877 2726 955 2758 159.
985 2741 1027 2745 -—
1053 2723 1091 2767 3)
1117 2735 1177 2758 sua
1202 2726 1345 2769 pecunia
1362 2724 1607 2757 constituerunt
1632 2736 1692 2768 pro

84 2772 191 2806 salute
216 2773 434 2816 reipublicae.
462 2791 503 2795 —
529 2771 567 2815 4)
595 2774 786 2807 dedicatum
813 2773 921 2806 idibus
948 2772 1118 2814 Augustis.
1148 2791 1188 2795 ——
1217 2771 1253 2813 5)
1281 2773 1489 2816 Imperatore
1506 2770 1693 2805 Commodo

83 2825 215 2852 sextum
241 2825 274 2852 et
300 2820 503 2863 septimiano
531 2820 722 2854 consulibus
750 2818 834 2861 (190
853 2831 883 2863 p.
904 2818 1010 2859 Chia).
1039 2837 1079 2842 -
1106 2817 1144 2861 6)
1171 2821 1218 2852 sie
1237 2830 1314 2862 pro:
1343 2819 1463 2856 posuit.
1491 2836 1532 2840 —
1566 2819 1603 2860 7)
1631 2830 1692 2851 co-

83 2865 205 2898 loniae.
235 2884 267 2889 —
302 2865 340 2909 8)
367 2868 529 2900 sestertiis
555 2870 698 2901 nummis
726 2868 825 2901 1500.
854 2884 893 2888 —-
921 2863 959 2906 9)
985 2864 1110 2899 Beleno
1138 2866 1302 2908 Augusto.
1334 2883 1372 2888 m
1407 2863 1468 2907 10)
1496 2865 1578 2899 Mur.
1604 2865 1692 2899 Aef-

85 2912 192 2953 fiano,
225 2913 282 2946 alii
314 2914 471 2957 atiliano,
504 2925 593 2947 nunc
630 2913 731 2948 Valle
762 2914 918 2947 Arcense.
946 2910 1032 2946 Gori.
1069 2931 1108 2935 —-
1145 2910 1205 2954 11)
1231 2912 1276 2945 88
1302 2923 1334 2955 p.
1361 2911 1438 2946 Chr.
1467 2931 1506 2936 ——
1538 2909 1596 2954 12)
1624 2911 1695 2946 Bo-

85 2968 149 2992 nae
175 2959 280 2994 Deae.
