1877 3313
437 138 469 181 §.
494 137 528 172 8.
577 135 698 171 Edicta
723 142 758 171 et
783 136 947 182 rescripta
975 137 1228 182 magistratuum
1254 147 1479 172 romanorum.
1682 136 1767 179 335

155 256 248 285 men
280 241 388 300 ex¹)
421 244 531 286 titulo
563 245 757 287 canonico
788 245 965 297 vinario,
1002 249 1046 286 ut
1077 245 1214 298 viginti
1246 245 1420 299 quinque
1451 244 1569 286 millia
1600 244 1769 298 ampho-

155 316 242 344 rum
273 315 403 345 annua
436 310 736 358 consequantur
779 305 852 346 sub
885 317 932 345 ea
965 303 1182 355 divisione,
1224 310 1268 345 ut
1309 305 1410 345 duae
1449 309 1583 358 partes
1624 305 1769 345 suariis

156 363 273 403 tertia
304 376 404 405 vero
437 362 495 404 his
528 363 731 405 ordinibus
763 363 955 414 sufficiat,
995 364 1060 417 qui
1091 364 1261 404 suariam
1303 368 1614 418 recognoscunt,
1645 364 1696 403 ita
1727 368 1771 404 ut

155 421 274 462 iidem
315 422 477 463 ordines
518 424 626 463 iuxta
668 423 998 464 consuetudinem
1040 427 1118 463 tam
1160 423 1359 476 proprium
1402 422 1509 476 quod
1549 422 1770 476 appellatur

156 493 273 533 quam
307 482 474 523 annonis
507 481 718 523 exsolvant
752 487 791 522 et
821 481 1097 523 moderatione
1140 481 1310 522 adhibita
1350 481 1516 536 perinde
1548 495 1569 522 a
1600 494 1771 535 posses-

156 552 250 580 sore
283 541 504 594 suscipiant
534 545 654 593 atque
685 541 891 593 suscipere
923 545 1013 581 sunt
1044 540 1148 581 soliti
1187 541 1345 594 antiquo
1387 553 1498 582 more
1538 545 1771 594 praeeunte,

154 599 443 641 interdicentes
485 612 535 640 ne
578 601 742 641 inermia
758 597 798 654 2)
830 599 895 640 illa
938 599 1188 652 indebitaque
1231 605 1506 653 praestentur,
1548 612 1650 653 quae
1692 605 1770 640 tam

154 658 336 700 tribunus
369 671 485 712 quam
518 659 674 711 patroni
706 657 853 699 diversi
886 664 926 699 et
956 659 1064 699 varia
1097 659 1446 711 consequebantur
1483 658 1626 700 officia.
1660 658 1771 699 Con-

154 721 215 758 tra
247 717 356 771 quod
388 717 638 758 interdictum
671 718 704 758 si
738 718 804 770 qui
836 719 920 759 ausi
952 717 1098 758 fuerint
1117 717 1166 758 de
1189 719 1383 759 communi
1415 718 1565 773 largiri,
1596 723 1635 759 et
1666 718 1771 759 scri-

155 777 230 818 bae
261 775 419 830 quidem
453 777 661 830 ceterique
693 789 849 831 poenae
881 777 1113 818 subiaceant
1133 773 1187 832 3).

156 905 338 941 Claudii
372 906 601 950 Dynamii,
638 906 760 940 urbis
797 906 1047 947 Praefecti,
1080 907 1275 941 edictum
1308 913 1462 941 contra
1488 906 1771 941 molendina-

769 955 934 988 riorum
963 954 1165 989 fraudes,

300 1051 423 1089 1720.
484 1052 617 1088 Primus
660 1051 770 1088 edidit
803 1052 974 1088 Gruterus
1017 1065 1050 1100 p.
1088 1051 1197 1088 1114
1231 1051 1461 1089 adscribens:
1517 1053 1581 1101 „In
1613 1051 1772 1089 Ianiculo

155 1115 239 1148 ante
271 1111 459 1148 ecclesiam
491 1111 542 1148 Io.
575 1116 611 1147 et
643 1110 791 1156 Pauli'·‘;
833 1115 917 1159 post
959 1123 1037 1148 eum
1081 1110 1281 1148 Fabrettius
1313 1112 1474 1160 Inscript.
1516 1124 1550 1159 p.
1585 1111 1666 1147 529
1701 1111 1770 1148 ali-

157 1175 289 1219 quanto
334 1170 576 1216 emendatius,
621 1175 658 1207 et
699 1170 892 1207 novissime
935 1172 1095 1207 Osannus
1136 1171 1289 1217 Sylloge
1332 1170 1488 1218 inscript.
1531 1183 1565 1219 p.
1606 1170 1693 1207 508
1725 1181 1772 1207 ex

156 1230 371 1279 apographo
404 1228 645 1266 bibliothecae
677 1229 940 1266 Riccardianae.
992 1230 1211 1266 Praefectum
1246 1229 1343 1275 urbi,
1377 1241 1481 1276 quem
1513 1230 1584 1266 hoc
1617 1229 1771 1266 edictum

156 1300 244 1338 prae
277 1300 316 1325 se
348 1289 443 1333 fert,
484 1289 578 1325 inter
610 1288 816 1336 praefectos
849 1289 1007 1324 incertae
1050 1289 1174 1325 aetatis
1208 1288 1496 1325 Almeloveenius
1531 1282 1649 1338 (Fast.
1681 1299 1770 1325 rom.

156 1360 191 1397 p.
225 1341 335 1399 508)
370 1352 575 1393 enumerat,
608 1348 769 1384 Osannus
802 1347 984 1383 Claudium
1018 1347 1226 1394 Dynamium
1250 1359 1330 1383 csse
1353 1347 1474 1393 docet,
1507 1359 1611 1394 quem
1635 1359 1668 1395 p.
1692 1347 1773 1384 Chr.

157 1419 212 1443 an.
245 1407 329 1443 488
364 1419 442 1443 cum
473 1407 521 1442 Fl.
554 1407 677 1443 Silidio
711 1406 894 1442 consulem
927 1406 1060 1449 fuisse,
1094 1406 1126 1442 in
1159 1406 1270 1441 Fastis
1304 1405 1541 1454 perscriptum
1574 1410 1638 1442 est.
1686 1406 1772 1442 Sta-

157 1471 253 1503 teras
287 1470 404 1502 autem
436 1466 469 1502 in
501 1465 659 1502 Ianiculo
694 1465 864 1502 collocari
898 1465 1073 1513 praecipit
1114 1465 1268 1501 edictum
1310 1465 1356 1501 ob
1390 1465 1501 1501 molas
1534 1464 1696 1512 aquarias
1728 1464 1774 1501 ibi

158 1526 201 1562 ad
233 1524 345 1574 ripam
377 1524 514 1561 Tiberis
547 1525 632 1560 sitas
665 1524 709 1560 de
743 1524 868 1571 quihus
901 1524 944 1561 V.
975 1525 1133 1560 Fabrett.
1176 1524 1362 1560 Dissertat.
1395 1524 1442 1560 111
1476 1524 1520 1560 de
1552 1523 1777 1572 Aquaedue-

154 1584 246 1621 tibus
279 1596 312 1621 n.
347 1583 429 1620 347
463 1588 498 1620 et
530 1583 668 1620 Preller
700 1583 764 1619 Die
797 1583 983 1630 Regionen
1017 1584 1081 1620 der
1114 1584 1217 1620 Stadt
1248 1584 1346 1620 Rom.
1380 1596 1412 1631 p.
1447 1582 1544 1620 215.

297 1658 485 1700 Claudius
517 1657 634 1698 Iulius
667 1655 902 1711 Eclesius⁴)
935 1658 1154 1711 Dynamius
1182 1658 1227 1698 V.
1252 1657 1294 1698 C.
1318 1661 1357 1698 ct
1379 1654 1497 1711 inl.³)
1521 1657 1630 1699 urbis
1650 1656 1751 1698 Prae

157 1717 288 1760 fectus
320 1714 430 1771 12.0).
1722 1747 1726 1752 .

295 1777 448 1818 Amore
487 1776 636 1829 patriae
679 1776 874 1829 compulsi
916 1789 965 1816 ne
1008 1776 1100 1829 quid
1143 1775 1368 1828 diligentiae
1410 1775 1555 1817 deesse
1593 1775 1779 1816 videatur

156 1835 289 1878 studio
323 1840 463 1877 nostro
496 1835 597 1876 adici
630 1833 865 1890 vox-iinusT)
909 1840 953 1876 ut
993 1836 1165 1876 onmium
1207 1835 1584 1876 molendinariorum
1615 1834 1778 1875 fraudes

156 1891 477 1949 amputentur-S),
509 1907 607 1948 quas
639 1894 808 1935 subinde
842 1895 1057 1935 venerabili
1085 1893 1232 1947 populo
1271 1899 1391 1947 atque
1424 1894 1671 1934 universitati
1692 1893 1778 1933 lieri

157 1954 471 2009 suggerentibus
503 1954 617 1994 nobis
649 1954 906 2006 agnovimus,
944 1959 981 1994 ct
1022 1953 1111 1993 ideo
1156 1957 1326 1993 stateras
1368 1952 1454 1993 lieri
1496 1952 1779 2005 praecipimus,

159 2026 258 2067 quas
291 2013 329 2054 in
360 2012 532 2054 Ianiculo
564 2014 753 2054 constitui
785 2017 921 2053 nostra
944 2013 1145 2065 praecepit
1171 2013 1395 2052 auctoritas.
1443 2010 1555 2051 Unde
1578 2010 1655 2051 hoc
1677 2022 1778 2063 pro-

158 2076 378 2127 grammate
410 2072 708 2113 universitatem
741 2084 862 2113 nosse
895 2072 1174 2121 decernimus,
1207 2070 1416 2122 frumenta,
1448 2082 1568 2121 quum
1600 2068 1648 2110 ad
1679 2069 1779 2109 haee

156 2131 248 2173 loca
281 2131 526 2172 conterenda
569 2130 806 2181 detulerint,
848 2127 945 2184 ut⁰)
989 2135 1180 2171 consucta
1221 2128 1429 2169 fraudibus
1461 2128 1620 2169 licentia
1651 2128 1780 2181 possit

161 2191 365 2240 amoveri,
407 2190 534 2243 primo
576 2202 748 2243 pensare
792 2202 871 2230 non
905 2189 1107 2236 ditl'crant3
1150 2187 1293 2227 deinde
1325 2193 1537 2241 postquam
1568 2186 1778 2241 fregerint,

160 2254 326 2303 propter
356 2249 472 2289 fidem
503 2249 686 2303 integrae
717 2249 1008 2289 observationis
1039 2247 1218 2288 adhibitis
1250 2246 1389 2287 iisdem
1420 2245 1668 2299 ponderibus
1699 2258 1778 2299 ag-

158 2312 346 2358 noscant,
378 2307 473 2348 nihil
505 2308 578 2348 sibi
610 2306 820 2348 abstulisse
850 2307 1048 2347 licentiam
1081 2305 1365 2346 fraudatorum.
1416 2305 1617 2358 Accipere
1645 2309 1778 2345 autem

160 2367 379 2408 secundum
412 2367 669 2408 constitutum
702 2366 827 2406 breve
848 2362 904 2420 ¹⁰)
938 2364 1247 2406 molendinarios
1280 2368 1357 2404 tam
1389 2363 1428 2404 in
1459 2363 1629 2404 laniculo
1661 2376 1778 2416 quam

160 2438 234 2479 per
276 2426 434 2467 diversa
476 2426 740 2480 praecipimus
783 2437 854 2478 per
896 2424 1067 2465 modium
1101 2436 1220 2464 unum
1253 2435 1393 2465 munos
1426 2427 1526 2474 tres,
1572 2423 1623 2463 ita
1656 2421 1779 2474 quod,

304 2588 340 2632 1)
366 2591 414 2624 Ita
439 2590 586 2624 Brisson.
612 2597 642 2624 ct
665 2590 755 2624 titulo
780 2589 909 2624 Gruter.
947 2607 977 2611 -
1007 2589 1044 2629 2)
1073 2591 1218 2623 enormia
1240 2588 1408 2622 Haubold.
1427 2598 1493 2621 non
1513 2587 1664 2621 indicans
1682 2586 1773 2620 unde

163 2638 334 2679 sumserit3
361 2637 480 2682 reliqui
505 2638 660 2679 inomnia,
685 2638 776 2682 quod
803 2637 1006 2671 vocabulum
1025 2637 1207 2670 Salmasius
1226 2637 1267 2669 ad
1286 2636 1458 2680 Spartian.
1483 2634 1568 2668 Aeli.
1594 2634 1671 2667 Ver.
1697 2644 1774 2677 cap.

162 2683 188 2717 I.
213 2690 297 2718 extr.
323 2685 484 2718 defendit.
519 2702 560 2707 -—-
593 2684 633 2727 3)
658 2685 706 2718 Ita
733 2684 881 2718 Brisson.
916 2690 950 2717 et
974 2684 1139 2717 Haubold.
1175 2683 1359 2717 subiaceant
1391 2683 1561 2716 Gruterus.
1587 2679 1774 2714 Bouchaud

164 2732 313 2765 coniicit:
348 2732 546 2765 subiacento.
579 2750 620 2755 —-
654 2730 693 2774 4)
724 2732 876 2765 Eclesius
909 2730 1001 2764 Grut.
1028 2737 1062 2764 et
1093 2731 1193 2764 Fabr.
1228 2731 1388 2764 Ecclesins
1422 2728 1546 2762 Osann.
1579 2746 1623 2751 ——
1657 2725 1696 2770 5)
1723 2728 1775 2761 vir

165 2777 367 2812 clarissimus
392 2785 428 2812 et
451 2779 608 2812 inlustris.
636 2798 677 2802 —-
704 2779 742 2819 6)
770 2779 941 2819 patricius.
982 2778 1019 2812 In
1045 2778 1244 2822 apographo
1271 2777 1426 2810 Riccard.
1453 2775 1561 2809 abest.
1588 2793 1630 2798 -
1657 2773 1698 2817 ¹7)
1727 2775 1777 2808 Ita

164 2823 254 2857 hunc
278 2825 391 2859 locum
415 2826 577 2860 exhibent
602 2825 695 2860 Grut.
720 2825 822 2859 Fabr.
854 2825 1007 2859 Riccard.
1042 2826 1118 2858 cod.
1143 2826 1233 2858 adici
1265 2824 1388 2859 Osann.
1414 2825 1434 2856 i.
1459 2834 1491 2866 q.
1515 2822 1620 2856 adiici
1643 2822 1779 2865 accipit.

165 2870 250 2904 Vide
273 2883 352 2906 num
378 2872 472 2907 locus
498 2875 543 2907 ita
570 2873 737 2917 legendus
762 2873 824 2906 sit:
850 2884 892 2905 nc
914 2872 993 2916 quid
1015 2871 1204 2916 diliqenliac
1231 2871 1337 2905 deesse
1352 2870 1511 2903 >videatur
1534 2869 1638 2902 studio
1654 2874 1776 2912 nostro,

167 2917 251 2950 edici
272 2918 440 2954 voluimus.
466 2938 508 2943 -
534 2917 574 2962 8)
599 2925 825 2964 computentur
848 2919 1001 2953 Riccard.
1037 2937 1077 2942 -
1112 2917 1150 2961 9)
1177 2924 1232 2962 ut,
1256 2916 1347 2964 quod
1380 2916 1470 2961 apud
1496 2914 1588 2950 Grut.
1613 2915 1716 2951 Fabr.
1741 2921 1775 2949 et

167 2963 202 2997 in
225 2964 300 3000 cod.
323 2965 478 3002 Riccard.
504 2967 728 3010 desideratur,
753 2977 830 3001 cum
856 2965 992 3002 Osanno
1016 2965 1260 3011 supplevimus.
1278 2982 1322 2989 --
1343 2962 1403 3006 10)
1420 2963 1548 2998 brevem
1563 2963 1656 2999 Grut.
1673 2962 1776 2998 Fabr.
