1877 3313
143 218 229 261 226
594 214 698 250 Inscr.
723 215 893 261 profanae.
943 215 1024 261 Cap.
1048 215 1089 251 Π.
1139 216 1298 252 Tabulae.

143 323 248 364 ditus
286 320 579 362 abalienatusve
619 321 782 363 erit....
821 323 856 364 si
897 336 986 364 eum
1028 335 1166 376 agrum
1207 323 1355 373 locum,
1395 334 1511 375 quem
1550 322 1604 364 ita
1645 323 1739 364 emit

142 378 319 436 emeri]t,
350 380 508 433 planum
538 379 656 420 faciet
687 380 877 423 feceritve
908 386 1080 435 emptum
1113 393 1296 422 esse....
1331 378 1469 435 [quem
1501 394 1640 434 agrum
1672 382 1739 423 lo-

141 453 229 480 cum
260 451 390 492 neque
420 439 507 492 ipse
538 437 848 495 abalienaverit,]
881 453 1012 493 neque
1044 440 1163 480 heres
1195 441 1295 491 eiuS,
1327 452 1460 493 neque
1492 440 1587 493 quoi
1607 440 1641 480 is
1662 439 1738 480 he-

141 511 209 539 res
242 499 328 550 erit,
361 497 664 548 abalienaverit,
697 499 801 551 quod
833 500 918 540 eius
950 499 1034 553 agri
1067 499 1169 540 locei
1201 500 1255 540 ita
1286 498 1441 552 planum
1473 498 1618 540 factum
1650 499 1738 551 erit,

138 555 172 597 ΙΙ
186 556 246 597 vir
275 557 328 597 ita
361 553 474 611 [esse
505 556 766 598 iudicato....

281 615 500 667 Quoieique
531 616 564 656 is
596 628 695 669 ager
725 621 878 670 emptus
910 616 996 667 erit,
1028 616 1077 657 de
1100 629 1149 658 eo
1172 628 1271 671 agro
1295 615 1384 657 loco
1415 613 1607 670 re]ddito,
1630 615 1739 669 quod

138 673 173 715 is
205 679 377 727 emptum
408 673 608 725 habuerit,
641 674 747 727 quod
783 676 870 715 eius
901 675 1058 728 publice
1093 688 1171 716 non
1203 675 1360 725 venieit‚
1396 671 1458 729 [et
1487 675 1522 715 si
1553 672 1608 729 is]
1642 687 1740 728 ager

138 732 268 784 locus,
302 733 392 786 quei
424 733 461 772 ei
493 737 645 786 emptus
675 732 804 784 fuerit,
834 734 992 786 publice
1023 735 1175 786 veniet,
1206 733 1434 774 tantundem
1467 732 1622 774 modum
1655 734 1741 787 agri

139 790 244 832 locei
277 790 326 831 de
358 803 408 832 eo
440 803 539 844 agro
572 791 684 841 loco,
727 792 817 843 quei
859 805 957 846 ager
997 793 1192 846 locusque
1236 790 1294 847 [in
1335 791 1467 832 Africa
1510 796 1594 844 est,
1633 791 1738 844 quod

139 850 225 891 eius
258 850 344 904 agri
376 849 480 890 locei
521 849 676 903 publice
719 863 796 891 non
828 852 996 902 venieit,
1034 852 1070 891 ei
1113 852 1176 904 qui
1218 864 1306 891 eum
1348 863 1484 904 agrum
1525 850 1657 891 locum
1687 851 1739 890 ita

140 913 315 962 emplum
348 908 548 960 habuerit,
589 907 831 949 reddito....
873 910 1044 961 queique
1076 922 1172 964 ager
1202 910 1312 949 locus
1344 911 1395 949 ita
1434 908 1610 950 redditus
1652 909 1740 960 erit,

140 968 174 1007 is
207 980 305 1021 ager
335 967 447 1008 locus
480 968 529 1018 ei,
559 968 671 1007 cuius
703 980 755 1007 ex
785 968 820 1007 h.
855 967 877 1007 l.
910 965 1058 1021 fjlactus
1090 971 1185 1019 erit,
1224 968 1297 1008 HS.
1329 967 1376 1007 N.
1407 967 1423 1008 I
1453 972 1606 1020 emptus
1639 971 1739 1018 esto,

138 1026 253 1078 isque
285 1038 384 1080 ager
414 1025 529 1067 locus
560 1026 736 1078 privatus
778 1026 1062 1079 vectigalisque
1103 1027 1154 1066 ita
1200 1022 1299 1079 [utci
1331 1026 1369 1066 in
1400 1026 1437 1066 h.
1470 1022 1517 1080 L]
1552 1025 1740 1079 scriptum

140 1089 215 1137 est,
246 1089 347 1126 esto.

796 1143 919 1196 Caput
949 1142 1088 1183 XXXI.

288 1202 394 1250 Quoi
426 1202 568 1243 colono
601 1201 689 1241 eive
721 1202 811 1254 quei
842 1203 880 1241 in
912 1202 1065 1242 colonei
1098 1213 1263 1242 numero
1306 1202 1476 1255 scriptus
1519 1205 1602 1253 est,
1642 1213 1740 1256 ager

140 1260 254 1303 locus
288 1262 326 1301 in
359 1273 406 1301 ea
437 1260 612 1301 centuria
644 1261 894 1312 supcisivove
915 1257 950 1314 ¹]
985 1256 1113 1313 [datus
1146 1259 1373 1313 adsignatus
1406 1265 1478 1311 est,
1512 1272 1612 1313 quae
1639 1273 1739 1301 cen-

140 1320 247 1361 turia
281 1318 439 1372 quodve
471 1320 711 1371 supcisivum
744 1320 782 1359 iu
815 1331 864 1359 eo
896 1331 993 1373 agro
1026 1323 1099 1369 est,
1131 1331 1246 1371 quem
1278 1332 1330 1360 ex
1360 1319 1396 1359 h.
1421 1319 1444 1358 l.
1475 1318 1631 1372 publice
1661 1332 1740 1359 ve-

141 1379 228 1419 nire
261 1382 419 1430 oportet
451 1377 722 1430 oportebitve‚
766 1378 825 1418 sei
866 1390 914 1417 ea
956 1378 1130 1417 centuria
1172 1378 1262 1417 idve
1303 1377 1542 1431 supcisivum
1584 1377 1741 1430 publice

139 1437 287 1477 venieit
319 1437 560 1487 venieritve,
603 1440 680 1475 lum
714 1448 786 1488 pro
826 1449 871 1475 ea
905 1436 1080 1476 centuria
1112 1437 1361 1489 supcisivove
1392 1435 1617 1476 tantundem
1649 1448 1740 1477 mo-

140 1494 232 1536 dum
266 1495 351 1549 agri
383 1495 484 1535 locei
516 1494 564 1534 de
600 1506 649 1534 eo
683 1491 805 1548 ag]10
837 1494 951 1559 loco,
993 1496 1084 1546 quei
1126 1507 1224 1548 ager
1263 1495 1374 1535 locus
1415 1495 1452 1535 in
1493 1494 1626 1535 Africa
1666 1499 1740 1545 est,

140 1554 246 1607 quod
279 1555 364 1593 eius
396 1553 549 1606 publice
581 1565 660 1593 non
684 1553 842 1604 veuieit,
874 1553 911 1593 ei
943 1550 1154 1606 helredive
1179 1550 1285 1607 ei]us
1316 1553 1347 1594 11
1365 1565 1437 1606 vir
1469 1554 1562 1606 quei
1583 1552 1692 1593 exh.
1715 1553 1738 1594 l.

137 1613 265 1654 factus
297 1616 505 1652 creatusve
537 1612 632 1662 erit,
663 1611 833 1652 reddito.

186 1784 218 1793 ..
251 1755 280 1792 si
314 1766 392 1792 eum
425 1765 549 1801 agrum
580 1754 718 1800 locum,
752 1766 854 1802 quem
885 1754 930 1791 ita
965 1755 1047 1791 emit
1080 1755 1225 1801 emerit,
1257 1755 1397 1803 planum
1430 1755 1539 1791 faciet
1568 1754 1741 1795 feceritve

141 1818 296 1863 emptum
328 1825 449 1850 esse..
501 1813 612 1856 Quem
645 1825 769 1860 agrum
801 1814 917 1850 locum
949 1826 1064 1861 neque
1095 1815 1171 1862 ipse
1203 1813 1469 1859 abalienaverit,
1500 1825 1616 1861 neque
1637 1814 1740 1850 heres

142 1873 236 1919 eius,
269 1884 386 1920 neque
423 1871 477 1909 cui
509 1871 537 1907 is
569 1873 673 1907 heres
706 1873 771 1908 erit
803 1873 1067 1918 abalienaverit,
1100 1873 1195 1920 quod
1228 1872 1301 1909 eius
1333 1872 1411 1919 agri
1442 1872 1512 1909 loci
1528 1873 1581 1908 ita
1601 1871 1742 1920 planum

140 1932 274 1968 factum
315 1930 405 1978 erit,
448 1930 609 1966 duumvir
645 1930 696 1967 ita
737 1942 817 1967 esse
857 1931 1011 1968 iudicato
1044 1959 1221 1968 .........
1253 1931 1380 1978 cuique
1411 1930 1438 1967 is
1477 1942 1565 1977 ager
1602 1934 1741 1978 emptus

142 1991 236 2037 erit,
269 1990 313 2026 de
345 2001 391 2026 eo
423 2001 514 2036 agro
546 1989 628 2025 loco
661 1989 824 2035 reddito,
856 1990 950 2037 quod
982 1990 1008 2025 is
1042 1995 1198 2038 emptum
1229 1990 1406 2035 habuerit,
1437 1990 1533 2038 quod
1565 1988 1640 2025 eius
1669 2000 1741 2037 pu-

139 2050 233 2086 blice
264 2060 335 2085 non
367 2048 479 2085 veniit
511 2051 546 2084 et
578 2048 605 2083 si
637 2047 665 2083 is
698 2059 787 2095 ager
817 2048 930 2092 locus,
962 2048 1020 2095 qui
1053 2049 1084 2085 ei
1117 2053 1252 2096 emptus
1285 2048 1405 2094 fuerit,
1436 2048 1577 2096 publice
1609 2047 1742 2093 veniet,

140 2108 358 2145 tantumdem
392 2107 534 2143 modum
567 2106 644 2153 agri
676 2106 745 2144 loci
778 2106 821 2142 de
854 2118 898 2143 eo
930 2118 1020 2153 agro
1052 2107 1147 2151 loco,
1181 2107 1237 2153 qui
1261 2117 1351 2153 ager
1371 2107 1542 2154 locusque
1564 2106 1598 2142 in
1622 2105 1743 2143 Africa

141 2172 208 2213 est,
242 2167 338 2214 quod
370 2165 444 2202 eius
478 2164 556 2213 agri
589 2164 658 2201 loci
690 2165 830 2213 publice
861 2176 930 2201 nou
963 2165 1092 2212 veniit,
1124 2165 1155 2201 ei
1188 2165 1246 2212 qui
1278 2177 1357 2201 eum
1391 2176 1515 2212 agrum
1546 2165 1663 2201 locum
1694 2164 1741 2200 ita

142 2230 297 2274 emptum
329 2224 514 2271 habuerit,
556 2223 698 2260 reddito
732 2251 880 2261 ........
930 2223 1067 2271 Quique
1105 2235 1195 2270 ager
1226 2224 1327 2260 locus
1370 2223 1416 2259 ita
1459 2223 1620 2259 redditus
1662 2222 1741 2268 erit,

141 2284 170 2321 is
204 2295 293 2331 ager
335 2283 435 2319 locus
469 2282 501 2318 ei
533 2281 629 2318 cuius
672 2293 719 2318 ex
749 2283 814 2318 hac
857 2282 939 2328 lege
983 2282 1095 2318 sactus
1138 2281 1206 2318 erit
1247 2281 1447 2318 sestertium
1490 2292 1630 2318 nummo
1671 2291 1741 2317 uno

143 2348 282 2391 emptus
314 2346 416 2387 esto,
457 2341 560 2387 isque
593 2352 682 2389 ager
712 2341 811 2378 locus
842 2340 1000 2388 privatus
1041 2339 1300 2387 vectigalisque
1337 2340 1384 2376 ita
1417 2339 1465 2376 uti
1496 2339 1529 2376 iu
1561 2341 1628 2377 hac
1656 2340 1742 2387 lege

143 2402 312 2450 scriptum
344 2404 421 2446 est,
453 2404 545 2436 esto.

810 2456 922 2506 Caput
953 2457 1078 2493 XXXI.

285 2517 348 2555 Cui
381 2517 510 2554 colono
545 2516 622 2553 eive
653 2517 711 2564 qui
743 2517 777 2553 in
810 2515 927 2553 coloni
958 2527 1106 2552 numero
1137 2515 1288 2563 scriptus
1320 2519 1376 2552 est
1406 2527 1494 2562 ager
1524 2515 1624 2552 locus
1646 2514 1680 2551 in
1700 2525 1742 2551 ea

146 2577 311 2616 centuria
344 2575 569 2613 subcisivove
603 2576 704 2611 datus
737 2575 942 2622 adsignatus
975 2579 1039 2619 est,
1072 2586 1161 2621 quae
1187 2574 1342 2610 centuria
1366 2575 1507 2622 quodve
1529 2573 1742 2610 subcisivum

147 2637 182 2673 in
216 2648 261 2674 eo
294 2646 385 2682 agro
419 2638 484 2680 est,
518 2645 621 2680 quem
653 2646 699 2670 ex
730 2634 795 2670 hac
826 2634 909 2679 lege
939 2632 1080 2680 publice
1113 2632 1233 2668 venire
1265 2637 1411 2681 oportet
1442 2631 1683 2680 oportebitve,
1714 2631 1743 2667 si

147 2706 189 2732 ea
222 2693 382 2732 centuria
413 2692 495 2729 idve
529 2692 738 2728 subcisivum
771 2691 912 2740 publice
942 2690 1052 2727 veniit
1083 2690 1294 2738 venieritve,
1325 2695 1397 2727 tum
1427 2701 1494 2740 pro
1521 2701 1563 2726 ea
1585 2689 1743 2726 centuria

148 2754 375 2790 subcisivove
407 2751 611 2788 tantundem
644 2751 786 2787 modum
819 2749 897 2797 agri
927 2749 998 2786 loci
1030 2749 1074 2785 de
1106 2760 1150 2786 eo
1182 2760 1272 2796 agro
1304 2750 1401 2796 loco,
1433 2747 1491 2796 qui
1523 2759 1612 2795 ager
1643 2747 1742 2784 locus

147 2810 183 2847 in
214 2812 334 2848 Africa
367 2813 434 2856 est,
466 2808 562 2857 quod
595 2808 670 2845 eius
701 2808 843 2856 publice
872 2819 943 2844 non
973 2806 1097 2855 veniit,
1129 2807 1162 2845 ei
1192 2808 1365 2846 heredive
1395 2806 1469 2844 eius
1501 2805 1662 2844 duumvir
1683 2805 1743 2854 qui

150 2879 197 2905 ex
227 2869 294 2907 hae
323 2870 408 2917 lege
439 2868 552 2905 factus
584 2871 771 2904 creatusve
803 2866 870 2904 erit
899 2865 1053 2904 reddito.

290 3003 330 3049 1)
353 3005 469 3043 tabula
492 3005 594 3041 male:
617 3006 830 3051 supcisivonc.
