<?xml version="1.0" encoding="UTF-8"?>
<!DOCTYPE html PUBLIC "-//W3C//DTD XHTML 1.0 Transitional//EN"
    "http://www.w3.org/TR/xhtml1/DTD/xhtml1-transitional.dtd">
<html xmlns="http://www.w3.org/1999/xhtml" xml:lang="en" lang="en">
 <head>
  <title>
</title>
<meta http-equiv="Content-Type" content="text/html;charset=utf-8" />
  <meta name='ocr-system' content='tesseract 3.04.00' />
  <meta name='ocr-capabilities' content='ocr_page ocr_carea ocr_par ocr_line ocrx_word'/>
</head>
<body>
  <div class='ocr_page' id='page_1' title='image "./handbuchderrmi0103zelluoft_0407.png"; bbox 0 0 1877 3313; ppageno 0'>
   <div class='ocr_carea' id='block_1_1' title="bbox 518 135 1719 183">
    <p class='ocr_par' dir='ltr' id='par_1_1' title="bbox 518 135 1719 183">
     <span class='ocr_line' id='line_1_1' title="bbox 518 135 1719 183; baseline 0.001 -11"><span class='ocrx_word' id='word_1_1' title='bbox 518 138 548 180; x_wconf 87' lang='lat'>§.</span> <span class='ocrx_word' id='word_1_2' title='bbox 577 137 630 172; x_wconf 85' lang='lat'>10.</span> <span class='ocrx_word' id='word_1_3' title='bbox 679 135 764 172; x_wconf 77' lang='lat' dir='ltr'>Acta</span> <span class='ocrx_word' id='word_1_4' title='bbox 789 136 1012 183; x_wconf 83' lang='lat' dir='ltr'>collegiorum</span> <span class='ocrx_word' id='word_1_5' title='bbox 1037 147 1105 172; x_wconf 88' lang='lat' dir='ltr'>non</span> <span class='ocrx_word' id='word_1_6' title='bbox 1132 148 1314 174; x_wconf 80' lang='lat' dir='ltr'>sacrorum.</span> <span class='ocrx_word' id='word_1_7' title='bbox 1633 136 1719 180; x_wconf 76' lang='grc'>387</span> 
     </span>
    </p>
   </div>
   <div class='ocr_carea' id='block_1_2' title="bbox 59 241 1774 1777">
    <p class='ocr_par' dir='ltr' id='par_1_2' title="bbox 253 241 1423 299">
     <span class='ocr_line' id='line_1_2' title="bbox 253 241 1423 299; baseline 0.003 -16"><span class='ocrx_word' id='word_1_8' title='bbox 253 241 405 285; x_wconf 79' lang='lat' dir='ltr'>Idcirco</span> <span class='ocrx_word' id='word_1_9' title='bbox 437 243 688 287; x_wconf 88' lang='lat' dir='ltr'>nihilominus</span> <span class='ocrx_word' id='word_1_10' title='bbox 719 244 911 286; x_wconf 80' lang='lat' dir='ltr'>deieratio</span> <span class='ocrx_word' id='word_1_11' title='bbox 945 250 1032 286; x_wconf 87' lang='lat' dir='ltr'>esto</span> <span class='ocrx_word' id='word_1_12' title='bbox 1065 245 1167 299; x_wconf 77' lang='lat' dir='ltr'>apud</span> <span class='ocrx_word' id='word_1_13' title='bbox 1199 246 1423 298; x_wconf 74' lang='lat' dir='ltr'>magistros.</span> 
     </span>
    </p>

    <p class='ocr_par' dir='ltr' id='par_1_3' title="bbox 251 302 1720 359">
     <span class='ocr_line' id='line_1_3' title="bbox 251 302 1720 359; baseline 0.003 -17"><span class='ocrx_word' id='word_1_14' title='bbox 251 302 296 342; x_wconf 75' lang='lat' dir='ltr'><strong>Si</strong></span> <span class='ocrx_word' id='word_1_15' title='bbox 324 303 432 355; x_wconf 81' lang='lat' dir='ltr'>falso</span> <span class='ocrx_word' id='word_1_16' title='bbox 464 303 687 344; x_wconf 76' lang='lat' dir='ltr'>deieratum</span> <span class='ocrx_word' id='word_1_17' title='bbox 715 305 841 357; x_wconf 71' lang='lat' dir='ltr'>suerit</span> <span class='ocrx_word' id='word_1_18' title='bbox 868 304 924 345; x_wconf 86' lang='lat' dir='ltr'>uti</span> <span class='ocrx_word' id='word_1_19' title='bbox 955 304 995 345; x_wconf 89' lang='lat' dir='ltr'>S.</span> <span class='ocrx_word' id='word_1_20' title='bbox 1027 304 1066 346; x_wconf 91' lang='lat' dir='ltr'>S.</span> <span class='ocrx_word' id='word_1_21' title='bbox 1099 304 1142 346; x_wconf 92' lang='grc' dir='ltr'>Ε.</span> <span class='ocrx_word' id='word_1_22' title='bbox 1163 302 1201 358; x_wconf 88' lang='grc'>1)</span> <span class='ocrx_word' id='word_1_23' title='bbox 1233 305 1282 345; x_wconf 85' lang='grc' dir='ltr'>Α,</span> <span class='ocrx_word' id='word_1_24' title='bbox 1317 302 1414 359; x_wconf 60' lang='grc'>(12)</span> <span class='ocrx_word' id='word_1_25' title='bbox 1457 305 1575 346; x_wconf 85' lang='lat' dir='ltr'>multa</span> <span class='ocrx_word' id='word_1_26' title='bbox 1618 309 1720 347; x_wconf 79' lang='lat' dir='ltr'>esto.</span> 
     </span>
    </p>

    <p class='ocr_par' dir='ltr' id='par_1_4' title="bbox 111 361 1719 463">
     <span class='ocr_line' id='line_1_4' title="bbox 253 361 1719 417; baseline 0.003 -16"><span class='ocrx_word' id='word_1_27' title='bbox 253 361 334 410; x_wconf 64' lang='lat' dir='ltr'>Qut</span> <span class='ocrx_word' id='word_1_28' title='bbox 372 363 534 413; x_wconf 79' lang='lat' dir='ltr'>scierit,</span> <span class='ocrx_word' id='word_1_29' title='bbox 577 364 786 415; x_wconf 72' lang='lat' dir='ltr'>mayz&#39;stris</span> <span class='ocrx_word' id='word_1_30' title='bbox 826 363 1074 405; x_wconf 68' lang='lat' dir='ltr'>denuntiato.</span> <span class='ocrx_word' id='word_1_31' title='bbox 1133 364 1254 406; x_wconf 90' lang='lat' dir='ltr'>Sinon</span> <span class='ocrx_word' id='word_1_32' title='bbox 1296 364 1556 416; x_wconf 81' lang='lat' dir='ltr'>denuntiarit,</span> <span class='ocrx_word' id='word_1_33' title='bbox 1596 365 1719 417; x_wconf 84' lang='lat' dir='ltr'>ipsius</span> 
     </span>
     <span class='ocr_line' id='line_1_5' title="bbox 111 419 478 463; baseline 0.005 -3"><span class='ocrx_word' id='word_1_34' title='bbox 111 419 269 462; x_wconf 81' lang='lat' dir='ltr'>multam</span> <span class='ocrx_word' id='word_1_35' title='bbox 300 420 478 463; x_wconf 84' lang='lat' dir='ltr'>sufferte.</span> 
     </span>
    </p>

    <p class='ocr_par' dir='ltr' id='par_1_5' title="bbox 252 479 1422 536">
     <span class='ocr_line' id='line_1_6' title="bbox 252 479 1422 536; baseline 0.002 -16"><span class='ocrx_word' id='word_1_36' title='bbox 252 479 353 520; x_wconf 79' lang='lat' dir='ltr'>Eius</span> <span class='ocrx_word' id='word_1_37' title='bbox 382 481 444 520; x_wconf 76' lang='lat' dir='ltr'>rei</span> <span class='ocrx_word' id='word_1_38' title='bbox 476 493 604 522; x_wconf 76' lang='lat' dir='ltr'>eausa</span> <span class='ocrx_word' id='word_1_39' title='bbox 636 482 704 534; x_wconf 70' lang='lat' dir='ltr'>qui</span> <span class='ocrx_word' id='word_1_40' title='bbox 735 481 842 522; x_wconf 77' lang='lat' dir='ltr'>volet</span> <span class='ocrx_word' id='word_1_41' title='bbox 872 493 925 520; x_wconf 70' lang='lat' dir='ltr'>ea:</span> <span class='ocrx_word' id='word_1_42' title='bbox 956 481 1032 521; x_wconf 76' lang='lat' dir='ltr'>leae</span> <span class='ocrx_word' id='word_1_43' title='bbox 1063 481 1155 536; x_wconf 78' lang='lat' dir='ltr'>lege</span> <span class='ocrx_word' id='word_1_44' title='bbox 1186 483 1289 523; x_wconf 82' lang='lat' dir='ltr'>actio</span> <span class='ocrx_word' id='word_1_45' title='bbox 1323 486 1422 524; x_wconf 90' lang='lat' dir='ltr'>esto.</span> 
     </span>
    </p>

    <p class='ocr_par' dir='ltr' id='par_1_6' title="bbox 110 538 1774 656">
     <span class='ocr_line' id='line_1_7' title="bbox 251 538 1719 593; baseline 0.003 -14"><span class='ocrx_word' id='word_1_46' title='bbox 251 538 448 592; x_wconf 72' lang='lat' dir='ltr'>Mayistro</span> <span class='ocrx_word' id='word_1_47' title='bbox 481 553 534 579; x_wconf 77' lang='lat' dir='ltr'>ex</span> <span class='ocrx_word' id='word_1_48' title='bbox 563 540 640 580; x_wconf 78' lang='grc' dir='ltr'>Ιιασ</span> <span class='ocrx_word' id='word_1_49' title='bbox 678 541 764 593; x_wconf 64' lang='lat' dir='ltr'>lesse</span> <span class='ocrx_word' id='word_1_50' title='bbox 793 540 956 580; x_wconf 80' lang='lat' dir='ltr'>multam</span> <span class='ocrx_word' id='word_1_51' title='bbox 998 541 1135 581; x_wconf 70' lang='lat' dir='ltr'>dicere</span> <span class='ocrx_word' id='word_1_52' title='bbox 1165 540 1282 582; x_wconf 79' lang='lat' dir='ltr'>liceto</span> <span class='ocrx_word' id='word_1_53' title='bbox 1315 542 1348 583; x_wconf 90' lang='lat' dir='ltr'>si</span> <span class='ocrx_word' id='word_1_54' title='bbox 1386 541 1507 583; x_wconf 88' lang='lat' dir='ltr'>semel</span> <span class='ocrx_word' id='word_1_55' title='bbox 1547 541 1581 582; x_wconf 90' lang='lat' dir='ltr'>si</span> <span class='ocrx_word' id='word_1_56' title='bbox 1622 553 1719 583; x_wconf 83' lang='lat' dir='ltr'>sae—</span> 
     </span>
     <span class='ocr_line' id='line_1_8' title="bbox 110 596 1774 656; baseline 0.001 -17"><span class='ocrx_word' id='word_1_57' title='bbox 110 598 198 652; x_wconf 87' lang='lat' dir='ltr'>pius</span> <span class='ocrx_word' id='word_1_58' title='bbox 227 598 348 640; x_wconf 85' lang='lat' dir='ltr'>volet.</span> <span class='ocrx_word' id='word_1_59' title='bbox 396 597 523 639; x_wconf 80' lang='lat' dir='ltr'>Dictio</span> <span class='ocrx_word' id='word_1_60' title='bbox 555 604 644 641; x_wconf 86' lang='lat' dir='ltr'>esto</span> <span class='ocrx_word' id='word_1_61' title='bbox 675 599 720 640; x_wconf 89' lang='lat' dir='ltr'>A.</span> <span class='ocrx_word' id='word_1_62' title='bbox 755 596 838 653; x_wconf 67' lang='grc'>[3)</span> <span class='ocrx_word' id='word_1_63' title='bbox 1764 649 1774 656; x_wconf 90' lang='lat'>.</span> 
     </span>
    </p>

    <p class='ocr_par' dir='ltr' id='par_1_7' title="bbox 251 657 1720 713">
     <span class='ocr_line' id='line_1_9' title="bbox 251 657 1720 713; baseline 0.001 -16"><span class='ocrx_word' id='word_1_64' title='bbox 251 657 304 697; x_wconf 66' lang='lat' dir='ltr'>Na·</span> <span class='ocrx_word' id='word_1_65' title='bbox 335 657 425 710; x_wconf 78' lang='lat' dir='ltr'>quis</span> <span class='ocrx_word' id='word_1_66' title='bbox 453 657 675 710; x_wconf 71' lang='lat' dir='ltr'>fullonieas</span> <span class='ocrx_word' id='word_1_67' title='bbox 704 659 937 706; x_wconf 69' lang='lat' dir='ltr'>instituisse:</span> <span class='ocrx_word' id='word_1_68' title='bbox 969 659 1060 699; x_wconf 78' lang='lat' dir='ltr'>nive</span> <span class='ocrx_word' id='word_1_69' title='bbox 1092 659 1354 700; x_wconf 83' lang='lat' dir='ltr'>eretulentum</span> <span class='ocrx_word' id='word_1_70' title='bbox 1388 660 1578 713; x_wconf 75' lang='lat' dir='ltr'>exegisse</span> <span class='ocrx_word' id='word_1_71' title='bbox 1609 659 1720 711; x_wconf 82' lang='lat' dir='ltr'>velit,</span> 
     </span>
    </p>

    <p class='ocr_par' dir='ltr' id='par_1_8' title="bbox 59 716 1720 891">
     <span class='ocr_line' id='line_1_10' title="bbox 59 716 1719 771; baseline 0.001 -14"><span class='ocrx_word' id='word_1_72' title='bbox 59 727 61 729; x_wconf 77' lang='grc'><strong>’</strong></span> <span class='ocrx_word' id='word_1_73' title='bbox 110 717 184 757; x_wconf 91' lang='lat' dir='ltr'>nisi</span> <span class='ocrx_word' id='word_1_74' title='bbox 213 716 253 757; x_wconf 89' lang='lat' dir='ltr'>in</span> <span class='ocrx_word' id='word_1_75' title='bbox 284 716 437 757; x_wconf 84' lang='lat' dir='ltr'>duabus</span> <span class='ocrx_word' id='word_1_76' title='bbox 468 716 621 758; x_wconf 83' lang='lat' dir='ltr'>lacunis</span> <span class='ocrx_word' id='word_1_77' title='bbox 652 717 761 770; x_wconf 83' lang='lat' dir='ltr'>prius</span> <span class='ocrx_word' id='word_1_78' title='bbox 793 722 910 758; x_wconf 84' lang='lat' dir='ltr'>emet.</span> <span class='ocrx_word' id='word_1_79' title='bbox 954 717 1057 758; x_wconf 75' lang='lat' dir='ltr'>Nive</span> <span class='ocrx_word' id='word_1_80' title='bbox 1085 718 1233 770; x_wconf 78' lang='lat' dir='ltr'>fulloni</span> <span class='ocrx_word' id='word_1_81' title='bbox 1262 719 1536 771; x_wconf 71' lang='lat' dir='ltr'>magyz&#39;sterium</span> <span class='ocrx_word' id='word_1_82' title='bbox 1558 730 1719 771; x_wconf 78' lang='lat' dir='ltr'>capere,</span> 
     </span>
     <span class='ocr_line' id='line_1_11' title="bbox 109 775 1720 829; baseline 0.001 -13"><span class='ocrx_word' id='word_1_83' title='bbox 109 787 257 829; x_wconf 81' lang='lat' dir='ltr'>gerere</span> <span class='ocrx_word' id='word_1_84' title='bbox 288 775 421 826; x_wconf 84' lang='lat' dir='ltr'>liceto,</span> <span class='ocrx_word' id='word_1_85' title='bbox 453 776 705 828; x_wconf 80' lang='lat' dir='ltr'>magistrisve</span> <span class='ocrx_word' id='word_1_86' title='bbox 737 776 1033 818; x_wconf 79' lang='lat' dir='ltr'>denuntiamino</span> <span class='ocrx_word' id='word_1_87' title='bbox 1065 777 1103 817; x_wconf 88' lang='lat' dir='ltr'>in</span> <span class='ocrx_word' id='word_1_88' title='bbox 1136 777 1253 818; x_wconf 86' lang='lat' dir='ltr'>biduo</span> <span class='ocrx_word' id='word_1_89' title='bbox 1285 778 1485 819; x_wconf 85' lang='lat' dir='ltr'>continuo.</span> <span class='ocrx_word' id='word_1_90' title='bbox 1531 778 1579 818; x_wconf 93' lang='lat' dir='ltr'>Ni</span> <span class='ocrx_word' id='word_1_91' title='bbox 1611 789 1720 819; x_wconf 90' lang='lat' dir='ltr'>nun-</span> 
     </span>
     <span class='ocr_line' id='line_1_12' title="bbox 109 833 1719 891; baseline 0.001 -17"><span class='ocrx_word' id='word_1_92' title='bbox 109 834 224 875; x_wconf 80' lang='lat' dir='ltr'>tiabit</span> <span class='ocrx_word' id='word_1_93' title='bbox 250 835 434 887; x_wconf 76' lang='lat' dir='ltr'>quoliens</span> <span class='ocrx_word' id='word_1_94' title='bbox 464 835 567 875; x_wconf 73' lang='lat' dir='ltr'>artis</span> <span class='ocrx_word' id='word_1_95' title='bbox 598 847 725 875; x_wconf 76' lang='lat' dir='ltr'>causa</span> <span class='ocrx_word' id='word_1_96' title='bbox 755 836 812 876; x_wconf 79' lang='lat' dir='ltr'>ad</span> <span class='ocrx_word' id='word_1_97' title='bbox 839 848 988 888; x_wconf 78' lang='lat' dir='ltr'><strong><em>aquam</em></strong></span> <span class='ocrx_word' id='word_1_98' title='bbox 1028 836 1204 887; x_wconf 80' lang='lat' dir='ltr'>venerit,</span> <span class='ocrx_word' id='word_1_99' title='bbox 1246 836 1366 877; x_wconf 84' lang='lat' dir='ltr'>mulla</span> <span class='ocrx_word' id='word_1_100' title='bbox 1397 836 1443 877; x_wconf 89' lang='lat' dir='ltr'>A.</span> <span class='ocrx_word' id='word_1_101' title='bbox 1477 836 1524 877; x_wconf 92' lang='lat' dir='ltr'>V.</span> <span class='ocrx_word' id='word_1_102' title='bbox 1543 833 1583 891; x_wconf 80' lang='grc'>1)</span> <span class='ocrx_word' id='word_1_103' title='bbox 1617 840 1719 878; x_wconf 90' lang='lat' dir='ltr'>esto.</span> 
     </span>
    </p>

    <p class='ocr_par' dir='ltr' id='par_1_9' title="bbox 109 892 1720 1008">
     <span class='ocr_line' id='line_1_13' title="bbox 250 892 1720 950; baseline 0.003 -17"><span class='ocrx_word' id='word_1_104' title='bbox 250 894 295 934; x_wconf 63' lang='lat' dir='ltr'>Sa·</span> <span class='ocrx_word' id='word_1_105' title='bbox 326 894 418 947; x_wconf 80' lang='lat' dir='ltr'>quis</span> <span class='ocrx_word' id='word_1_106' title='bbox 447 892 497 933; x_wconf 89' lang='lat' dir='ltr'>H.</span> <span class='ocrx_word' id='word_1_107' title='bbox 529 893 576 934; x_wconf 88' lang='lat' dir='ltr'>L.</span> <span class='ocrx_word' id='word_1_108' title='bbox 608 894 771 934; x_wconf 77' lang='lat' dir='ltr'>multam</span> <span class='ocrx_word' id='word_1_109' title='bbox 796 900 935 947; x_wconf 79' lang='lat' dir='ltr'>petere</span> <span class='ocrx_word' id='word_1_110' title='bbox 964 895 1146 945; x_wconf 73' lang='lat' dir='ltr'>voluerit,</span> <span class='ocrx_word' id='word_1_111' title='bbox 1180 908 1231 935; x_wconf 84' lang='lat' dir='ltr'>ex</span> <span class='ocrx_word' id='word_1_112' title='bbox 1263 895 1307 936; x_wconf 88' lang='lat' dir='ltr'>H.</span> <span class='ocrx_word' id='word_1_113' title='bbox 1336 895 1379 935; x_wconf 93' lang='lat' dir='ltr'>L.</span> <span class='ocrx_word' id='word_1_114' title='bbox 1412 895 1601 950; x_wconf 85' lang='lat' dir='ltr'>magister</span> <span class='ocrx_word' id='word_1_115' title='bbox 1632 907 1720 936; x_wconf 80' lang='lat' dir='ltr'>ma-</span> 
     </span>
     <span class='ocr_line' id='line_1_14' title="bbox 109 952 1421 1008; baseline 0 -14"><span class='ocrx_word' id='word_1_116' title='bbox 109 952 275 1008; x_wconf 85' lang='lat' dir='ltr'>gistrive</span> <span class='ocrx_word' id='word_1_117' title='bbox 307 952 493 993; x_wconf 77' lang='lat' dir='ltr'>iudicium</span> <span class='ocrx_word' id='word_1_118' title='bbox 526 952 661 1005; x_wconf 80' lang='lat' dir='ltr'>danto,</span> <span class='ocrx_word' id='word_1_119' title='bbox 695 954 761 1006; x_wconf 87' lang='lat' dir='ltr'>qui</span> <span class='ocrx_word' id='word_1_120' title='bbox 792 955 1023 994; x_wconf 77' lang='lat' dir='ltr'>iniuraverit</span> <span class='ocrx_word' id='word_1_121' title='bbox 1053 955 1110 994; x_wconf 73' lang='lat' dir='ltr'>ila</span> <span class='ocrx_word' id='word_1_122' title='bbox 1141 955 1200 994; x_wconf 67' lang='lat' dir='ltr'>uti</span> <span class='ocrx_word' id='word_1_123' title='bbox 1230 954 1270 995; x_wconf 90' lang='lat' dir='ltr'>S.</span> <span class='ocrx_word' id='word_1_124' title='bbox 1302 954 1342 994; x_wconf 91' lang='lat' dir='ltr'>S.</span> <span class='ocrx_word' id='word_1_125' title='bbox 1375 953 1421 994; x_wconf 91' lang='lat' dir='ltr'>E.</span> 
     </span>
    </p>

    <p class='ocr_par' dir='ltr' id='par_1_10' title="bbox 108 1009 1719 1183">
     <span class='ocr_line' id='line_1_15' title="bbox 248 1009 1719 1066; baseline 0.002 -14"><span class='ocrx_word' id='word_1_126' title='bbox 248 1011 567 1064; x_wconf 76' lang='lat' dir='ltr'>Recuperatoris</span> <span class='ocrx_word' id='word_1_127' title='bbox 585 1009 623 1066; x_wconf 84' lang='lat'>⁵)</span> <span class='ocrx_word' id='word_1_128' title='bbox 657 1017 985 1066; x_wconf 82' lang='lat' dir='ltr'>recuperatorem</span> <span class='ocrx_word' id='word_1_129' title='bbox 1019 1025 1137 1054; x_wconf 88' lang='lat' dir='ltr'>unum</span> <span class='ocrx_word' id='word_1_130' title='bbox 1171 1026 1419 1054; x_wconf 83' lang='lat' dir='ltr'>communem</span> <span class='ocrx_word' id='word_1_131' title='bbox 1457 1013 1629 1055; x_wconf 77' lang='lat' dir='ltr'>adeunto</span> <span class='ocrx_word' id='word_1_132' title='bbox 1660 1013 1719 1055; x_wconf 84' lang='lat' dir='ltr'>si-</span> 
     </span>
     <span class='ocr_line' id='line_1_16' title="bbox 108 1070 1719 1125; baseline 0.002 -14"><span class='ocrx_word' id='word_1_133' title='bbox 108 1070 270 1124; x_wconf 85' lang='lat' dir='ltr'>mulque</span> <span class='ocrx_word' id='word_1_134' title='bbox 300 1071 477 1112; x_wconf 82' lang='lat' dir='ltr'>iuranto:</span> <span class='ocrx_word' id='word_1_135' title='bbox 509 1084 596 1111; x_wconf 85' lang='lat' dir='ltr'>sese</span> <span class='ocrx_word' id='word_1_136' title='bbox 634 1083 730 1111; x_wconf 78' lang='lat' dir='ltr'>vere</span> <span class='ocrx_word' id='word_1_137' title='bbox 762 1076 799 1111; x_wconf 72' lang='lat' dir='ltr'>et</span> <span class='ocrx_word' id='word_1_138' title='bbox 828 1084 881 1112; x_wconf 72' lang='lat' dir='ltr'>ex</span> <span class='ocrx_word' id='word_1_139' title='bbox 911 1071 959 1112; x_wconf 92' lang='lat' dir='ltr'>H.</span> <span class='ocrx_word' id='word_1_140' title='bbox 991 1071 1037 1113; x_wconf 94' lang='lat' dir='ltr'>L.</span> <span class='ocrx_word' id='word_1_141' title='bbox 1069 1072 1352 1113; x_wconf 75' lang='lat' dir='ltr'>iudicaturum.</span> <span class='ocrx_word' id='word_1_142' title='bbox 1384 1072 1432 1113; x_wconf 85' lang='lat' dir='ltr'>Ni</span> <span class='ocrx_word' id='word_1_143' title='bbox 1463 1073 1516 1114; x_wconf 85' lang='lat' dir='ltr'>ita</span> <span class='ocrx_word' id='word_1_144' title='bbox 1547 1073 1719 1125; x_wconf 85' lang='lat' dir='ltr'>iurassit‚</span> 
     </span>
     <span class='ocr_line' id='line_1_17' title="bbox 108 1126 560 1183; baseline 0 -13"><span class='ocrx_word' id='word_1_145' title='bbox 108 1129 227 1171; x_wconf 72' lang='lat' dir='ltr'>inulta</span> <span class='ocrx_word' id='word_1_146' title='bbox 259 1134 346 1172; x_wconf 85' lang='lat' dir='ltr'>esto</span> <span class='ocrx_word' id='word_1_147' title='bbox 378 1130 425 1170; x_wconf 90' lang='lat' dir='ltr'>A.</span> <span class='ocrx_word' id='word_1_148' title='bbox 458 1129 503 1170; x_wconf 92' lang='lat' dir='ltr'>D.</span> <span class='ocrx_word' id='word_1_149' title='bbox 521 1126 560 1183; x_wconf 78' lang='grc'>6)</span> 
     </span>
    </p>

    <p class='ocr_par' dir='ltr' id='par_1_11' title="bbox 109 1188 1718 1291">
     <span class='ocr_line' id='line_1_18' title="bbox 247 1188 1718 1242; baseline 0 -12"><span class='ocrx_word' id='word_1_150' title='bbox 247 1189 293 1230; x_wconf 58' lang='lat' dir='ltr'>Sc·</span> <span class='ocrx_word' id='word_1_151' title='bbox 322 1190 457 1230; x_wconf 76' lang='lat' dir='ltr'>sciens</span> <span class='ocrx_word' id='word_1_152' title='bbox 497 1189 547 1229; x_wconf 90' lang='lat' dir='ltr'>D.</span> <span class='ocrx_word' id='word_1_153' title='bbox 588 1188 642 1230; x_wconf 82' lang='lat' dir='ltr'>M.</span> <span class='ocrx_word' id='word_1_154' title='bbox 685 1189 884 1230; x_wconf 59' lang='lat' dir='ltr'>adsersus</span> <span class='ocrx_word' id='word_1_155' title='bbox 914 1189 963 1230; x_wconf 89' lang='lat' dir='ltr'>H.</span> <span class='ocrx_word' id='word_1_156' title='bbox 1004 1190 1047 1231; x_wconf 88' lang='lat' dir='ltr'>L.</span> <span class='ocrx_word' id='word_1_157' title='bbox 1081 1190 1311 1242; x_wconf 84' lang='lat' dir='ltr'>iudicassit,</span> <span class='ocrx_word' id='word_1_158' title='bbox 1352 1190 1404 1233; x_wconf 83' lang='lat' dir='ltr'>ita</span> <span class='ocrx_word' id='word_1_159' title='bbox 1445 1191 1502 1233; x_wconf 74' lang='lat' dir='ltr'>uti</span> <span class='ocrx_word' id='word_1_160' title='bbox 1532 1189 1569 1233; x_wconf 92' lang='lat' dir='ltr'>S.</span> <span class='ocrx_word' id='word_1_161' title='bbox 1599 1191 1640 1233; x_wconf 89' lang='lat' dir='ltr'>S.</span> <span class='ocrx_word' id='word_1_162' title='bbox 1672 1189 1718 1232; x_wconf 91' lang='lat' dir='ltr'>E.</span> 
     </span>
     <span class='ocr_line' id='line_1_19' title="bbox 109 1249 363 1291; baseline -0.004 -2"><span class='ocrx_word' id='word_1_163' title='bbox 109 1249 230 1291; x_wconf 84' lang='lat' dir='ltr'>multa</span> <span class='ocrx_word' id='word_1_164' title='bbox 260 1253 363 1290; x_wconf 86' lang='lat' dir='ltr'>esto.</span> 
     </span>
    </p>

    <p class='ocr_par' dir='ltr' id='par_1_12' title="bbox 102 1305 1720 1479">
     <span class='ocr_line' id='line_1_20' title="bbox 249 1305 1720 1361; baseline -0.001 -11"><span class='ocrx_word' id='word_1_165' title='bbox 249 1308 551 1361; x_wconf 83' lang='lat' dir='ltr'>Recuperatore</span> <span class='ocrx_word' id='word_1_166' title='bbox 588 1319 830 1360; x_wconf 81' lang='lat' dir='ltr'>unoquoque</span> <span class='ocrx_word' id='word_1_167' title='bbox 846 1305 886 1361; x_wconf 73' lang='grc' dir='ltr'>Τ)</span> <span class='ocrx_word' id='word_1_168' title='bbox 926 1308 970 1348; x_wconf 77' lang='lat' dir='ltr'>in</span> <span class='ocrx_word' id='word_1_169' title='bbox 1009 1312 1072 1348; x_wconf 78' lang='lat' dir='ltr'>ius</span> <span class='ocrx_word' id='word_1_170' title='bbox 1111 1308 1329 1349; x_wconf 76' lang='lat' dir='ltr'>iurandum</span> <span class='ocrx_word' id='word_1_171' title='bbox 1379 1308 1549 1358; x_wconf 80' lang='lat' dir='ltr'>adacto,</span> <span class='ocrx_word' id='word_1_172' title='bbox 1602 1314 1720 1349; x_wconf 77' lang='lat' dir='ltr'>actor</span> 
     </span>
     <span class='ocr_line' id='line_1_21' title="bbox 108 1367 1720 1421; baseline 0 -13"><span class='ocrx_word' id='word_1_173' title='bbox 108 1368 233 1420; x_wconf 79' lang='lat' dir='ltr'>facito</span> <span class='ocrx_word' id='word_1_174' title='bbox 264 1368 318 1408; x_wconf 83' lang='lat' dir='ltr'>uti</span> <span class='ocrx_word' id='word_1_175' title='bbox 349 1368 476 1415; x_wconf 72' lang='lat' dir='ltr'>iuret3</span> <span class='ocrx_word' id='word_1_176' title='bbox 508 1368 622 1419; x_wconf 81' lang='lat' dir='ltr'>isque</span> <span class='ocrx_word' id='word_1_177' title='bbox 648 1367 681 1407; x_wconf 88' lang='lat' dir='ltr'>si</span> <span class='ocrx_word' id='word_1_178' title='bbox 709 1367 760 1407; x_wconf 86' lang='lat' dir='ltr'>ibi</span> <span class='ocrx_word' id='word_1_179' title='bbox 783 1368 938 1407; x_wconf 80' lang='lat' dir='ltr'>testium</span> <span class='ocrx_word' id='word_1_180' title='bbox 963 1378 1105 1407; x_wconf 79' lang='lat' dir='ltr'>caussa</span> <span class='ocrx_word' id='word_1_181' title='bbox 1129 1379 1219 1408; x_wconf 86' lang='lat' dir='ltr'>esse</span> <span class='ocrx_word' id='word_1_182' title='bbox 1240 1367 1356 1419; x_wconf 78' lang='lat' dir='ltr'>(licet,</span> <span class='ocrx_word' id='word_1_183' title='bbox 1389 1368 1579 1421; x_wconf 81' lang='lat' dir='ltr'>magister</span> <span class='ocrx_word' id='word_1_184' title='bbox 1605 1380 1720 1420; x_wconf 84' lang='lat' dir='ltr'>quam</span> 
     </span>
     <span class='ocr_line' id='line_1_22' title="bbox 102 1426 678 1479; baseline -0.005 -12"><span class='ocrx_word' id='word_1_185' title='bbox 102 1428 279 1479; x_wconf 77' lang='lat' dir='ltr'>primum</span> <span class='ocrx_word' id='word_1_186' title='bbox 308 1427 435 1478; x_wconf 74' lang='lat' dir='ltr'>facito</span> <span class='ocrx_word' id='word_1_187' title='bbox 465 1426 678 1466; x_wconf 69' lang='lat' dir='ltr'>iudicetur.</span> 
     </span>
    </p>

    <p class='ocr_par' dir='ltr' id='par_1_13' title="bbox 106 1481 1720 1585">
     <span class='ocr_line' id='line_1_23' title="bbox 247 1481 1720 1540; baseline 0.001 -15"><span class='ocrx_word' id='word_1_188' title='bbox 247 1484 273 1526; x_wconf 93' lang='grc' dir='ltr'>Ι.</span> <span class='ocrx_word' id='word_1_189' title='bbox 305 1481 727 1539; x_wconf 69' lang='lat' dir='ltr'>DS)....perpetuis</span> <span class='ocrx_word' id='word_1_190' title='bbox 767 1497 851 1525; x_wconf 87' lang='lat' dir='ltr'>rem</span> <span class='ocrx_word' id='word_1_191' title='bbox 882 1483 1093 1526; x_wconf 83' lang='lat' dir='ltr'>iudicanto.</span> <span class='ocrx_word' id='word_1_192' title='bbox 1158 1484 1208 1526; x_wconf 90' lang='lat' dir='ltr'>Ni</span> <span class='ocrx_word' id='word_1_193' title='bbox 1248 1486 1299 1527; x_wconf 82' lang='lat' dir='ltr'>ila</span> <span class='ocrx_word' id='word_1_194' title='bbox 1339 1484 1545 1527; x_wconf 81' lang='lat' dir='ltr'>iudicarint</span> <span class='ocrx_word' id='word_1_195' title='bbox 1560 1482 1627 1540; x_wconf 76' lang='lat'>⁹),</span> <span class='ocrx_word' id='word_1_196' title='bbox 1666 1485 1720 1527; x_wconf 75' lang='lat' dir='ltr'>ita</span> 
     </span>
     <span class='ocr_line' id='line_1_24' title="bbox 106 1544 677 1585; baseline -0.002 0"><span class='ocrx_word' id='word_1_197' title='bbox 106 1546 165 1585; x_wconf 72' lang='lat' dir='ltr'>uti</span> <span class='ocrx_word' id='word_1_198' title='bbox 194 1545 236 1585; x_wconf 97' lang='lat' dir='ltr'>S.</span> <span class='ocrx_word' id='word_1_199' title='bbox 268 1544 309 1584; x_wconf 89' lang='lat' dir='ltr'><strong>S.</strong></span> <span class='ocrx_word' id='word_1_200' title='bbox 341 1544 388 1584; x_wconf 92' lang='lat' dir='ltr'>E.</span> <span class='ocrx_word' id='word_1_201' title='bbox 422 1544 538 1584; x_wconf 83' lang='lat' dir='ltr'>multa</span> <span class='ocrx_word' id='word_1_202' title='bbox 578 1547 677 1584; x_wconf 85' lang='lat' dir='ltr'>esto.</span> 
     </span>
    </p>

    <p class='ocr_par' dir='ltr' id='par_1_14' title="bbox 103 1601 1719 1777">
     <span class='ocr_line' id='line_1_25' title="bbox 246 1601 1719 1659; baseline 0 -14"><span class='ocrx_word' id='word_1_203' title='bbox 246 1604 524 1656; x_wconf 83' lang='lat' dir='ltr'>Recuperator</span> <span class='ocrx_word' id='word_1_204' title='bbox 555 1603 625 1656; x_wconf 66' lang='grc' dir='ltr'>(μα’</span> <span class='ocrx_word' id='word_1_205' title='bbox 654 1602 870 1644; x_wconf 73' lang='lat' dir='ltr'><em>luminibus</em></span> <span class='ocrx_word' id='word_1_206' title='bbox 902 1608 1044 1656; x_wconf 78' lang='lat' dir='ltr'>eaptus</span> <span class='ocrx_word' id='word_1_207' title='bbox 1067 1604 1154 1654; x_wconf 77' lang='lat' dir='ltr'>erit,</span> <span class='ocrx_word' id='word_1_208' title='bbox 1185 1604 1322 1645; x_wconf 76' lang='lat' dir='ltr'>iurato</span> <span class='ocrx_word' id='word_1_209' title='bbox 1345 1616 1438 1645; x_wconf 88' lang='lat' dir='ltr'>sese</span> <span class='ocrx_word' id='word_1_210' title='bbox 1457 1601 1514 1659; x_wconf 84' lang='lat'>¹⁰)</span> <span class='ocrx_word' id='word_1_211' title='bbox 1537 1604 1590 1644; x_wconf 85' lang='lat' dir='ltr'>ita</span> <span class='ocrx_word' id='word_1_212' title='bbox 1612 1616 1719 1658; x_wconf 80' lang='lat' dir='ltr'>gna-</span> 
     </span>
     <span class='ocr_line' id='line_1_26' title="bbox 105 1660 1718 1718; baseline -0.001 -13"><span class='ocrx_word' id='word_1_213' title='bbox 105 1668 189 1705; x_wconf 87' lang='lat' dir='ltr'>tum</span> <span class='ocrx_word' id='word_1_214' title='bbox 232 1675 336 1704; x_wconf 88' lang='lat' dir='ltr'>esse.</span> <span class='ocrx_word' id='word_1_215' title='bbox 398 1662 445 1702; x_wconf 90' lang='lat' dir='ltr'>Ni</span> <span class='ocrx_word' id='word_1_216' title='bbox 486 1661 688 1703; x_wconf 84' lang='lat' dir='ltr'>indicassit</span> <span class='ocrx_word' id='word_1_217' title='bbox 729 1662 778 1702; x_wconf 93' lang='lat' dir='ltr'><strong>A.</strong></span> <span class='ocrx_word' id='word_1_218' title='bbox 810 1663 854 1703; x_wconf 92' lang='lat' dir='ltr'>V.</span> <span class='ocrx_word' id='word_1_219' title='bbox 870 1660 912 1716; x_wconf 77' lang='grc'>4)</span> <span class='ocrx_word' id='word_1_220' title='bbox 957 1663 1080 1704; x_wconf 85' lang='lat' dir='ltr'>multa</span> <span class='ocrx_word' id='word_1_221' title='bbox 1110 1667 1212 1706; x_wconf 88' lang='lat' dir='ltr'>esto.</span> <span class='ocrx_word' id='word_1_222' title='bbox 1258 1663 1285 1704; x_wconf 88' lang='grc' dir='ltr'>Ι.</span> <span class='ocrx_word' id='word_1_223' title='bbox 1317 1660 1508 1718; x_wconf 74' lang='lat' dir='ltr'><strong>D.⁸)...</strong></span> <span class='ocrx_word' id='word_1_224' title='bbox 1558 1664 1718 1713; x_wconf 72' lang='lat' dir='ltr'>iurecl03</span> 
     </span>
     <span class='ocr_line' id='line_1_27' title="bbox 103 1719 1148 1777; baseline 0 -14"><span class='ocrx_word' id='word_1_225' title='bbox 103 1723 147 1763; x_wconf 79' lang='lat' dir='ltr'>m&#39;</span> <span class='ocrx_word' id='word_1_226' title='bbox 177 1722 349 1763; x_wconf 75' lang='lat' dir='ltr'>iurassz‘t</span> <span class='ocrx_word' id='word_1_227' title='bbox 376 1722 435 1762; x_wconf 70' lang='grc' dir='ltr'>υἰέ</span> <span class='ocrx_word' id='word_1_228' title='bbox 465 1721 506 1761; x_wconf 89' lang='lat' dir='ltr'><strong>S.</strong></span> <span class='ocrx_word' id='word_1_229' title='bbox 537 1721 579 1761; x_wconf 89' lang='lat' dir='ltr'>S.</span> <span class='ocrx_word' id='word_1_230' title='bbox 612 1720 658 1761; x_wconf 93' lang='lat' dir='ltr'>E.</span> <span class='ocrx_word' id='word_1_231' title='bbox 692 1721 816 1762; x_wconf 69' lang='lat' dir='ltr'>media</span> <span class='ocrx_word' id='word_1_232' title='bbox 848 1727 934 1763; x_wconf 83' lang='lat' dir='ltr'>esto</span> <span class='ocrx_word' id='word_1_233' title='bbox 965 1721 1012 1763; x_wconf 92' lang='lat' dir='ltr'><strong>A.</strong></span> <span class='ocrx_word' id='word_1_234' title='bbox 1045 1722 1091 1763; x_wconf 93' lang='lat' dir='ltr'>V.</span> <span class='ocrx_word' id='word_1_235' title='bbox 1104 1719 1148 1777; x_wconf 71' lang='grc'>1)</span> 
     </span>
    </p>
   </div>
   <div class='ocr_carea' id='block_1_3' title="bbox 104 1803 1719 1915">
    <p class='ocr_par' dir='ltr' id='par_1_15' title="bbox 104 1803 1719 1915">
     <span class='ocr_line' id='line_1_28' title="bbox 248 1803 1719 1861; baseline 0.002 -17"><span class='ocrx_word' id='word_1_236' title='bbox 248 1808 369 1845; x_wconf 80' lang='grc'>1769.</span> <span class='ocrx_word' id='word_1_237' title='bbox 428 1805 520 1858; x_wconf 87' lang='lat' dir='ltr'><strong>Imp.</strong></span> <span class='ocrx_word' id='word_1_238' title='bbox 551 1805 594 1846; x_wconf 90' lang='lat' dir='ltr'><strong>P.</strong></span> <span class='ocrx_word' id='word_1_239' title='bbox 626 1805 776 1847; x_wconf 88' lang='lat' dir='ltr'>Licinio</span> <span class='ocrx_word' id='word_1_240' title='bbox 809 1805 1018 1847; x_wconf 83' lang='lat' dir='ltr'>Valeriano</span> <span class='ocrx_word' id='word_1_241' title='bbox 1058 1804 1162 1861; x_wconf 84' lang='lat' dir='ltr'><strong>Aug.</strong></span> <span class='ocrx_word' id='word_1_242' title='bbox 1204 1810 1279 1848; x_wconf 84' lang='lat' dir='ltr'>ter.</span> <span class='ocrx_word' id='word_1_243' title='bbox 1322 1811 1362 1848; x_wconf 89' lang='lat' dir='ltr'>et</span> <span class='ocrx_word' id='word_1_244' title='bbox 1405 1804 1583 1848; x_wconf 83' lang='lat' dir='ltr'>Gallieno</span> <span class='ocrx_word' id='word_1_245' title='bbox 1614 1803 1719 1860; x_wconf 82' lang='lat' dir='ltr'><strong>Aug.</strong></span> 
     </span>
     <span class='ocr_line' id='line_1_29' title="bbox 104 1863 618 1915; baseline -0.004 -9"><span class='ocrx_word' id='word_1_246' title='bbox 104 1864 135 1907; x_wconf 92' lang='lat'>11</span> <span class='ocrx_word' id='word_1_247' title='bbox 169 1864 280 1906; x_wconf 91' lang='lat' dir='ltr'>Coss.</span> <span class='ocrx_word' id='word_1_248' title='bbox 300 1897 308 1905; x_wconf 87' lang='lat'>.</span> <span class='ocrx_word' id='word_1_249' title='bbox 329 1896 338 1905; x_wconf 94' lang='lat'>.</span> <span class='ocrx_word' id='word_1_250' title='bbox 357 1896 366 1905; x_wconf 94' lang='lat'>.</span> <span class='ocrx_word' id='word_1_251' title='bbox 386 1896 396 1915; x_wconf 70' lang='lat'>⁷</span> <span class='ocrx_word' id='word_1_252' title='bbox 427 1863 618 1906; x_wconf 83' lang='lat' dir='ltr'>Februar.</span> 
     </span>
    </p>
   </div>
   <div class='ocr_carea' id='block_1_4' title="bbox 103 1931 1718 2462">
    <p class='ocr_par' dir='ltr' id='par_1_16' title="bbox 103 1931 1718 2462">
     <span class='ocr_line' id='line_1_30' title="bbox 243 1931 1717 1989; baseline -0.001 -12"><span class='ocrx_word' id='word_1_253' title='bbox 243 1936 285 1977; x_wconf 94' lang='lat' dir='ltr'>In</span> <span class='ocrx_word' id='word_1_254' title='bbox 326 1931 488 1988; x_wconf 81' lang='lat' dir='ltr'>coll.¹¹)</span> <span class='ocrx_word' id='word_1_255' title='bbox 530 1946 609 1976; x_wconf 92' lang='lat' dir='ltr'>suo</span> <span class='ocrx_word' id='word_1_256' title='bbox 641 1947 731 1977; x_wconf 87' lang='lat' dir='ltr'>cum</span> <span class='ocrx_word' id='word_1_257' title='bbox 763 1935 955 1989; x_wconf 81' lang='lat' dir='ltr'>frequens</span> <span class='ocrx_word' id='word_1_258' title='bbox 989 1936 1244 1977; x_wconf 87' lang='lat' dir='ltr'>convenisset</span> <span class='ocrx_word' id='word_1_259' title='bbox 1273 1936 1321 1977; x_wconf 88' lang='lat' dir='ltr'><strong>N.</strong></span> <span class='ocrx_word' id='word_1_260' title='bbox 1355 1933 1540 1989; x_wconf 85' lang='lat' dir='ltr'>Cent.¹2)</span> <span class='ocrx_word' id='word_1_261' title='bbox 1583 1935 1717 1988; x_wconf 86' lang='lat' dir='ltr'>ibique</span> 
     </span>
     <span class='ocr_line' id='line_1_31' title="bbox 104 1991 1718 2049; baseline -0.002 -12"><span class='ocrx_word' id='word_1_262' title='bbox 104 1994 372 2037; x_wconf 80' lang='lat' dir='ltr'>referentibus</span> <span class='ocrx_word' id='word_1_263' title='bbox 405 1993 451 2042; x_wconf 81' lang='lat' dir='ltr'>Q.</span> <span class='ocrx_word' id='word_1_264' title='bbox 472 1994 626 2035; x_wconf 84' lang='lat' dir='ltr'>Mirone</span> <span class='ocrx_word' id='word_1_265' title='bbox 649 2000 688 2035; x_wconf 87' lang='lat' dir='ltr'>et</span> <span class='ocrx_word' id='word_1_266' title='bbox 710 1994 829 2036; x_wconf 86' lang='lat' dir='ltr'>Festo</span> <span class='ocrx_word' id='word_1_267' title='bbox 860 1996 939 2035; x_wconf 91' lang='lat' dir='ltr'>iun.</span> <span class='ocrx_word' id='word_1_268' title='bbox 964 1995 1097 2049; x_wconf 82' lang='lat' dir='ltr'><strong>Magg.</strong></span> <span class='ocrx_word' id='word_1_269' title='bbox 1121 1995 1168 2044; x_wconf 83' lang='lat' dir='ltr'>Q.</span> <span class='ocrx_word' id='word_1_270' title='bbox 1188 1995 1233 2036; x_wconf 93' lang='lat' dir='ltr'><strong>V.</strong></span> <span class='ocrx_word' id='word_1_271' title='bbox 1252 1995 1294 2035; x_wconf 87' lang='lat' dir='ltr'>F.</span> <span class='ocrx_word' id='word_1_272' title='bbox 1315 1995 1354 2036; x_wconf 89' lang='lat' dir='ltr'>S.</span> <span class='ocrx_word' id='word_1_273' title='bbox 1374 1991 1430 2049; x_wconf 78' lang='lat'>¹3)</span> <span class='ocrx_word' id='word_1_274' title='bbox 1464 2007 1557 2036; x_wconf 91' lang='lat' dir='ltr'>esse</span> <span class='ocrx_word' id='word_1_275' title='bbox 1590 2005 1718 2048; x_wconf 90' lang='lat' dir='ltr'>opor-</span> 
     </span>
     <span class='ocr_line' id='line_1_32' title="bbox 105 2051 1717 2108; baseline -0.002 -12"><span class='ocrx_word' id='word_1_276' title='bbox 105 2059 190 2096; x_wconf 89' lang='lat' dir='ltr'>tun.</span> <span class='ocrx_word' id='word_1_277' title='bbox 223 2054 262 2094; x_wconf 93' lang='lat' dir='ltr'>in</span> <span class='ocrx_word' id='word_1_278' title='bbox 294 2057 448 2107; x_wconf 85' lang='lat' dir='ltr'>perpet.</span> <span class='ocrx_word' id='word_1_279' title='bbox 482 2052 571 2094; x_wconf 89' lang='lat' dir='ltr'>coll.</span> <span class='ocrx_word' id='word_1_280' title='bbox 603 2066 640 2094; x_wconf 92' lang='lat' dir='ltr'>n.</span> <span class='ocrx_word' id='word_1_281' title='bbox 663 2051 719 2108; x_wconf 68' lang='grc'>14)</span> <span class='ocrx_word' id='word_1_282' title='bbox 754 2055 787 2095; x_wconf 92' lang='lat' dir='ltr'>si</span> <span class='ocrx_word' id='word_1_283' title='bbox 819 2066 890 2095; x_wconf 90' lang='lat' dir='ltr'>eos</span> <span class='ocrx_word' id='word_1_284' title='bbox 921 2059 1022 2107; x_wconf 86' lang='lat' dir='ltr'>patr.</span> <span class='ocrx_word' id='word_1_285' title='bbox 1055 2054 1170 2096; x_wconf 90' lang='lat' dir='ltr'>nobis</span> <span class='ocrx_word' id='word_1_286' title='bbox 1201 2057 1333 2107; x_wconf 84' lang='lat' dir='ltr'>coopt.</span> <span class='ocrx_word' id='word_1_287' title='bbox 1365 2053 1546 2094; x_wconf 88' lang='lat' dir='ltr'>honorib.</span> <span class='ocrx_word' id='word_1_288' title='bbox 1579 2052 1717 2094; x_wconf 81' lang='lat' dir='ltr'>illustr.</span> 
     </span>
     <span class='ocr_line' id='line_1_33' title="bbox 104 2110 1718 2167; baseline -0.002 -12"><span class='ocrx_word' id='word_1_289' title='bbox 104 2112 270 2165; x_wconf 80' lang='lat' dir='ltr'>praedit.</span> <span class='ocrx_word' id='word_1_290' title='bbox 293 2113 386 2153; x_wconf 90' lang='lat' dir='ltr'>bon.</span> <span class='ocrx_word' id='word_1_291' title='bbox 409 2112 478 2152; x_wconf 87' lang='lat' dir='ltr'><strong>vit.</strong></span> <span class='ocrx_word' id='word_1_292' title='bbox 511 2125 636 2154; x_wconf 81' lang='lat' dir='ltr'><strong>maxs.</strong></span> <span class='ocrx_word' id='word_1_293' title='bbox 666 2112 731 2153; x_wconf 86' lang='lat' dir='ltr'><strong>fid.</strong></span> <span class='ocrx_word' id='word_1_294' title='bbox 765 2112 904 2166; x_wconf 89' lang='lat' dir='ltr'>plenos</span> <span class='ocrx_word' id='word_1_295' title='bbox 926 2110 1004 2167; x_wconf 73' lang='lat'>¹5);</span> <span class='ocrx_word' id='word_1_296' title='bbox 1035 2124 1135 2166; x_wconf 83' lang='lat' dir='ltr'>ergo</span> <span class='ocrx_word' id='word_1_297' title='bbox 1169 2125 1257 2153; x_wconf 84' lang='lat' dir='ltr'>cum</span> <span class='ocrx_word' id='word_1_298' title='bbox 1289 2113 1340 2154; x_wconf 88' lang='lat' dir='ltr'>sit</span> <span class='ocrx_word' id='word_1_299' title='bbox 1369 2111 1411 2152; x_wconf 93' lang='lat' dir='ltr'>L.</span> <span class='ocrx_word' id='word_1_300' title='bbox 1446 2112 1531 2153; x_wconf 84' lang='lat' dir='ltr'><strong>Cot.</strong></span> <span class='ocrx_word' id='word_1_301' title='bbox 1561 2112 1718 2153; x_wconf 84' lang='lat' dir='ltr'>Procu-</span> 
     </span>
     <span class='ocr_line' id='line_1_34' title="bbox 103 2167 1718 2225; baseline -0.002 -12"><span class='ocrx_word' id='word_1_302' title='bbox 103 2172 179 2224; x_wconf 88' lang='lat' dir='ltr'>lus,</span> <span class='ocrx_word' id='word_1_303' title='bbox 209 2172 269 2212; x_wconf 85' lang='lat' dir='ltr'>vir</span> <span class='ocrx_word' id='word_1_304' title='bbox 300 2170 452 2224; x_wconf 84' lang='lat' dir='ltr'>splend.</span> <span class='ocrx_word' id='word_1_305' title='bbox 486 2172 632 2212; x_wconf 86' lang='lat' dir='ltr'>cumul.</span> <span class='ocrx_word' id='word_1_306' title='bbox 665 2172 799 2225; x_wconf 81' lang='lat' dir='ltr'>patrie.</span> <span class='ocrx_word' id='word_1_307' title='bbox 823 2171 893 2224; x_wconf 88' lang='lat' dir='ltr'>spl.</span> <span class='ocrx_word' id='word_1_308' title='bbox 920 2172 1088 2212; x_wconf 82' lang='lat' dir='ltr'>civitatis</span> <span class='ocrx_word' id='word_1_309' title='bbox 1109 2184 1146 2212; x_wconf 87' lang='lat' dir='ltr'>n.</span> <span class='ocrx_word' id='word_1_310' title='bbox 1170 2171 1345 2212; x_wconf 87' lang='lat' dir='ltr'>Lunens.</span> <span class='ocrx_word' id='word_1_311' title='bbox 1364 2167 1421 2225; x_wconf 72' lang='lat'>¹⁶)</span> <span class='ocrx_word' id='word_1_312' title='bbox 1454 2171 1572 2212; x_wconf 89' lang='lat' dir='ltr'>homo</span> <span class='ocrx_word' id='word_1_313' title='bbox 1593 2170 1718 2223; x_wconf 85' lang='lat' dir='ltr'>simpl.</span> 
     </span>
     <span class='ocr_line' id='line_1_35' title="bbox 103 2227 1717 2285; baseline -0.002 -13"><span class='ocrx_word' id='word_1_314' title='bbox 103 2233 224 2284; x_wconf 81' lang='lat' dir='ltr'>vitae,</span> <span class='ocrx_word' id='word_1_315' title='bbox 256 2231 361 2271; x_wconf 90' lang='lat' dir='ltr'>unde</span> <span class='ocrx_word' id='word_1_316' title='bbox 392 2229 592 2272; x_wconf 88' lang='lat' dir='ltr'>credimus</span> <span class='ocrx_word' id='word_1_317' title='bbox 623 2230 766 2285; x_wconf 85' lang='lat' dir='ltr'>grandi</span> <span class='ocrx_word' id='word_1_318' title='bbox 799 2230 956 2272; x_wconf 86' lang='lat' dir='ltr'>cumulo</span> <span class='ocrx_word' id='word_1_319' title='bbox 986 2230 1133 2283; x_wconf 88' lang='lat' dir='ltr'>repleri</span> <span class='ocrx_word' id='word_1_320' title='bbox 1154 2242 1260 2270; x_wconf 89' lang='lat' dir='ltr'><strong>num.</strong></span> <span class='ocrx_word' id='word_1_321' title='bbox 1282 2230 1329 2270; x_wconf 92' lang='lat' dir='ltr'>N.</span> <span class='ocrx_word' id='word_1_322' title='bbox 1349 2227 1404 2283; x_wconf 78' lang='lat'>¹⁷)</span> <span class='ocrx_word' id='word_1_323' title='bbox 1436 2230 1470 2271; x_wconf 93' lang='lat' dir='ltr'>si</span> <span class='ocrx_word' id='word_1_324' title='bbox 1490 2242 1580 2270; x_wconf 88' lang='lat' dir='ltr'>eum</span> <span class='ocrx_word' id='word_1_325' title='bbox 1602 2229 1717 2270; x_wconf 89' lang='lat' dir='ltr'>nobis</span> 
     </span>
     <span class='ocr_line' id='line_1_36' title="bbox 104 2285 1717 2345; baseline -0.002 -13"><span class='ocrx_word' id='word_1_326' title='bbox 104 2295 202 2345; x_wconf 85' lang='lat' dir='ltr'>patr.</span> <span class='ocrx_word' id='word_1_327' title='bbox 235 2290 280 2331; x_wconf 87' lang='lat' dir='ltr'>N.</span> <span class='ocrx_word' id='word_1_328' title='bbox 304 2294 553 2343; x_wconf 87' lang='lat' dir='ltr'>cooptemus,</span> <span class='ocrx_word' id='word_1_329' title='bbox 586 2289 631 2337; x_wconf 85' lang='lat' dir='ltr'>Q.</span> <span class='ocrx_word' id='word_1_330' title='bbox 663 2289 704 2330; x_wconf 91' lang='lat' dir='ltr'>F.</span> <span class='ocrx_word' id='word_1_331' title='bbox 736 2289 776 2330; x_wconf 90' lang='lat' dir='ltr'>P.</span> <span class='ocrx_word' id='word_1_332' title='bbox 808 2289 855 2329; x_wconf 89' lang='lat' dir='ltr'>D.</span> <span class='ocrx_word' id='word_1_333' title='bbox 887 2289 930 2330; x_wconf 89' lang='lat' dir='ltr'>E.</span> <span class='ocrx_word' id='word_1_334' title='bbox 963 2301 1009 2329; x_wconf 88' lang='lat' dir='ltr'>re</span> <span class='ocrx_word' id='word_1_335' title='bbox 1039 2289 1066 2329; x_wconf 93' lang='lat' dir='ltr'>I.</span> <span class='ocrx_word' id='word_1_336' title='bbox 1099 2288 1140 2329; x_wconf 89' lang='lat' dir='ltr'>C.</span> <span class='ocrx_word' id='word_1_337' title='bbox 1161 2285 1217 2343; x_wconf 69' lang='grc'>18)</span> <span class='ocrx_word' id='word_1_338' title='bbox 1249 2289 1408 2342; x_wconf 85' lang='lat' dir='ltr'>placere</span> <span class='ocrx_word' id='word_1_339' title='bbox 1440 2288 1592 2330; x_wconf 86' lang='lat' dir='ltr'>cunctis</span> <span class='ocrx_word' id='word_1_340' title='bbox 1624 2288 1717 2329; x_wconf 90' lang='lat' dir='ltr'>uni-</span> 
     </span>
     <span class='ocr_line' id='line_1_37' title="bbox 104 2347 1716 2403; baseline -0.001 -14"><span class='ocrx_word' id='word_1_341' title='bbox 104 2349 274 2403; x_wconf 84' lang='lat' dir='ltr'>versisq.</span> <span class='ocrx_word' id='word_1_342' title='bbox 306 2352 385 2390; x_wconf 85' lang='lat' dir='ltr'>tam</span> <span class='ocrx_word' id='word_1_343' title='bbox 415 2347 564 2390; x_wconf 85' lang='lat' dir='ltr'>salubri</span> <span class='ocrx_word' id='word_1_344' title='bbox 594 2347 774 2389; x_wconf 78' lang='lat' dir='ltr'>relationi</span> <span class='ocrx_word' id='word_1_345' title='bbox 802 2349 1083 2401; x_wconf 85' lang='lat' dir='ltr'>magistrorum</span> <span class='ocrx_word' id='word_1_346' title='bbox 1105 2352 1230 2389; x_wconf 86' lang='lat' dir='ltr'>nostr.</span> <span class='ocrx_word' id='word_1_347' title='bbox 1263 2347 1493 2398; x_wconf 86' lang='lat' dir='ltr'>consentiri,</span> <span class='ocrx_word' id='word_1_348' title='bbox 1523 2358 1716 2400; x_wconf 84' lang='lat' dir='ltr'>praeser-</span> 
     </span>
     <span class='ocr_line' id='line_1_38' title="bbox 104 2404 1717 2462; baseline -0.002 -13"><span class='ocrx_word' id='word_1_349' title='bbox 104 2409 174 2449; x_wconf 77' lang='lat' dir='ltr'>tim</span> <span class='ocrx_word' id='word_1_350' title='bbox 205 2421 297 2450; x_wconf 88' lang='lat' dir='ltr'>cum</span> <span class='ocrx_word' id='word_1_351' title='bbox 327 2408 378 2450; x_wconf 85' lang='lat' dir='ltr'>sit</span> <span class='ocrx_word' id='word_1_352' title='bbox 407 2411 447 2449; x_wconf 89' lang='lat' dir='ltr'>et</span> <span class='ocrx_word' id='word_1_353' title='bbox 478 2407 669 2462; x_wconf 75' lang='lat' dir='ltr'>dignitate</span> <span class='ocrx_word' id='word_1_354' title='bbox 696 2406 933 2449; x_wconf 83' lang='lat' dir='ltr'>accumulat.</span> <span class='ocrx_word' id='word_1_355' title='bbox 965 2411 1004 2448; x_wconf 89' lang='lat' dir='ltr'>et</span> <span class='ocrx_word' id='word_1_356' title='bbox 1034 2406 1188 2448; x_wconf 90' lang='lat' dir='ltr'>honore</span> <span class='ocrx_word' id='word_1_357' title='bbox 1209 2405 1378 2449; x_wconf 84' lang='lat' dir='ltr'>fascium</span> <span class='ocrx_word' id='word_1_358' title='bbox 1399 2407 1587 2461; x_wconf 79' lang='lat' dir='ltr'>repletus,</span> <span class='ocrx_word' id='word_1_359' title='bbox 1608 2404 1717 2447; x_wconf 90' lang='lat' dir='ltr'>unde</span> 
     </span>
    </p>
   </div>
   <div class='ocr_carea' id='block_1_5' title="bbox 107 2581 1714 3062">
    <p class='ocr_par' dir='ltr' id='par_1_17' title="bbox 107 2581 1714 3006">
     <span class='ocr_line' id='line_1_39' title="bbox 245 2581 1713 2632; baseline -0.003 -11"><span class='ocrx_word' id='word_1_360' title='bbox 245 2584 285 2629; x_wconf 87' lang='lat'>1)</span> <span class='ocrx_word' id='word_1_361' title='bbox 308 2597 409 2632; x_wconf 87' lang='lat' dir='ltr'>supra</span> <span class='ocrx_word' id='word_1_362' title='bbox 434 2587 595 2631; x_wconf 85' lang='lat' dir='ltr'>scriptum</span> <span class='ocrx_word' id='word_1_363' title='bbox 621 2591 682 2619; x_wconf 82' lang='lat' dir='ltr'>est.</span> <span class='ocrx_word' id='word_1_364' title='bbox 719 2603 760 2607; x_wconf 91' lang='lat'>—</span> <span class='ocrx_word' id='word_1_365' title='bbox 793 2584 832 2627; x_wconf 83' lang='grc'>8)</span> <span class='ocrx_word' id='word_1_366' title='bbox 858 2585 982 2618; x_wconf 84' lang='lat' dir='ltr'>assium</span> <span class='ocrx_word' id='word_1_367' title='bbox 1007 2590 1153 2618; x_wconf 86' lang='lat' dir='ltr'>eentum.</span> <span class='ocrx_word' id='word_1_368' title='bbox 1187 2601 1232 2606; x_wconf 84' lang='lat'>-</span> <span class='ocrx_word' id='word_1_369' title='bbox 1266 2581 1305 2626; x_wconf 89' lang='grc'>3)</span> <span class='ocrx_word' id='word_1_370' title='bbox 1339 2584 1461 2618; x_wconf 79' lang='lat' dir='ltr'>assium</span> <span class='ocrx_word' id='word_1_371' title='bbox 1491 2583 1713 2627; x_wconf 81' lang='lat' dir='ltr'>singulorum.</span> 
     </span>
     <span class='ocr_line' id='line_1_40' title="bbox 108 2629 1714 2678; baseline -0.002 -11"><span class='ocrx_word' id='word_1_372' title='bbox 108 2651 149 2658; x_wconf 85' lang='grc'>-</span> <span class='ocrx_word' id='word_1_373' title='bbox 175 2632 213 2676; x_wconf 89' lang='grc'>4)</span> <span class='ocrx_word' id='word_1_374' title='bbox 240 2635 360 2668; x_wconf 78' lang='lat' dir='ltr'>assium</span> <span class='ocrx_word' id='word_1_375' title='bbox 389 2635 535 2678; x_wconf 86' lang='lat' dir='ltr'>quinum.</span> <span class='ocrx_word' id='word_1_376' title='bbox 563 2651 604 2655; x_wconf 95' lang='lat'><strong>—</strong></span> <span class='ocrx_word' id='word_1_377' title='bbox 633 2634 671 2674; x_wconf 87' lang='grc'>5)</span> <span class='ocrx_word' id='word_1_378' title='bbox 696 2643 774 2677; x_wconf 86' lang='lat' dir='ltr'>pro:</span> <span class='ocrx_word' id='word_1_379' title='bbox 809 2637 1062 2675; x_wconf 77' lang='lat' dir='ltr'>recuperatores.</span> <span class='ocrx_word' id='word_1_380' title='bbox 1088 2649 1133 2653; x_wconf 79' lang='lat'>—-</span> <span class='ocrx_word' id='word_1_381' title='bbox 1159 2629 1197 2674; x_wconf 91' lang='grc'>6)</span> <span class='ocrx_word' id='word_1_382' title='bbox 1229 2633 1352 2665; x_wconf 78' lang='lat' dir='ltr'>assium</span> <span class='ocrx_word' id='word_1_383' title='bbox 1387 2632 1714 2676; x_wconf 77' lang='lat' dir='ltr'>quinquagenorum.</span> 
     </span>
     <span class='ocr_line' id='line_1_41' title="bbox 108 2675 1714 2724; baseline -0.002 -10"><span class='ocrx_word' id='word_1_384' title='bbox 108 2699 149 2704; x_wconf 92' lang='lat'>—</span> <span class='ocrx_word' id='word_1_385' title='bbox 175 2679 214 2724; x_wconf 88' lang='grc' dir='ltr'>Ι7)</span> <span class='ocrx_word' id='word_1_386' title='bbox 240 2680 323 2715; x_wconf 91' lang='lat' dir='ltr'><strong>Cod.</strong></span> <span class='ocrx_word' id='word_1_387' title='bbox 349 2682 486 2715; x_wconf 83' lang='lat' dir='ltr'>vitiose:</span> <span class='ocrx_word' id='word_1_388' title='bbox 511 2686 720 2723; x_wconf 77' lang='lat' dir='ltr'>unoquotqne.</span> <span class='ocrx_word' id='word_1_389' title='bbox 747 2696 791 2700; x_wconf 74' lang='lat'>—</span> <span class='ocrx_word' id='word_1_390' title='bbox 817 2679 855 2719; x_wconf 84' lang='grc'>8)</span> <span class='ocrx_word' id='word_1_391' title='bbox 882 2679 917 2712; x_wconf 84' lang='grc' dir='ltr'>Ιη</span> <span class='ocrx_word' id='word_1_392' title='bbox 946 2678 1076 2712; x_wconf 90' lang='lat' dir='ltr'>diebus.</span> <span class='ocrx_word' id='word_1_393' title='bbox 1100 2678 1268 2712; x_wconf 80' lang='lat' dir='ltr'>Numerus</span> <span class='ocrx_word' id='word_1_394' title='bbox 1294 2679 1426 2712; x_wconf 85' lang='lat' dir='ltr'>dierum</span> <span class='ocrx_word' id='word_1_395' title='bbox 1444 2677 1577 2711; x_wconf 80' lang='lat' dir='ltr'>excidit.</span> <span class='ocrx_word' id='word_1_396' title='bbox 1605 2695 1645 2700; x_wconf 92' lang='lat'>—</span> <span class='ocrx_word' id='word_1_397' title='bbox 1673 2675 1714 2720; x_wconf 83' lang='lat'>9)</span> 
     </span>
     <span class='ocr_line' id='line_1_42' title="bbox 107 2724 1713 2770; baseline -0.002 -8"><span class='ocrx_word' id='word_1_398' title='bbox 107 2727 188 2762; x_wconf 86' lang='lat' dir='ltr'><strong>Cod.</strong></span> <span class='ocrx_word' id='word_1_399' title='bbox 213 2729 352 2762; x_wconf 71' lang='lat' dir='ltr'>vitiose:</span> <span class='ocrx_word' id='word_1_400' title='bbox 379 2728 612 2761; x_wconf 70' lang='lat' dir='ltr'>indicae-arim.</span> <span class='ocrx_word' id='word_1_401' title='bbox 644 2744 685 2748; x_wconf 92' lang='lat'><strong>—</strong></span> <span class='ocrx_word' id='word_1_402' title='bbox 725 2724 783 2767; x_wconf 91' lang='grc'>10)</span> <span class='ocrx_word' id='word_1_403' title='bbox 811 2724 894 2759; x_wconf 93' lang='lat' dir='ltr'><strong>Cod.</strong></span> <span class='ocrx_word' id='word_1_404' title='bbox 922 2725 1010 2759; x_wconf 80' lang='lat' dir='ltr'>male</span> <span class='ocrx_word' id='word_1_405' title='bbox 1036 2737 1101 2758; x_wconf 80' lang='lat' dir='ltr'>esse</span> <span class='ocrx_word' id='word_1_406' title='bbox 1126 2725 1228 2759; x_wconf 82' lang='lat' dir='ltr'>habet</span> <span class='ocrx_word' id='word_1_407' title='bbox 1252 2736 1314 2770; x_wconf 90' lang='lat' dir='ltr'>pro</span> <span class='ocrx_word' id='word_1_408' title='bbox 1340 2737 1416 2758; x_wconf 81' lang='lat' dir='ltr'>sese.</span> <span class='ocrx_word' id='word_1_409' title='bbox 1443 2742 1485 2747; x_wconf 87' lang='lat'>-—</span> <span class='ocrx_word' id='word_1_410' title='bbox 1513 2724 1574 2766; x_wconf 90' lang='grc'>11)</span> <span class='ocrx_word' id='word_1_411' title='bbox 1600 2724 1713 2758; x_wconf 86' lang='lat' dir='ltr'>colle-</span> 
     </span>
     <span class='ocr_line' id='line_1_43' title="bbox 107 2771 1714 2818; baseline -0.002 -11"><span class='ocrx_word' id='word_1_412' title='bbox 107 2776 175 2818; x_wconf 82' lang='lat' dir='ltr'><strong>gio.</strong></span> <span class='ocrx_word' id='word_1_413' title='bbox 201 2792 242 2798; x_wconf 81' lang='lat'>——</span> <span class='ocrx_word' id='word_1_414' title='bbox 271 2774 330 2817; x_wconf 88' lang='grc'>12)</span> <span class='ocrx_word' id='word_1_415' title='bbox 354 2786 513 2808; x_wconf 82' lang='lat' dir='ltr'>numerus</span> <span class='ocrx_word' id='word_1_416' title='bbox 539 2774 823 2812; x_wconf 68' lang='lat' dir='ltr'>centonariorum.</span> <span class='ocrx_word' id='word_1_417' title='bbox 849 2791 894 2796; x_wconf 97' lang='lat'>—</span> <span class='ocrx_word' id='word_1_418' title='bbox 921 2771 980 2815; x_wconf 87' lang='lat'>13)</span> <span class='ocrx_word' id='word_1_419' title='bbox 1006 2774 1148 2814; x_wconf 88' lang='lat' dir='ltr'>iuniore,</span> <span class='ocrx_word' id='word_1_420' title='bbox 1172 2773 1352 2816; x_wconf 80' lang='lat' dir='ltr'>magistris,</span> <span class='ocrx_word' id='word_1_421' title='bbox 1378 2771 1469 2817; x_wconf 85' lang='lat' dir='ltr'>quod</span> <span class='ocrx_word' id='word_1_422' title='bbox 1495 2771 1600 2805; x_wconf 85' lang='lat' dir='ltr'>verba</span> <span class='ocrx_word' id='word_1_423' title='bbox 1624 2772 1714 2805; x_wconf 76' lang='lat' dir='ltr'>facta</span> 
     </span>
     <span class='ocr_line' id='line_1_44' title="bbox 107 2817 1712 2866; baseline -0.001 -13"><span class='ocrx_word' id='word_1_424' title='bbox 107 2827 194 2855; x_wconf 87' lang='lat' dir='ltr'>sunt.</span> <span class='ocrx_word' id='word_1_425' title='bbox 220 2840 262 2845; x_wconf 92' lang='lat'>-—</span> <span class='ocrx_word' id='word_1_426' title='bbox 290 2820 350 2864; x_wconf 79' lang='grc'>14)</span> <span class='ocrx_word' id='word_1_427' title='bbox 377 2822 523 2866; x_wconf 83' lang='lat' dir='ltr'>collegio</span> <span class='ocrx_word' id='word_1_428' title='bbox 548 2826 675 2854; x_wconf 86' lang='lat' dir='ltr'>nostro.</span> <span class='ocrx_word' id='word_1_429' title='bbox 711 2837 752 2842; x_wconf 84' lang='lat'>-—</span> <span class='ocrx_word' id='word_1_430' title='bbox 789 2817 849 2860; x_wconf 89' lang='grc'>15)</span> <span class='ocrx_word' id='word_1_431' title='bbox 874 2826 1036 2864; x_wconf 83' lang='lat' dir='ltr'>patronos</span> <span class='ocrx_word' id='word_1_432' title='bbox 1067 2819 1165 2853; x_wconf 84' lang='lat' dir='ltr'>nobis</span> <span class='ocrx_word' id='word_1_433' title='bbox 1198 2825 1396 2863; x_wconf 85' lang='lat' dir='ltr'>cooptemus</span> <span class='ocrx_word' id='word_1_434' title='bbox 1423 2818 1605 2852; x_wconf 90' lang='lat' dir='ltr'>honoribus</span> <span class='ocrx_word' id='word_1_435' title='bbox 1630 2819 1712 2852; x_wconf 91' lang='lat' dir='ltr'>illu-</span> 
     </span>
     <span class='ocr_line' id='line_1_45' title="bbox 108 2865 1713 2913; baseline -0.001 -14"><span class='ocrx_word' id='word_1_436' title='bbox 108 2873 204 2910; x_wconf 73' lang='lat' dir='ltr'>sti-es,</span> <span class='ocrx_word' id='word_1_437' title='bbox 229 2870 402 2913; x_wconf 83' lang='lat' dir='ltr'>praeditos</span> <span class='ocrx_word' id='word_1_438' title='bbox 419 2869 507 2902; x_wconf 81' lang='lat' dir='ltr'>hona</span> <span class='ocrx_word' id='word_1_439' title='bbox 526 2869 608 2908; x_wconf 78' lang='lat' dir='ltr'>vita,</span> <span class='ocrx_word' id='word_1_440' title='bbox 634 2868 778 2900; x_wconf 80' lang='lat' dir='ltr'>maxima</span> <span class='ocrx_word' id='word_1_441' title='bbox 804 2867 869 2900; x_wconf 89' lang='lat' dir='ltr'>fide</span> <span class='ocrx_word' id='word_1_442' title='bbox 887 2867 1016 2911; x_wconf 87' lang='lat' dir='ltr'>plenos.</span> <span class='ocrx_word' id='word_1_443' title='bbox 1043 2884 1085 2889; x_wconf 85' lang='lat'>-——</span> <span class='ocrx_word' id='word_1_444' title='bbox 1111 2866 1174 2908; x_wconf 87' lang='grc'>16)</span> <span class='ocrx_word' id='word_1_445' title='bbox 1192 2868 1244 2900; x_wconf 85' lang='lat' dir='ltr'>vir</span> <span class='ocrx_word' id='word_1_446' title='bbox 1261 2865 1470 2910; x_wconf 86' lang='lat' dir='ltr'>splendidus,</span> <span class='ocrx_word' id='word_1_447' title='bbox 1489 2865 1713 2900; x_wconf 83' lang='lat' dir='ltr'>cummutatus</span> 
     </span>
     <span class='ocr_line' id='line_1_46' title="bbox 107 2910 1711 2961; baseline 0 -15"><span class='ocrx_word' id='word_1_448' title='bbox 107 2916 249 2957; x_wconf 77' lang='lat' dir='ltr'>patrIcio</span> <span class='ocrx_word' id='word_1_449' title='bbox 272 2916 455 2961; x_wconf 85' lang='lat' dir='ltr'>splendore</span> <span class='ocrx_word' id='word_1_450' title='bbox 480 2916 623 2949; x_wconf 82' lang='lat' dir='ltr'>civitatis</span> <span class='ocrx_word' id='word_1_451' title='bbox 657 2920 793 2948; x_wconf 82' lang='lat' dir='ltr'>nostrae</span> <span class='ocrx_word' id='word_1_452' title='bbox 817 2913 990 2948; x_wconf 86' lang='lat' dir='ltr'>Lunensis.</span> <span class='ocrx_word' id='word_1_453' title='bbox 1022 2930 1066 2936; x_wconf 89' lang='lat'><em>—</em></span> <span class='ocrx_word' id='word_1_454' title='bbox 1098 2911 1161 2958; x_wconf 81' lang='lat'>1¹7)</span> <span class='ocrx_word' id='word_1_455' title='bbox 1187 2924 1365 2948; x_wconf 85' lang='lat' dir='ltr'>numerum</span> <span class='ocrx_word' id='word_1_456' title='bbox 1393 2918 1554 2948; x_wconf 84' lang='lat' dir='ltr'>nostrum.</span> <span class='ocrx_word' id='word_1_457' title='bbox 1581 2929 1622 2937; x_wconf 87' lang='lat'><em>-</em></span> <span class='ocrx_word' id='word_1_458' title='bbox 1650 2910 1711 2956; x_wconf 88' lang='lat'>18)</span> 
     </span>
     <span class='ocr_line' id='line_1_47' title="bbox 109 2961 971 3006; baseline 0.002 -12"><span class='ocrx_word' id='word_1_459' title='bbox 109 2961 189 3004; x_wconf 84' lang='lat' dir='ltr'>quid</span> <span class='ocrx_word' id='word_1_460' title='bbox 216 2962 289 2996; x_wconf 85' lang='lat' dir='ltr'>fieri</span> <span class='ocrx_word' id='word_1_461' title='bbox 313 2963 466 3006; x_wconf 81' lang='lat' dir='ltr'>placeret</span> <span class='ocrx_word' id='word_1_462' title='bbox 491 2962 534 2997; x_wconf 90' lang='lat' dir='ltr'>de</span> <span class='ocrx_word' id='word_1_463' title='bbox 558 2973 598 2997; x_wconf 84' lang='lat' dir='ltr'>ea</span> <span class='ocrx_word' id='word_1_464' title='bbox 623 2972 661 2996; x_wconf 85' lang='lat' dir='ltr'>re</span> <span class='ocrx_word' id='word_1_465' title='bbox 686 2963 732 2996; x_wconf 82' lang='lat' dir='ltr'>ita</span> <span class='ocrx_word' id='word_1_466' title='bbox 757 2967 971 2997; x_wconf 83' lang='lat' dir='ltr'>censuerunt.</span> 
     </span>
    </p>

    <p class='ocr_par' dir='ltr' id='par_1_18' title="bbox 1400 3018 1493 3062">
     <span class='ocr_line' id='line_1_48' title="bbox 1400 3018 1493 3062; baseline -0.022 0"><span class='ocrx_word' id='word_1_467' title='bbox 1400 3018 1493 3062; x_wconf 77' lang='lat'>25*</span> 
     </span>
    </p>
   </div>
  </div>
 </body>
</html>
