1877 3313
151 188 234 231 144
308 187 410 221 Inscr.
436 184 612 229 profanae.
660 182 743 226 Cap.
767 182 792 217 Ι.
835 183 933 217 Tituli
959 193 1101 227 operum
1125 181 1292 227 publicor.
1317 193 1385 217 non
1410 193 1592 218 sacrorum.

151 293 190 334 C.
210 291 245 347 ¹]
277 315 332 322 -
363 293 474 341 Aquis
508 291 670 329 Aureliis.
700 292 947 338 Fragmentum
980 291 1232 339 inscriptionis,
1263 291 1360 328 cuius
1383 292 1496 328 forma
1517 291 1654 328 titulum
1675 302 1741 328 ae-

152 354 255 392 dilicii
296 353 438 389 alicuius
482 351 607 397 arguit.
663 350 843 387 Leichtleu
885 350 1008 386 Traian
1051 350 1100 386 als
1141 349 1303 386 Grunder
1342 350 1434 386 oder
1464 350 1641 387 lllitstister
1669 361 1742 386 von

149 411 427 457 Baden-Baden,
459 410 602 446 Schrift.
636 409 668 446 d.
699 409 914 456 Freiburgcr
946 409 1137 445 Gesellsch.
1169 420 1232 444 zur
1264 408 1451 446 Befurder.
1477 409 1510 445 d.
1538 408 1741 445 Geschicht.

148 472 173 508 I.
205 483 238 519 p.
274 469 384 517 1sqq.
430 469 694 516 Rappenegger
724 467 750 504 Ι.
783 468 817 504 7.

291 545 412 582 1240.
472 541 564 593 Imp.
598 540 742 581 Caesar
773 540 851 581 divi
882 540 1016 582 Severi
1049 540 1102 580 Pii
1133 539 1236 580 filius
1277 538 1353 580 divi
1395 539 1516 581 Marci
1555 539 1743 581 Antonini

142 613 297 655 nepos,
330 601 407 641 divi
440 599 627 640 Antonini
656 611 878 652 pronepos,
919 598 994 638 divi
1033 598 1216 638 Hadriani
1247 598 1445 650 abnepos,
1477 597 1554 638 divi
1587 598 1743 639 Traiani

152 660 320 702 Parthici
353 664 392 698 et
424 657 500 698 divi
530 657 686 698 Nervae
717 657 892 709 adnepos
932 657 981 697 M.
1013 656 1198 696 Aurelius
1241 655 1460 696 Antoninus
1501 657 1592 697 Pius
1631 656 1743 697 Felix

150 719 253 773 Aug.
285 717 485 759 Parthicus
516 716 619 756 Max.
651 715 895 756 Britannicus
927 715 1029 755 Max.
1061 714 1243 754 Pontifex
1274 727 1374 755 max.
1399 714 1503 754 Trib.
1525 719 1603 768 pot.
1626 714 1742 756 XVII.

145 779 239 829 Imp.
270 777 344 818 IIII.
379 775 468 815 Cos.
500 774 574 814 IIII.
605 774 786 814 restituit.
833 798 881 802 —
915 776 1071 812 Malacae
1103 775 1135 811 in
1169 775 1345 824 Hispania.
1393 776 1485 812 Matr.
1517 776 1602 813 ltlus.
1634 776 1676 813 V.
1707 788 1742 825 p.

148 839 244 876 427.
290 837 434 874 ttlorcet.
466 835 544 872 Stil.
576 835 822 872 CCXXXXIII.

290 912 410 950 1241.
470 909 561 962 Imp.
592 908 761 948 Domino
792 908 837 948 N.
869 907 1018 947 Severo
1050 906 1279 948 Alexandro
1310 906 1412 960 Aug.
1444 907 1502 948 III.
1535 912 1575 948 et
1604 907 1741 949 CassIo

149 971 274 1012 Dione
304 969 347 1009 II.
382 969 471 1008 Cos.
503 968 546 1007 L.
587 967 823 1019 Pomponius
855 966 1045 1006 Constans
1087 971 1126 1006 ct
1157 966 1206 1006 M.
1239 966 1418 1005 Ursinius
1450 966 1576 1006 Verus
1607 965 1638 1007 II
1668 967 1742 1007 vir.

148 1029 436 1071 dedicaverunt.
467 1050 523 1054 —-
553 1028 734 1074 Kienberg
765 1027 798 1063 in
831 1026 987 1063 Bavaria.
1019 1027 1143 1063 Bullet.
1177 1027 1271 1062 arch.
1308 1025 1429 1062 1839.
1462 1039 1495 1074 p.
1532 1025 1624 1064 136.

290 1105 411 1143 1242.
471 1101 708 1142 Beatissimis
743 1101 984 1153 temporibns
1018 1100 1263 1140 dominorum
1295 1104 1523 1140 nostrorum
1554 1100 1743 1141 Gratiani

149 1169 189 1205 et
220 1162 434 1205 Theodosii
473 1172 630 1212 semper
673 1164 712 1198 et
748 1159 896 1210 ubique
937 1159 1194 1208 vincentium,
1233 1157 1527 1198 administrante
1567 1159 1741 1211 Pompili.

149 1224 193 1264 V.
225 1220 323 1276 C.²)
355 1218 674 1272 amplissimoque
705 1216 944 1257 Proconsule.
977 1222 1015 1256 ct
1047 1217 1211 1256 Thersio
1253 1215 1432 1268 Crispino
1463 1216 1664 1270 Megethio
1695 1217 1740 1257 V.

150 1282 190 1322 C.
221 1280 449 1321 Valentinus
482 1277 541 1317 vir
581 1276 879 1316 honestissimus
920 1280 1078 1315 curator
1108 1275 1178 1327 rip.
1196 1271 1236 1328 ³)
1279 1274 1407 1315 locum
1445 1275 1577 1315 minis
1607 1275 1741 1315 obru-

147 1346 251 1390 tum,
284 1338 349 1391 qui
389 1341 502 1376 antea
542 1334 729 1387 squalore
771 1338 809 1373 et
840 1333 1024 1374 sordibus
1065 1333 1301 1373 foedabatur
1339 1333 1388 1373 ad
1418 1333 1524 1386 pium
1555 1346 1669 1373 usum
1701 1338 1741 1374 et

149 1398 198 1439 ad
227 1396 526 1451 peregrinorum
558 1392 857 1445 hospitalitatem
889 1392 926 1431 in
958 1391 1162 1431 meliorem
1193 1395 1337 1430 statum
1378 1391 1536 1444 propria
1572 1391 1741 1444 pecunia

147 1455 388 1498 adhornavit.
426 1477 475 1482 —
511 1454 666 1490 Ghelma.
699 1453 821 1489 Clarae
852 1453 982 1489 Musae.
1014 1452 1103 1489 Livr.
1140 1451 1201 1488 13.
1234 1452 1279 1500 pl.
1309 1452 1461 1488 LXXVI.

290 1532 411 1569 1243.
471 1527 537 1568 Cn.
578 1526 771 1579 Sulpicius
804 1525 872 1566 Cn.
909 1525 948 1565 F.
980 1525 1070 1566 Ruf.
1103 1526 1164 1566 IIII
1195 1525 1253 1564 vir
1284 1526 1358 1565 iur.
1391 1524 1465 1565 dic.
1497 1524 1740 1577 sublaquea-

147 1593 203 1632 vit
233 1590 365 1630 trabes
397 1587 488 1628 tecti
519 1585 629 1626 ferro
661 1584 833 1636 suffixit,
873 1583 1000 1636 lapide
1032 1585 1188 1634 stravit,
1219 1583 1340 1635 podio
1373 1583 1638 1624 circumclusit
1667 1596 1741 1625 sua

147 1649 312 1704 pecunia
354 1652 393 1687 et
434 1644 538 1685 dedit
579 1643 867 1684 Decurionatus
909 1643 1066 1682 nomine
1108 1642 1181 1682 HS.
1214 1642 1294 1683 loo
1328 1654 1369 1680 oo
1408 1644 1446 1682 in
1479 1646 1739 1683 commeatum

146 1706 370 1762 legionibus
413 1703 487 1745 HS.
530 1714 571 1741 ω
615 1714 656 1740 ω
701 1712 766 1741 oe.
808 1701 846 1740 in
887 1699 1023 1740 aedem
1065 1700 1213 1740 Dianae
1245 1700 1526 1742 restituendam
1557 1700 1629 1740 HS.
1661 1700 1741 1742 100

151 1779 192 1805 α)
227 1765 300 1806 CC.
330 1764 366 1803 in
398 1761 513 1802 ludos
546 1760 735 1800 victoriae
767 1758 879 1799 Caes.
913 1758 1082 1812 August.
1115 1758 1191 1801 loo
1225 1772 1266 1798 00
1304 1771 1344 1798 7>
1389 1758 1531 1800 DCCL.
1570 1781 1626 1788 ——-
1664 1761 1741 1797 Eu-

148 1826 258 1875 gubii.
305 1824 401 1861 Grut.
431 1835 466 1871 p.
501 1821 596 1867 172,
631 1820 694 1857 14.

290 1899 411 1936 1244.
473 1895 541 1936 Cn.
575 1893 792 1935 Plaetorius
823 1893 1020 1934 Macrinus
1053 1894 1203 1935 colonis
1235 1899 1274 1934 et
1303 1894 1443 1935 incolis
1463 1906 1514 1934 ex
1541 1904 1588 1933 ea
1606 1903 1741 1945 pequ-

147 1959 210 2013 nia
242 1969 343 2010 quae
375 1955 412 1995 ei
442 1954 481 1994 in
513 1958 659 1995 statuas
691 1951 830 1993 collata
862 1956 933 1993 est.
966 1974 1019 1979 -
1052 1955 1165 1991 Castri
1196 1955 1295 1992 Novi.
1340 1955 1430 1992 ltlaff.
1464 1955 1551 1992 Gall.
1583 1957 1651 1990 ant.
1684 1965 1742 2002 ep.

150 2020 214 2057 14.
259 2019 368 2055 More.
399 2015 478 2053 Stil.
514 2013 712 2051 CCXXXV.

290 2093 411 2130 1245.
471 2088 528 2129 Ti.
562 2085 723 2128 Claudio
754 2085 913 2127 Nerone
946 2086 991 2132 Q.
1024 2085 1206 2133 Quintillo
1240 2087 1342 2127 Varo
1369 2084 1512 2140 Cosst)
1545 2085 1740 2128 constitu-

146 2157 226 2193 tum
259 2154 331 2191 est.
363 2172 418 2177 --
457 2149 668 2186 Florentiae.
714 2148 835 2183 Murat.
867 2159 901 2195 p.
934 2145 1028 2183 297.
1074 2147 1182 2184 ltIorc.
1215 2147 1279 2195 Op.
1312 2159 1367 2195 ep.
1398 2147 1439 2183 11.
1475 2147 1567 2184 136.

289 2228 410 2264 1246.
470 2222 776 2264 Msflerennius
807 2221 857 2261 Μ.
890 2220 930 2260 F.
963 2220 1105 2270 Gallus,
1139 2220 1185 2268 Q.
1216 2220 1393 2260 Viserius
1426 2220 1471 2267 Q.
1504 2220 1544 2260 F.
1579 2218 1738 2260 Duovir.

145 2285 287 2337 Quinq.
321 2284 366 2324 D.
398 2282 444 2322 D.
477 2282 516 2323 S.
547 2281 588 2321 F.
622 2280 659 2320 C.
677 2277 715 2333 ⁵)
740 2278 895 2331 lidemq.
918 2278 1028 2331 prob.
1047 2276 1088 2332 6)
1114 2275 1380 2332 a1·citectus⁷)
1413 2278 1566 2330 Hospes
1598 2277 1740 2330 Appiai

146 2340 239 2396 58)
273 2366 326 2371 —
360 2344 525 2390 Cajazzo.
573 2340 714 2378 Guarini
745 2339 848 2376 Tituli
878 2339 1034 2376 nonnulli
1075 2352 1108 2387 p.
1141 2339 1206 2375 27.
1253 2339 1416 2376 Avellino
1459 2339 1583 2376 Bullet.
1614 2338 1739 2387 Napol.

152 2404 273 2440 1842.
304 2416 337 2451 p.
373 2402 465 2438 136.

289 2490 409 2533 1247.
469 2486 511 2526 L.
545 2484 731 2525 Aemilius
770 2484 821 2524 Μ.
851 2483 892 2524 F.
925 2483 974 2523 M.
1006 2482 1104 2535 Nep.
1139 2482 1246 2530 Quir.
1288 2482 1434 2522 Rectus
1468 2483 1585 2523 domo
1615 2482 1738 2524 Roma

149 2547 214 2599 qui
245 2550 283 2586 et
315 2543 631 2598 Carthaginensis
645 2540 686 2596 ⁰)
719 2547 757 2583 et
788 2541 1016 2584 Sicelitanus
1048 2546 1086 2580 et
1123 2539 1346 2581 Assotanus
1387 2546 1427 2581 et
1465 2540 1740 2582 Lacedaemon

147 2610 186 2644 et
217 2604 388 2658 Argivus
420 2607 459 2642 et
490 2601 722 2642 Bastetanus
753 2600 882 2640 scriba
905 2599 1145 2647 Quaestoris,
1179 2599 1308 2639 scriba
1328 2598 1541 2649 aedilicius,
1571 2599 1737 2639 donatus

149 2660 251 2713 'equo
283 2661 442 2714 publico
475 2660 523 2701 ab
566 2659 658 2712 Imp.
701 2659 872 2700 Caesare
913 2656 1079 2698 Traiano
1120 2656 1314 2697 Hadriano
1346 2656 1548 2710 Augusto,
1588 2655 1737 2698 Aedilis

287 2822 322 2865 1]
356 2823 445 2866 legio
486 2824 593 2867 prima
618 2821 784 2862 Adiutrix,
810 2822 902 2864 legio
926 2820 1102 2855 undecima
1129 2817 1278 2853 Claudia.
1314 2838 1353 2842 —
1390 2816 1428 2861 2)
1460 2818 1624 2860 Pompilio
1650 2818 1736 2852 viro.

149 2868 341 2903 clarissimo.
369 2888 409 2892 —
436 2868 474 2911 3)
500 2871 657 2913 riparum.
685 2886 725 2891 -
759 2866 797 2910 4)
824 2868 886 2901 741
915 2868 952 2902 U.
978 2867 1014 2901 C.
1041 2885 1081 2889 --
1117 2864 1155 2908 5]
1181 2866 1223 2899 de
1249 2866 1466 2900 decurionum
1491 2865 1657 2898 sententia
1680 2864 1735 2898 sa-

147 2916 301 2949 ciendum
329 2922 542 2950 curaverunt.
566 2932 610 2937 —
634 2915 672 2953 6)
697 2914 937 2958 probaverunt.
964 2931 1004 2937 -
1030 2910 1068 2956 ’7)
1095 2914 1143 2947 sic
1160 2923 1242 2956 pro:
1267 2913 1383 2947 archic.
1411 2929 1452 2936 —
1477 2909 1516 2954 8)
1534 2921 1663 2946 servus.
1689 2926 1734 2934 —-

144 2961 182 3005 9)
210 2962 418 3005 Carthaginis
443 2973 552 2998 novae
576 2963 610 2996 in
633 2961 803 3006 Hispania.
