1877 3313
102 185 188 228 330
553 181 659 217 Inscr.
686 182 860 226 profanae.
908 182 988 228 Cap.
1014 181 1054 218 11.
1103 182 1262 218 Tabulae.

103 296 200 332 Nune
231 293 265 329 in
297 292 419 329 Museo
460 291 698 340 Neapolitano
740 292 945 329 Borbonico
988 297 1200 330 asservatur.
1242 294 1366 342 Neque
1409 305 1496 331 vero
1526 294 1616 332 haec
1646 294 1703 332 in-

101 351 246 400 scriptio
277 351 311 387 in
344 350 639 400 Ephemeridibus
680 351 834 397 Pisanis,
877 355 914 387 ut
945 351 1212 388 Kellermannus
1255 352 1363 401 Vigil.
1393 353 1538 390 Roman.
1568 353 1706 391 Latere.

102 424 135 460 p.
171 410 224 446 74
254 414 368 458 putat,
400 410 518 446 donee
561 409 636 457 ipse
676 410 792 446 denuo
833 410 980 456 ederet,
1022 411 1140 447 abdita
1182 411 1292 448 latuit.
1344 411 1417 448 Sed
1459 415 1495 448 et
1534 410 1705 458 Atoysius

103 468 298 506 Cardinalis
329 469 396 505 iain
436 469 556 505 denuo
599 467 760 505 ediderat
802 462 1084 518 (Dissertazioni
1126 469 1207 506 dell*
1250 470 1441 507 Accadem.
1481 480 1631 507 romana
1672 471 1707 509 di

102 528 313 573 archeolog.
345 528 442 564 Tom.
474 527 505 563 II
538 521 674 577 (1825
709 540 741 575 p.
778 522 897 580 702.)
931 533 966 565 et
997 528 1156 576 Angelus
1188 528 1296 566 Maius
1324 528 1358 566 iu
1384 527 1608 577 Scriptorum
1633 533 1706 567 vet.

101 598 195 624 nova
226 586 443 623 collectione
474 586 572 622 Tom.
605 586 646 623 V.
678 598 711 634 p.
746 585 840 623 315.

102 677 342 719 Austoribus
374 678 413 718 in
446 690 544 731 cupa
576 690 653 719 una
1406 690 1550 719 numm.
1581 678 1706 721 XXX.

101 748 322 790 Tabulariis
354 749 393 789 in
424 748 589 804 singulis
621 749 757 803 apocis
1403 762 1549 790 numm.
1619 749 1706 791 XX.

102 818 349 860 Exasciatori
378 820 418 860 in
449 831 550 872 cupa
581 832 658 860 una
1408 831 1555 861 numm.
1656 819 1705 862 X.

101 890 338 931 Falancariis
371 890 435 943 qui
466 889 516 930 de
548 889 710 930 ciconiis
744 889 792 930 ad
824 888 1009 942 templum
1041 901 1162 942 cupas
1189 888 1345 930 referre

242 953 488 991 consuerunt
1405 961 1538 991 numm
1552 980 1706 991 ......

108 1018 350 1061 Custodibus
382 1032 573 1074 cuparum
621 1050 1706 1061 ................

101 1090 160 1131 De
192 1090 366 1144 ampullis
397 1090 542 1144 placuit
574 1095 614 1131 ut
645 1094 735 1143 post
764 1088 973 1143 degustati.
997 1088 1224 1142 possessori
1246 1087 1345 1129 red-

243 1149 394 1190 dantur.

100 1219 424 1261 Professionariis
456 1219 505 1260 de
537 1219 701 1261 ciconiis
733 1219 860 1260 statim
893 1223 932 1259 ut
965 1217 1181 1259 adveneret
1212 1217 1345 1259 vinum

242 1281 281 1320 in
312 1291 388 1321 uua
419 1291 590 1332 cupa...
1414 1289 1558 1319 ninum.
1589 1277 1707 1319 CXX.

405 1501 604 1536 Edictum
632 1501 924 1536 Constantini
951 1501 1002 1535 ‹le
1029 1499 1411 1534 accusationibus.

248 1633 370 1671 1710.
431 1634 550 1671 Edidit
591 1634 721 1683 primus
765 1633 972 1670 llluralorius
1018 1628 1145 1685 (Thes.
1178 1633 1280 1670 inser.
1322 1633 1419 1670 Tom.
1451 1632 1492 1670 Il.
1523 1644 1557 1682 p.
1593 1627 1704 1685 580)

107 1693 332 1731 adscribens:
377 1694 547 1741 „Romae
595 1694 647 1729 Ex
679 1693 818 1729 schedis
852 1691 1090 1729 bibliothecae
1122 1690 1420 1729 Anibrosiauae.“
1469 1691 1630 1730 Certiora
1663 1693 1709 1729 de

106 1754 206 1789 fonte
239 1753 331 1788 unde
363 1752 532 1801 petiverit
571 1752 780 1788 Muratorius
813 1752 913 1788 liuius
947 1751 1051 1787 edicti
1093 1751 1292 1798 exemplum
1325 1763 1390 1798 per
1420 1750 1606 1788 Klenzium
1638 1751 1707 1788 de-

104 1823 196 1848 mum
229 1806 287 1862 (in
320 1811 480 1858 Savigny
511 1811 681 1847 Zeitsclir.
714 1811 769 1846 tin·
800 1812 920 1855 gesen.
954 1810 1131 1846 Reclilsw.
1171 1811 1268 1846 Τοιιι.
1301 1809 1358 1845 ΙΧ.
1391 1822 1424 1858 p.
1460 1805 1571 1861 225)
1604 1820 1708 1846 com-

103 1875 206 1919 perta
239 1870 421 1906 habemus.
482 1870 659 1915 Scliedae,
692 1882 777 1916 quas
810 1869 1020 1905 Muratorius
1054 1868 1223 1913 nominat,
1257 1868 1435 1906 volumine
1466 1868 1708 1905 bibliothecae

103 1929 363 1966 Ambrosianae
395 1928 621 1965 continentur
653 1929 903 1975 manuscripto,
936 1927 1029 1974 quod
1065 1927 1176 1975 primo
1212 1927 1298 1963 solio
1331 1927 1552 1964 inscribitur:
1587 1927 1706 1975 „Col-

105 1988 212 2024 lectio
255 1988 520 2036 inscriptionum
563 1987 782 2033 antiquarum
823 1987 1005 2023 latinarum
1038 1991 1073 2021 ct
1104 1984 1343 2031 graecarum“
1378 1990 1415 2022 et
1447 1986 1560 2022 altero
1593 1985 1706 2023 solio:

108 2046 325 2094 „iscrittioni
369 2047 474 2083 latine
517 2046 656 2082 antiche
695 2046 853 2082 raccolte
896 2046 938 2081 da
973 2044 1137 2080 Vicenzio
1182 2043 1341 2081 Pineni.“
1391 2044 1596 2081 pertinebat
1637 2045 1708 2081 boc

104 2106 270 2142 volumen
304 2106 347 2141 ad
380 2103 511 2141 Pinellii
544 2104 767 2152 Neapolitani
801 2104 864 2139 viri
897 2103 1114 2147 doctissimi,
1154 2104 1210 2151 qui
1251 2103 1396 2140 saeculo
1427 2103 1510 2140 XVI
1542 2107 1578 2139 et
1608 2102 1708 2140 XVII

104 2164 234 2210 floruit,
267 2164 547 2212 copiosissimum
581 2164 757 2199 literariae
789 2162 1040 2210 suppellectilis
1074 2162 1299 2208 thesaurum
1332 2162 1428 2199 cuius
1451 2166 1535 2210 post
1556 2165 1708 2198 mortem

103 2223 322 2272 possessoris
355 2222 503 2259 maxima
536 2234 616 2269 pars
650 2222 793 2265 interiit,
825 2221 994 2268 reliquam
1027 2225 1163 2268 partem
1197 2222 1347 2256 Sanetus
1381 2221 1528 2257 Carolus
1567 2219 1707 2257 Borro-

107 2293 226 2318 maeus
259 2281 453 2318 Cardinalis
487 2293 504 2316 a
537 2293 575 2316 se
609 2285 735 2316 emtam
769 2280 1011 2316 bibliothecae
1045 2279 1303 2315 ambrosianae
1335 2279 1456 2316 inferri
1489 2279 1598 2316 iussit.
1650 2279 1708 2316 Ad

106 2341 286 2377 Pinellinm
318 2341 427 2387 igitur
459 2344 640 2375 auctorem
674 2339 772 2375 liuius
805 2339 959 2386 exempli
993 2338 1078 2373 tides
1109 2338 1299 2374 reserenda
1324 2342 1392 2384 est,
1423 2338 1519 2384 quod
1541 2337 1708 2374 Klenzius

111 2411 131 2435 e
163 2401 281 2436 tabula
314 2399 453 2447 lapidea
497 2398 742 2445 transcriptum
785 2397 961 2433 existimat
1003 2397 1049 2432 ob
1082 2396 1182 2441 signa
1215 2396 1247 2432 in
1280 2396 1348 2432 line
1390 2396 1544 2443 capitum
1588 2395 1707 2432 addita

109 2458 274 2494 foliorum
307 2457 441 2501 similia,
474 2457 588 2504 qualia
621 2457 653 2492 in
687 2456 833 2503 lapideis
866 2467 935 2492 non
968 2456 999 2492 in
1033 2455 1145 2491 aereis
1179 2454 1304 2491 tabulis
1337 2455 1485 2503 insculpi
1516 2454 1620 2491 solita
1648 2454 1707 2491 vi-

111 2517 245 2553 demus.
292 2515 394 2553 Initio
428 2515 648 2561 singulorum
681 2526 843 2550 versuum
877 2515 1027 2550 lineolae
1060 2514 1190 2560 ubique
1212 2514 1289 2561 plus
1312 2513 1422 2550 minus
1444 2517 1597 2561 quatuor
1618 2524 1706 2550 ver-

110 2576 234 2612 ticales
267 2575 430 2623 appletae
462 2578 542 2609 sunt
573 2574 615 2609 ad
648 2574 792 2609 lacunas
825 2573 1097 2620 interceptarum
1120 2573 1300 2608 literarum
1321 2571 1582 2619 significandas.
1614 2571 1706 2616 Quid

110 2634 341 2671 Muratorium
373 2632 575 2675 adduxerit.v
608 2636 645 2667 ut
676 2637 938 2668 mouumentum
971 2632 1101 2668 Romae
1133 2631 1354 2676 attribueret,
1385 2630 1591 2677 ignoratum
1627 2642 1706 2667 nam

112 2705 230 2741 neque
261 2693 296 2729 in
328 2691 460 2728 Piuellii
493 2691 657 2738 exemplo
689 2702 805 2738 neque
837 2690 917 2726 alibi
949 2690 1137 2737 quidquam
1170 2690 1214 2725 de
1246 2689 1312 2726 bac
1338 2700 1377 2726 re
1399 2692 1707 2726 commemoratur.

111 2752 165 2788 Ex
197 2750 436 2788 ltluratoriano
469 2750 639 2785 thesauro
673 2749 827 2785 edictum
860 2749 1179 2796 Spangenbergius
1211 2748 1243 2784 in
1267 2747 1442 2784 Hauboldi
1463 2748 1615 2784 Monuni.
1635 2747 1706 2794 leg.

111 2821 146 2858 p.
177 2809 272 2846 288.
303 2809 366 2846 sed
397 2819 520 2857 parum
553 2812 717 2844 accurate
750 2807 965 2855 descriptum
995 2807 1152 2854 recepit3
1193 2806 1352 2853 Angelus
1383 2805 1492 2842 Maius
1524 2806 1705 2854 aliquanto

114 2868 332 2905 emendatius
363 2867 397 2904 in
439 2866 660 2914 Scriptorum
703 2870 863 2902 veterum
904 2865 1154 2902 collectionem
1187 2876 1206 2900 a
1237 2875 1276 2900 se
1308 2863 1438 2900 editam
1468 2865 1565 2901 Tom.
1597 2864 1640 2900 V.
1670 2876 1705 2913 p.

113 2925 207 2962 316.
261 2926 447 2962 Praeclare
488 2924 643 2961 restituit
684 2928 720 2960 et
763 2924 931 2972 explicuit
973 2923 1136 2959 Klenzius
1168 2922 1202 2959 in
1238 2921 1400 2969 Savigny
1439 2923 1610 2960 Zeitschr.
1649 2923 1706 2960 fiir

108 2985 232 3032 gescll.
263 2985 441 3023 Rechtsw.
472 2984 508 3022 T.
540 2983 599 3021 IX.
630 2995 664 3032 p.
696 2982 880 3020 56—90.
912 2986 948 3019 et
978 2994 1012 3031 p.
1045 2980 1288 3020 225-231.
