1887 3324
178 195 233 245 28

264 310 520 353 Scamnario
557 315 708 353 nostro
748 309 915 352 dabunt
954 309 1150 366 collegae
1189 309 1262 365 qui
1302 309 1409 351 facti
1443 308 1608 351 fuerint
1655 307 1734 350 -X-
1751 309 1784 362 ¹)

178 366 352 414 DCCL.
399 365 453 415 Si
468 367 540 423 qui
563 366 615 408 de
640 365 821 422 collegis
842 372 1035 408 tramare
1053 366 1402 463 {oficiseentun
1424 379 1522 407 cum
1544 364 1787 420 profecturi

180 423 285 476 sint,
319 423 536 478 accipient
568 424 777 464 viaticum
807 437 885 478 pro
909 423 1020 464 mari
1042 449 1056 453 -
1106 449 1120 453 -
1142 421 1216 464 CC
1237 436 1345 477 eque
1369 420 1570 463 absentia
1590 420 1788 476 regressi

177 479 234 521 D.
279 480 390 521 Item
413 480 634 521 veteranis
659 478 902 521 anulariam
926 479 1102 520 nomine
1125 477 1203 519 -X-
1225 477 1282 519 D.
1324 477 1437 519 Item
1468 478 1505 518 si
1529 476 1603 534 qui
1626 491 1682 518 ex
1703 475 1787 517 eel-

177 534 293 591 legio
316 533 529 591 ampliore
551 534 694 592 gradu
715 535 1062 590 proficiscentur,
1086 534 1305 590 accipient.
1326 532 1405 574 -X-
1427 533 1480 575 D.
1520 533 1631 575 Item
1655 532 1692 573 si
1714 531 1789 590 qui

179 590 342 633 obitum
366 597 551 633 naturae
572 590 869 645 reddiderint,
902 592 1121 647 accipient
1155 587 1337 631 heredes
1359 590 1372 630 i
1407 603 1553 631 sorum
1576 588 1669 629 sive
1690 601 1788 644 pro-

179 653 355 689 curator
376 647 454 689 -Χ-
475 648 531 689 D.
563 648 693 700 Item,
718 647 834 698 quod
856 646 1173 698 abonimamur,
1195 647 1229 686 si
1254 645 1348 701 quis
1370 603 1513 687 limum
1536 658 1661 686 suum
1684 644 1789 685 ami-

179 704 306 757 serit,
339 704 527 759 accipiet
549 703 627 744 -X-
650 703 763 747 CCL
769 735 891 745 ......
941 703 1000 744 Et
1030 704 1066 744 si
1103 703 1197 759 quis
1221 700 1275 743 de
1297 699 1512 742 tironibus
1535 699 1590 742 ab
1612 698 1696 741 hac
1719 697 1789 741 die

180 760 286 801 satis
321 774 451 802 arcae
484 761 662 813 fecerit,
696 761 885 816 accipiet
917 760 1101 815 quitquit
1133 757 1277 799 debet.
1335 756 1432 798 Lex
1461 756 1581 798 fae-ta
1602 755 1667 797 XI
1688 754 1790 796 Kal.

178 815 300 914 {Iept
323 815 585 874 [Plautiano]
608 817 653 859 Π
684 823 727 859 et
754 816 871 860 Geta
893 817 937 859 Π
959 815 1060 858 Cos.
1106 813 1284 857 Ceninis
1307 814 1557 854 Antoninus
1581 813 1791 855 P....nus

228 873 368 914 ai'cus.

261 942 297 993 ξ.
322 946 385 984 13.
417 944 604 984 Tabulae
624 947 824 985 missionis
842 946 1051 985 honestae.
1074 943 1166 983 Del.
1187 958 1222 995 p.
1244 944 1337 981 421.

261 1001 312 1039 N.
341 1002 469 1040 1842!
493 1001 662 1041 Tabulis
683 1003 883 1041 missionis
907 1001 1101 1040 honestae
1120 1000 1389 1053 quadraginta
1405 1006 1559 1052 septem
1583 1011 1682 1051 quas
1698 1011 1792 1037 enu—

180 1059 335 1097 meravi
356 1057 587 1096 Handbueh
610 1058 663 1097 II.
690 1059 770 1097 328
792 1072 895 1096 nunc
919 1057 995 1096 liae
1021 1056 1234 1095 addendae
1257 1062 1348 1094 sunt
1370 1057 1530 1095 noviter
1546 1060 1758 1107 repertae:

293 1112 364 1164 48)
389 1114 570 1162 Traiani,
595 1128 698 1153 anno
723 1116 801 1152 114
824 1129 849 1166 p
886 1113 946 1152 Ch
984 1112 1249 1165 assignanda,
1284 1120 1445 1164 reperta
1467 1111 1661 1151 Carnunti
1685 1111 1791 1150 1853

182 1170 221 1208 in
244 1169 389 1209 Museo
412 1170 610 1223 imperiali
635 1170 866 1212 Yindobon.
891 1178 1097 1208 asservata
1159 1167 1300 1207 Edidit
1323 1168 1537 1208 Eduardus
1561 1167 1610 1205 de
1631 1165 1793 1205 Sacken

178 1226 218 1264 in
240 1225 599 1277 Sitzungsbericht.
623 1226 659 1265 d.
681 1226 777 1278 phil.
790 1226 881 1264 hist.
896 1226 954 1264 Cl.
969 1225 1006 1264 d.
1020 1225 1057 1263 k.
1071 1225 1109 1263 k.
1124 1224 1256 1263 Akad.
1271 1225 1361 1264 Vol.
1374 1225 1449 1263 XI.
1463 1227 1558 1265 fasc.
1572 1223 1626 1261 Π.
1647 1237 1686 1274 p.
1700 1223 1791 1260 353.

181 1282 352 1322 Henzen
377 1282 483 1335 apud
507 1282 628 1322 Orell.
654 1284 771 1321 6857.
796 1296 830 1320 a.

264 1336 334 1389 49)
357 1338 579 1386 Hadriani,
613 1338 692 1389 (an.
720 1340 797 1377 157
821 1353 858 1390 p.
883 1336 976 1387 Ch.)
1008 1345 1153 1390 repert.
1180 1339 1280 1375 1851
1320 1337 1358 1375 in
1391 1336 1592 1375 territorio
1616 1335 1790 1373 civitatis

177 1394 340 1447 Zsuppa
362 1396 401 1433 in
423 1395 646 1447 Hungaria.
689 1394 832 1433 Edidit
854 1394 920 1432 Ios
955 1394 1111 1432 Arnetli
1136 1395 1174 1432 in
1198 1393 1471 1445 Sitzungsber.
1496 1391 1521 1430 d
1555 1390 1583 1429 k
1607 1390 1643 1429 k.
1659 1389 1789 1429 Akad.

182 1451 288 1490 1853
324 1451 413 1490 Vol.
438 1451 501 1490 XI
537 1466 561 1503 p
597 1451 700 1500 3093
723 1451 895 1489 Henzen
921 1450 1026 1502 apud
1051 1450 1172 1488 Orell.
1199 1451 1306 1488 6958
1341 1464 1374 1487 a.

262 1507 327 1545 De
350 1507 469 1554 locis,
494 1507 638 1559 quibus
661 1508 700 1545 in
725 1506 927 1558 Capitolio
949 1506 1111 1544 tabulae
1134 1506 1328 1544 honestae
1352 1506 1550 1544 missionis
1571 1502 1790 1555 affigeban-

179 1568 244 1602 tur
275 1562 495 1614 disputavit
528 1563 762 1601 Mommsen.
778 1563 934 1600 Bullet.
959 1563 1054 1600 Inst.
1079 1562 1184 1600 arch.
1214 1564 1317 1599 1³45
1340 1576 1365 1613 p
1404 1563 1501 1608 119,
1536 1572 1708 1611 eumque
1730 1572 1789 1597 se-

180 1624 294 1657 cutus
316 1619 488 1657 Henzen
509 1619 615 1670 apud
641 1619 764 1657 Orell.
789 1620 909 1656 5088.
956 1619 1019 1656 De
1044 1618 1191 1655 tabulis
1214 1618 1481 1670 quadraginta
1503 1624 1659 1667 septem
1681 1628 1705 1652 a
1726 1629 1788 1654 me

181 1676 423 1713 enumeratis
444 1675 678 1713 Henzenius
700 1675 835 1726 plures
860 1675 896 1711 in
921 1674 1200 1712 collectionem
1225 1674 1469 1711 (nellianam
1491 1672 1646 1722 recepit
1668 1678 1707 1709 et
1723 1685 1789 1723 no-

180 1731 230 1769 tis
252 1731 459 1778 instruxit,
491 1732 595 1769 inter
624 1738 882 1769 monumenta
905 1731 1095 1768 historica
1119 1730 1214 1781 Cap<
1240 1730 1277 1767 lI
1317 1743 1415 1781 quas
1439 1729 1475 1766 h.
1498 1729 1522 1766 l.
1547 1728 1789 1767 coniunctim

179 1800 406 1839 proponere
437 1801 516 1825 non
548 1787 723 1825 alienum
755 1788 839 1825 erit.
901 1787 964 1824 Ex
990 1786 1119 1824 indice
1145 1787 1265 1835 igitur
1287 1800 1376 1823 meo
1410 1784 1590 1834 (Ilandb.
1613 1783 1666 1821 II.
1692 1784 1789 1833 328)

180 1841 316 1881 tabula
338 1857 375 1880 n.
399 1845 435 1881 2.
468 1844 642 1882 Neronis
665 1843 771 1894 apud
794 1843 1050 1880 Henzenium
1074 1849 1133 1879 est
1156 1844 1286 1890 :uon
1310 1845 1386 1890 ¹¹28
1408 1841 1661 1892 Vespasiani,
1679 1840 1790 1878 Hen—

179 1912 255 1937 zen
289 1900 420 1948 54183
443 1914 478 1937 n.
505 1902 527 1938 9
549 1900 653 1945 Titi,
684 1899 869 1937 Ilenzen.
894 1901 1025 1945 542&
1050 1913 1086 1935 n.
1114 1902 1174 1935 11.
1202 1898 1441 1941 Domitiani,
1463 1897 1634 1935 Ilenzen
1669 1898 1789 1935 5430.

179 1969 214 1992 n.
243 1956 291 1992 13
314 1955 558 2003 Domitiani,
591 1955 774 1993 Ilenzen.
799 1957 927 2004 54:333
960 1970 994 1993 n.
1022 1957 1069 1992 17
1096 1955 1284 2001 Traiani,
1316 1955 1498 1992 llenzen.
1525 1955 1653 2002 54423
1676 1966 1710 1990 n.
1737 1954 1790 1991 20

181 2011 361 2058 Traiani,
385 2011 565 2050 Ilenzen.
591 2013 711 2050 5443.
1705 2014 1711 2018 '

248 2147 280 2190 1)
306 2149 496 2182 Denarios.
