1918 3313
507 140 538 182 §.
566 139 596 175 1.
643 139 800 174 Virorum
823 139 1049 183 ingenuorum
1076 145 1110 174 et
1132 139 1340 176 libertorum.
1671 139 1725 183 ¹71

118 245 162 287 II.
193 246 301 288 horis
332 245 381 287 X.
414 244 510 286 fecit
540 245 726 287 Lucretia
759 246 892 287 Tacita
921 250 1050 287 mater
1080 245 1158 287 filio
1190 247 1232 287 B.
1263 247 1315 288 M.
1335 244 1372 302 ¹)
1404 250 1445 287 et
1473 245 1550 287 sibi
1581 250 1620 288 et
1644 247 1728 289 suis

118 305 373 359 posterisque
406 317 556 346 eorum.
591 328 646 334 -—
680 307 774 344 Oret.
810 307 888 343 561
924 308 1076 344 Monuni.
1110 308 1206 355 degli
1238 309 1332 357 Scip.
1365 320 1399 357 p.
1431 307 1497 345 22.

262 383 357 421 517.
417 380 458 421 ln
499 381 679 422 viridaris
711 382 832 434 partis
865 382 1005 421 tertiae
1038 380 1077 421 C.
1111 381 1272 422 Terenti
1303 380 1392 422 Acti
1422 386 1462 422 et
1493 380 1534 422 C.
1567 381 1729 423 Terenti

119 440 304 481 Cerinthi.
351 439 412 480 Ex
452 440 528 480 hoc
558 440 647 481 loco
689 452 816 493 usque
847 439 896 481 ad
927 439 1094 480 scalaria
1137 439 1240 482 ollae
1278 452 1445 481 numero
1475 439 1640 481 LXVIII.
1671 462 1729 471 —-

117 502 145 538 E
177 502 318 538 schedis
351 501 530 538 Barberin.
577 501 718 538 Fabret.
755 501 849 547 159,
883 501 979 537 279.

259 577 353 614 518.
414 575 455 614 P.
489 575 702 615 Terentius
735 575 773 615 Ρ.
807 575 849 616 L.
884 575 1134 629 Syntrophus
1167 574 1229 615 liic
1259 575 1488 628 requiescit.
1534 596 1585 604 —-
1630 576 1727 616 Grut.

117 649 150 685 p.
183 636 279 673 997.
327 635 485 672 Malrnusi
516 636 602 672 Mus.
636 636 706 684 lap.
738 636 878 673 Moden.
911 649 945 685 p.
978 637 1044 673 28.

259 711 353 748 519.
414 709 460 749 D.
492 709 541 750 M.
576 709 710 750 Tertio
744 708 855 751 fratri
887 722 1006 752 soror
1038 711 1140 751 bene
1172 711 1341 752 merenti
1365 710 1470 751 fecit.
1491 710 1596 752 Vixit
1616 711 1727 753 annis

115 767 205 821 plus
236 768 366 809 minus
397 767 539 808 XXXI.
574 781 671 810 orco
703 770 930 822 peregrino.
965 793 1020 798 -—
1058 772 1216 821 Neapoli.
1249 772 1346 809 Grut.
1379 772 1475 820 852,
1509 772 1545 809 5.

258 846 353 884 520.
416 844 458 884 C.
492 844 616 885 Titius
648 844 690 885 L.
726 845 766 885 F.
799 845 969 886 Mamilla
1003 850 1127 886 natus

410 903 457 944 A.
492 903 666 957 Papirius
699 903 743 944 L.
774 904 816 944 F.
850 904 951 945 Alfia
982 910 1111 946 natus.
1145 902 1246 945 Ann.
1280 904 1393 945 XLII.

117 984 167 990 —
202 964 319 1002 Maffei
351 965 436 1002 Mus.
468 964 603 1002 Veron.
637 965 732 1002 367.
767 965 861 1003 Orel.
894 966 1020 1003 4703.

256 1041 351 1078 521.
411 1040 452 1080 Ρ.
477 1039 641 1080 Tutilius
664 1040 884 1094 Pamphilus
904 1041 977 1081 sibi
1001 1046 1040 1082 et
1062 1040 1311 1094 Eutycliioni‚
1339 1040 1529 1090 Euanthe,
1560 1039 1728 1091 Maroni,

114 1099 176 1139 lib.
191 1095 232 1152 2)
266 1102 306 1138 et
337 1098 454 1140 Furio
488 1099 714 1148 Communi,
747 1100 795 1140 A.
831 1096 932 1154 O.3]
967 1106 1005 1140 et
1037 1097 1208 1153 inein.⁴)
1241 1100 1356 1140 Tutili
1389 1099 1542 1139 Cratisti
1572 1100 1729 1152 patroni

115 1162 154 1198 et
184 1156 399 1198 Philumeni
432 1156 575 1197 alumni
607 1158 891 1211 incomparabil
905 1190 1029 1198 ......
1048 1155 1087 1213 ⁵)
1131 1181 1186 1186 -—-
1225 1160 1415 1197 Mediolani
1447 1165 1580 1209 repert.
1613 1160 1727 1198 Labus

113 1220 206 1255 Nota
239 1230 277 1254 su
312 1230 357 1255 un
389 1224 622 1256 monumento
656 1220 773 1255 antico
807 1224 1047 1256 nuovamente
1080 1223 1251 1267 scoperto
1284 1219 1318 1255 in
1341 1219 1483 1265 Milano,
1515 1218 1549 1255 in
1572 1219 1727 1257 Giornal.

115 1289 135 1314 e
167 1278 252 1314 Bibl.
283 1277 361 1314 Ital.
393 1278 491 1314 Tom.
521 1278 614 1315 XIII.
646 1290 678 1326 p.
713 1278 810 1314 347.

256 1352 350 1390 522.
410 1351 519 1405 Ulpia
550 1350 742 1405 Eutychia
775 1351 858 1403 Ulp.
892 1350 1102 1404 Eutycioni
1142 1355 1181 1390 et
1212 1350 1383 1391 Mindiae
1415 1350 1611 1392 Primillae
1643 1364 1726 1405 par.

113 1410 155 1450 B.
188 1410 238 1450 M.
255 1407 296 1465 6)
328 1411 470 1463 posuit.
504 1410 658 1463 Sigbar.
689 1409 786 1450 Iusti
817 1410 1016 1450 Parecori.
1052 1433 1102 1438 —
1138 1412 1175 1448 In
1209 1413 1438 1461 sarcophago
1466 1412 1578 1450 musei
1609 1413 1727 1450 Bero-

115 1471 238 1508 lineus.
271 1468 435 1509 Gerhard
470 1472 662 1508 Areliaeol.
694 1472 785 1508 Zeit.
821 1471 942 1508 1843.
973 1483 1007 1519 p.
1045 1470 1137 1508 121.

254 1547 348 1584 523.
410 1544 451 1586 C.
485 1545 636 1586 Vedius
667 1545 914 1587 Philomusus
947 1558 1036 1586 cum
1063 1544 1256 1587 Antronia
1289 1558 1362 1587 sua
1394 1545 1525 1587 Felice
1558 1545 1620 1588 hic
1653 1552 1726 1590 est.

117 1626 167 1632 —
202 1606 293 1644 Maff.
325 1607 367 1644 M.
400 1607 443 1644 V.
475 1607 583 1644 More.
618 1607 683 1656 Op.
716 1608 758 1644 II.

110 1723 113 1725 ,
257 1682 351 1721 524.
412 1681 458 1722 D.
491 1681 673 1722 Vetucidi
705 1681 968 1723 Secundionis
1000 1694 1053 1722 ex
1075 1682 1285 1723 sortitione
1310 1682 1406 1723 ollas
1429 1683 1628 1725 ossuarias
1651 1682 1728 1726 Vll.

114 1739 154 1782 S.
169 1737 210 1795 ⁷)
243 1763 298 1769 ——
331 1743 476 1780 Romae.
507 1744 647 1780 Fabret.
688 1743 782 1790 160,
816 1743 911 1780 284.

257 1820 351 1856 525.
412 1817 455 1858 L.
497 1818 650 1859 Vecilio
682 1818 732 1858 vi.
764 1814 859 1872 RS)
893 1822 932 1857 et
973 1817 1120 1858 Polliae
1160 1816 1312 1858 Abeles
1352 1817 1471 1859 lectu.
1515 1819 1530 1859 Ι
1562 1818 1669 1860 datu.
1686 1815 1727 1875 ⁹]

114 1875 265 1918 Vecilio
296 1876 340 1917 L.
370 1877 414 1917 F.
447 1881 488 1917 et
527 1877 712 1917 Pleneste
753 1876 861 1917 lectu
893 1877 919 1917 I.
953 1875 1129 1930 Amplius
1170 1876 1263 1916 nihil
1303 1877 1460 1918 inviteis
1493 1877 1534 1918 L.
1569 1878 1610 1919 C.
1644 1878 1728 1918 Le-

113 1935 214 1976 vieis
236 1934 280 1976 L.
302 1935 343 1976 F.
365 1940 405 1976 et
427 1935 493 1989 qui
515 1947 586 1977 eos
611 1940 838 1988 parentaret
858 1932 914 1991 ¹⁰)
939 1948 989 1976 ne
1023 1929 1251 1988 anteponat.
1289 1958 1339 1964 —-
1372 1939 1530 1976 Faleriis.
1563 1940 1728 1977 Bulletin.

113 1997 325 2044 archeolog.
362 1996 485 2043 1844,
517 2010 551 2045 p.
590 1997 681 2034 162.

256 2072 350 2110 526.
411 2070 456 2110 D.
490 2071 540 2111 M.
572 2071 640 2111 Iul.
673 2071 823 2123 Victor,
854 2071 1018 2112 Martial.
1051 2071 1091 2111 F.
1126 2071 1187 2112 ob.
1221 2082 1270 2110 an
1301 2070 1378 2111 LV.
1398 2067 1453 2124 ¹¹)

412 2129 560 2181 Bessa,
592 2129 749 2171 Iuvenis
781 2131 823 2171 F.
857 2143 922 2171 ux.
959 2131 990 2172 Θ
1012 2127 1067 2185 ¹2)
1102 2143 1148 2170 an
1182 2129 1296 2169 XLV.

408 2188 571 2229 Novella
601 2189 771 2230 Essibini
802 2189 843 2229 F.
877 2189 940 2230 ob.
973 2189 1021 2230 A.
1054 2187 1184 2229 XVIII.

114 2246 338 2288 Victorinus
368 2248 563 2301 parentib.
597 2253 636 2288 et
668 2248 830 2302 coniugi
861 2253 900 2289 et
934 2248 1159 2289 Victorinae
1190 2246 1240 2287 fil.
1274 2246 1381 2299 fecit,
1411 2247 1456 2288 H.
1476 2244 1533 2301 13)
1566 2247 1630 2301 qui
1654 2259 1729 2302 per

113 2305 217 2346 luem
259 2307 336 2346 vita
378 2306 502 2347 functi
543 2311 633 2347 sunt
673 2307 907 2347 Mamertino
950 2312 988 2347 et
1020 2306 1124 2347 Rufo
1157 2305 1246 2346 Cos.
1266 2303 1321 2360 14)
1365 2310 1404 2346 et
1434 2306 1535 2347 Aur.
1577 2307 1726 2349 Iustino

113 2364 250 2416 fratri,
281 2364 358 2406 mil.
390 2365 469 2419 leg.
499 2364 544 2405 II.
577 2365 659 2406 Ital.
692 2365 861 2419 slipend.
893 2365 943 2406 X.
968 2366 1016 2407 Θ.
1036 2362 1090 2419 ¹5)
1116 2365 1162 2405 A.
1184 2364 1310 2405 XXX.
1343 2388 1398 2394 -—
1430 2368 1728 2415 Mauerkirchen3

113 2438 206 2463 nunc
237 2426 271 2463 iu
303 2425 476 2475 antiquar.
509 2427 646 2465 Monac.
678 2439 710 2464 v.
742 2427 902 2474 Hesner,
933 2428 997 2464 Die
1030 2431 1117 2463 rom.
1151 2426 1380 2474 Denkmffler,
1411 2427 1468 2464 in:
1502 2427 1726 2475 Oberbayer.

115 2480 258 2523 Archiv.
293 2486 352 2522 VI.
384 2498 419 2534 p.
452 2484 548 2523 215.

255 2562 350 2600 527.
409 2560 626 2602 Memoriae
658 2565 697 2602 et
736 2562 872 2615 pietati
904 2561 950 2610 Q.
983 2559 1083 2601 VibI.
1119 2559 1347 2602 Crescentis
1390 2561 1436 2610 Q.
1469 2559 1610 2601 Vibius
1642 2558 1727 2602 Ce-

255 2699 291 2743 1)
317 2701 406 2735 bene
432 2703 584 2735 merenti.
620 2720 660 2724 —-
696 2701 735 2744 2)
760 2701 900 2736 libertis.
938 2719 977 2724 —
1015 2698 1053 2743 3)
1080 2702 1189 2734 arnico
1215 2703 1353 2747 optimo.
1392 2719 1430 2725 —«
1465 2699 1505 2743 4)
1530 2702 1726 2737 memoriae.

117 2766 157 2771 ——
185 2747 222 2790 5)
250 2749 416 2782 excidisse
441 2750 628 2793 suspicatur
654 2748 762 2782 Labus
789 2749 824 2782 T.
850 2749 886 2782 F.
912 2748 935 2782 Ι.
965 2746 1183 2790 (testamento
1209 2748 1280 2782 fieri
1306 2746 1428 2790 iussit).
1458 2767 1499 2771 —
1534 2746 1572 2792 6)
1597 2761 1726 2793 paren-

115 2795 202 2829 tibus
227 2795 316 2829 bene
343 2797 478 2829 meritis.
529 2795 614 2837 Quid
640 2802 812 2840 postrema
838 2797 901 2829 tria
928 2795 1033 2829 verba
1061 2796 1263 2838 significent,
1288 2807 1356 2829 non
1382 2795 1498 2840 liquet.
1526 2813 1567 2819 --
1602 2794 1639 2839 7)
1666 2808 1725 2830 se-

115 2844 188 2876 mis.
215 2860 256 2865 —-
282 2840 322 2885 8)
348 2844 445 2876 vivus
471 2843 560 2876 fecit.
589 2861 630 2866 —
657 2842 695 2885 9)
721 2843 826 2876 lectus
853 2854 937 2876 unus
963 2842 1072 2875 datus.
1100 2859 1141 2865 --
1178 2842 1239 2884 10)
1264 2854 1344 2887 pro:
1370 2844 1566 2885 parentat-it.
1590 2859 1636 2865 —-
1662 2842 1723 2887 11)

116 2889 199 2923 obiit
224 2900 313 2923 anno
340 2891 621 2935 quinquagesimo
647 2891 774 2935 quinto.
801 2907 845 2912 —
872 2888 931 2930 12)
958 2899 1043 2923 uxor
1067 2887 1221 2924 θανοῦσα.
1250 2907 1291 2912 —-
1319 2887 1379 2932 13)
1406 2889 1471 2925 hic.
1497 2908 1541 2914 —-
1567 2888 1628 2934 14)
1646 2897 1725 2936 post

116 2935 176 2970 Ch.
203 2936 280 2972 182.
306 2955 345 2960 —
376 2935 436 2980 15)
461 2935 582 2972 θανών.
