1877 3313
138 149 224 193 206
583 148 687 184 Inscr.
713 150 888 194 profanae.
938 150 1019 194 Cap.
1045 150 1084 185 Π.
1128 150 1287 186 Tabulae.

142 255 247 296 dedit
287 254 530 307 adsignavit,
583 255 687 307 quod
729 268 808 298 non
848 257 887 298 in
930 269 978 298 eo
1011 269 1107 311 agro
1148 257 1236 298 1000
1278 262 1318 298 et
1357 257 1463 311 quod
1503 256 1554 313 (l.
1591 256 1735 313 quem)

138 311 274 368 v[etus
305 325 518 366 possessor
539 326 664 367 prove
687 319 824 356 vetere
845 328 1085 370 possessore
1117 316 1219 357 sibei
1250 317 1415 370 sumpsit
1445 317 1656 370 reliquitve
1684 319 1737 358 ita

137 373 218 413 utei
248 384 278 413 s.
311 384 342 413 s.
376 376 459 420 est,-

277 430 378 478 Quei
409 443 506 483 ager
535 431 715 484 poblicus
745 432 880 486 populi
912 433 1089 473 romanei
1120 434 1158 473 in
1190 438 1336 473 terram
1367 433 1513 474 Italiam
1543 434 1583 474 P.
1615 434 1738 475 Mun-

137 489 199 529 cio
229 489 272 529 L.
307 488 516 541 Calpurnio
549 502 631 530 cos.
663 489 757 542 fuit,
789 497 900 532 extra
933 504 1020 531 eum
1053 504 1188 546 agrum
1220 491 1374 543 locum,
1418 493 1511 544 quei
1544 504 1642 546 ager
1671 493 1738 534 lo-

137 560 209 588 cus
241 561 293 588 ex
324 547 414 601 lege
444 547 624 600 piebeive
654 551 766 601 scito,
798 550 903 602 quod
937 550 977 590 C.
1007 551 1261 602 Sempronius
1295 551 1352 590 Ti.
1386 549 1410 590 f.
1444 555 1492 591 tr.
1524 551 1575 604 pl.
1610 564 1738 605 roga-

135 607 202 656 vit,
234 611 442 659 exceptum
476 608 724 660 cavitumque
758 613 818 648 est
849 609 912 648 nei
944 608 1208 659 divideretur,
1242 609 1330 661 quei
1362 610 1400 648 in
1434 621 1482 649 eo
1515 621 1615 662 agro
1648 609 1738 651 loco

133 665 262 705 veteri
292 665 519 717 possessori
549 677 675 717 prove
706 671 843 706 vetere
874 679 1113 719 possessore
1151 680 1250 721 ager
1281 667 1393 708 locus
1425 665 1622 722 1·e]dditus
1653 673 1714 708 est
1726 681 1738 716 3

276 723 376 770 Quei
407 735 506 777 ager
537 724 714 776 publicus
757 725 890 778 populi
921 727 1096 765 romanei
1138 727 1175 765 in
1208 731 1312 766 terra
1353 726 1458 766 Italia
1500 726 1538 766 P.
1581 726 1737 767 Muucio

136 779 207 836 (L.
238 778 420 836 Muucio)
455 781 496 822 L.
530 782 740 835 Calpurnio
771 795 854 824 005.
888 782 972 834 fuit,
1005 789 1118 824 extra
1151 797 1239 824 eum
1261 797 1413 837 agrum,
1445 785 1536 836 quei
1566 797 1663 838 ager
1686 797 1739 825 ex

134 840 228 894 lege
271 836 470 893 [plebeive
512 853 567 881 sc.
612 840 717 893 quod
759 839 799 881 C.
833 842 1092 894 Sempronius
1123 842 1179 882 Ti.
1216 841 1240 882 f.
1274 847 1320 882 tr.
1365 842 1414 895 01.
1447 843 1627 897 rogavit,
1660 856 1738 883 ex-

134 902 312 952 sceptum
346 899 593 951 cavitumque
634 904 695 939 est
736 900 798 939 nei
842 900 1106 952 divideretur,
1121 931 1221 940 .....
1255 901 1361 952 quod
1404 903 1489 941 eius
1521 901 1606 953 agri
1636 900 1739 941 locei

135 957 303 1010 publicei
335 957 373 997 in
405 957 543 997 urbem
578 957 739 998 Romam
784 962 865 1007 est,
880 989 975 998 .....
1020 956 1196 1012 quodJVe
1238 959 1322 1011 agri
1364 958 1465 998 locei
1497 958 1666 1011 publicei
1698 959 1737 999 in

135 1021 240 1055 terra
272 1014 390 1065 ltalia,
423 1015 528 1069 quod
560 1017 644 1056 eius
677 1020 789 1056 extra
822 1016 960 1055 urbem
994 1014 1173 1069 Romaff]
1210 1014 1258 1069 (l.
1293 1013 1482 1069 Romam)
1515 1022 1599 1067 est,
1632 1016 1737 1070 quod

135 1075 221 1114 eius
252 1074 291 1113 in
322 1075 458 1114 urbem
492 1072 542 1127 (l.
575 1072 723 1127 urbe),
766 1074 923 1126 oppido,
955 1075 1044 1114 vico
1077 1079 1160 1124 est,
1202 1074 1309 1126 quod
1352 1075 1437 1115 eius
1478 1074 1524 1115 ΙΙΙ
1541 1075 1600 1115 vir
1631 1075 1737 1115 dedit

134 1129 406 1186 assignavit2)
439 1131 543 1185 quod
577 1129 677 1186 [non
708 1133 747 1172 in
779 1144 827 1172 eo
860 1145 958 1185 agro
990 1131 1080 1172 1000
1113 1137 1196 1182 est,
1229 1145 1346 1184 quem
1378 1138 1492 1173 vetus
1523 1145 1739 1186 possessor

132 1203 258 1244 prove
288 1195 426 1231 vetere
456 1202 671 1244 possesore
702 1191 799 1231 sibei
830 1191 995 1243 sumpsit
1027 1190 1249 1243 reliquitve,
1281 1193 1331 1231 ita
1363 1191 1443 1231 utei
1461 1203 1581 1245 supra
1604 1192 1738 1245 scrip-

134 1254 214 1290 tum
247 1253 307 1290 est
319 1263 330 1299 3
344 1280 445 1289 .....

275 1307 376 1356 Quei
407 1320 505 1361 ager
535 1307 712 1361 publicus
744 1307 875 1360 000011
908 1308 1083 1347 romanei
1115 1308 1151 1348 in
1184 1312 1290 1348 terra
1322 1307 1428 1348 Italia
1459 1308 1498 1348 P.
1531 1308 1661 1349 Mucio
1692 1308 1733 1349 L.

132 1365 344 1419 Calpurnio
376 1378 459 1408 005.
492 1366 572 1416 suit,
604 1370 715 1405 extra
739 1378 828 1406 eum
849 1378 1004 1419 agrum,
1035 1367 1126 1419 quei
1159 1379 1256 1420 ager
1287 1363 1359 1420 ex]
1400 1366 1492 1420 lege
1522 1364 1733 1421 01010νο3)

133 1427 256 1476 scito,
289 1423 394 1477 quod
428 1425 467 1465 C.
499 1425 753 1477 Sempronius
785 1425 840 1464 Ti.
874 1425 900 1464 f.
934 1429 980 1465 tr.
1014 1425 1063 1478 pl.
1096 1437 1206 1478 rog„
1249 1430 1481 1477 exsceptum
1514 1426 1736 1466 cavitumve

134 1489 196 1524 est
235 1485 300 1524 nei
341 1483 604 1533 divideretur,
658 1482 763 1535 quod
806 1483 1019 1535 quoieique
1059 1482 1108 1522 (10
1150 1496 1199 1524 00
1241 1495 1338 1537 agro
1378 1483 1467 1524 1000
1507 1485 1594 1536 agri
1633 1483 1736 1525 locei

136 1625 302 1672 signavit,
333 1626 427 1673 quod
462 1637 530 1662 000
563 1625 595 1662 10
628 1637 673 1662 00
705 1637 795 1673 agro
829 1627 911 1663 1000
944 1631 1017 1672 est,
1049 1639 1151 1675 quem
1185 1631 1285 1662 vetus
1317 1637 1488 1674 possesor
1518 1637 1632 1674 prove
1664 1637 1732 1662 ve-

135 1689 214 1721 tere
246 1696 457 1732 possessore
489 1685 553 1721 sibi
584 1685 730 1732 sumpsit
762 1684 950 1732 reliquitve
982 1686 1028 1721 ita
1063 1686 1110 1721 uti
1143 1697 1248 1733 supra
1280 1685 1447 1732 scriptum
1480 1689 1554 1729 est3

275 1742 339 1786 Qui
380 1755 468 1790 ager
508 1743 667 1791 publicus
707 1744 828 1791 populi
869 1745 1003 1780 romani
1045 1745 1077 1780 10
1112 1749 1240 1780 terram
1283 1743 1418 1779 Italiam
1451 1743 1485 1778 P.
1518 1742 1656 1788 Mucio,
1695 1742 1730 1779 L.

139 1801 330 1850 Calpurnio
364 1802 564 1838 consulibus
597 1802 659 1837 suit
693 1806 792 1838 extra
825 1814 902 1838 eum
936 1814 1058 1850 agrum
1091 1803 1220 1849 iocum,
1253 1802 1310 1849 qui
1343 1813 1430 1849 ager
1457 1802 1556 1838 locus
1580 1812 1627 1837 ex
1648 1801 1730 1847 lege

134 1861 276 1908 plebive
308 1859 421 1905 scito,
462 1860 555 1907 quod
589 1860 624 1896 C.
658 1860 887 1908 Sempronius
929 1861 1057 1897 Tiberii
1099 1861 1188 1897 filius
1231 1861 1389 1897 tribunus
1431 1859 1542 1908 010015
1573 1859 1730 1906 rogavit,

136 1923 325 1966 exceptum
357 1922 568 1966 cautumque
600 1930 643 1954 ne
677 1919 916 1965 divideretur,
961 1920 1017 1966 qui
1049 1920 1081 1955 in
1115 1931 1159 1955 eo
1193 1931 1280 1966 agro
1314 1919 1395 1955 1000
1436 1917 1549 1954 veteri
1580 1929 1730 1966 posses-

132 1977 205 2015 sori
237 1988 349 2025 prove
381 1982 504 2013 vetere
536 1989 749 2024 possessore
782 1989 870 2022 ager
902 1978 1000 2013 iocus
1033 1978 1192 2014 redditus
1226 1982 1302 2021 est3

276 2035 365 2079 Quei
397 2047 484 2082 ager
516 2036 675 2082 pubiicus
708 2035 828 2084 000011
862 2037 997 2071 romani
1029 2036 1061 2072 in
1095 2041 1188 2072 terra
1221 2036 1318 2072 ltalia
1352 2036 1385 2071 P.
1417 2035 1545 2080 Mucio,
1575 2035 1599 2071 L
1643 2035 1729 2071 Cal-

134 2094 260 2143 purnio
293 2094 494 2131 consulibus
525 2094 589 2130 suit
621 2099 720 2130 extra
754 2106 831 2130 eum
863 2106 1010 2140 agrum,
1052 2094 1109 2141 qui
1143 2106 1231 2140 ager
1263 2106 1308 2130 ex
1340 2094 1422 2140 lege
1453 2093 1593 2141 plebive
1624 2093 1729 2139 scito,

133 2153 229 2201 quod
261 2152 298 2189 C.
330 2152 558 2200 Sempronius
590 2153 720 2189 Tiberii
752 2153 836 2189 filius
869 2152 1027 2188 tribunus
1059 2152 1171 2200 plebis
1211 2151 1375 2198 rogavit,
1417 2156 1608 2199 exceptum
1641 2163 1729 2187 cau-

133 2215 278 2259 tumque
321 2215 375 2247 est
415 2223 458 2247 ne
500 2210 759 2248 divideretur:
774 2239 864 2247 .....
897 2211 992 2257 quod
1035 2211 1107 2247 eius
1151 2211 1227 2257 agri
1268 2210 1336 2246 1001
1378 2209 1508 2258 publici
1540 2209 1573 2245 in
1606 2209 1729 2246 urbem

133 2270 278 2307 Romam
310 2273 365 2305 est
500 2269 642 2316 quodve
675 2269 751 2316 agri
782 2269 851 2306 loci
884 2268 1012 2316 publici
1044 2269 1077 2306 in
1109 2274 1204 2305 terra
1236 2268 1355 2313 Italia,
1395 2268 1491 2314 quod
1523 2267 1595 2304 eius
1628 2271 1727 2304 extra

134 2330 259 2366 urbem
292 2328 435 2365 Romam
468 2332 533 2372 est,
566 2329 661 2375 quod
694 2328 768 2364 eius
800 2329 833 2364 in
865 2328 966 2372 urbe,
998 2327 1145 2375 oppido.
1178 2327 1259 2363 vico
1292 2330 1358 2372 est,
1390 2326 1484 2373 quod
1507 2326 1579 2362 eius
1601 2326 1727 2363 trium-

134 2387 190 2423 vir
221 2387 319 2423 dedit
351 2386 572 2433 adsignavit,
617 2387 712 2434 quod
755 2397 824 2422 non
856 2386 889 2422 in
923 2397 966 2422 eo
1000 2397 1090 2432 agro
1134 2386 1214 2422 loco
1247 2389 1323 2431 est,
1363 2396 1467 2431 quem
1507 2389 1609 2420 vetus
1637 2395 1727 2432 pos-

136 2457 257 2483 sessor
287 2455 402 2493 prove
433 2449 561 2482 vetere
594 2456 805 2492 possessore
837 2444 900 2480 sibi
934 2445 1079 2492 sumpsit
1110 2442 1298 2491 reliquitve
1329 2444 1375 2479 ita
1408 2443 1455 2480 uti
1486 2454 1590 2492 supra
1611 2442 1727 2491 scrip-

132 2508 204 2541 tum
236 2508 311 2549 051,
329 2531 418 2540 .....

277 2561 343 2606 Qui
376 2572 464 2608 ager
494 2561 652 2609 publicus
684 2561 805 2610 populi
847 2560 982 2597 romani
1013 2560 1046 2597 in
1078 2565 1172 2597 terra
1204 2560 1303 2597 ltalia
1335 2561 1369 2596 P.
1401 2559 1536 2605 Mucio,
1575 2560 1610 2596 L.
1642 2559 1727 2595 Cal-

136 2620 263 2668 purnio
295 2619 496 2656 consulibus
529 2619 591 2655 fuit
623 2625 724 2656 extra
758 2631 837 2656 eum
869 2631 1012 2667 agrum,
1051 2619 1107 2666 qui
1141 2631 1228 2665 ager
1261 2630 1306 2655 ex
1337 2618 1419 2666 lege
1450 2618 1591 2666 plebive
1623 2617 1725 2663 scito,

139 2680 233 2725 quod
265 2679 303 2715 C.
334 2677 562 2727 Sempronius
594 2678 723 2716 Tiberii
755 2679 843 2715 111105
875 2678 1031 2715 tribunus
1064 2677 1176 2725 plebis
1209 2677 1369 2724 rogavit,
1408 2680 1596 2724 exceptum
1635 2687 1725 2712 cau-

136 2739 253 2774 tumve
286 2740 340 2774 est
369 2748 415 2774 ne
445 2735 676 2783 divideretur,
708 2737 805 2785 quod
837 2736 963 2784 cuique
995 2736 1039 2772 de
1071 2746 1115 2772 eo
1147 2747 1237 2782 agro
1269 2736 1350 2773 1000
1374 2735 1450 2782 agri
1472 2735 1541 2772 1001
1562 2733 1726 2780 aedificii,

273 2896 312 2941 1)
338 2899 444 2932 Roma
468 2903 503 2932 et
526 2907 603 2931 mox
634 2898 743 2931 urbem
777 2899 880 2931 etiam
913 2894 1070 2940 Gottling.
1104 2896 1137 2929 in
1168 2895 1283 2929 tabula
1318 2894 1410 2937 legit.
1444 2893 1618 2938 Sigonius:
1650 2893 1723 2927 Ro-

135 2954 223 2977 mam
249 2969 276 2979 ..
300 2945 386 2980 urbe.
414 2964 454 2968 —
487 2942 527 2988 2)
551 2944 744 2988 adsiynavic.
770 2944 857 2979 Rud.
895 2961 934 2966 —
967 2941 1004 2986 3)
1029 2942 1167 2988 plebeire
1194 2943 1283 2977 scito.
1309 2941 1393 2977 Rud.
