1877 3313
146 187 228 229 168
296 186 397 220 Inser.
423 184 595 229 profanae.
644 181 724 227 Cap.
749 181 774 216 Ι.
823 182 921 217 Tituli
946 193 1086 228 operum
1110 182 1272 226 publicor.
1297 193 1364 216 non
1389 193 1570 217 sacrorum.

285 293 402 330 1450.
464 289 570 329 Deae
602 288 693 341 Seg.
726 288 766 329 P.
797 287 844 329 X.
864 286 899 342 ¹)
932 311 986 317 -—
1018 291 1055 327 In
1082 290 1243 338 pondere
1265 302 1372 328 aereo
1393 290 1612 328 collectionis
1634 291 1722 328 Ter-

143 351 317 390 senianae.
356 350 508 386 Boeckli.
540 350 674 385 llletrol.
705 349 846 385 Unters.
876 362 908 397 p.
946 349 1036 385 173.

284 423 403 461 1451.
464 421 596 461 Exact.
629 422 667 461 in
700 421 740 462 C.
771 421 823 463 St.
837 419 877 476 ²)
910 444 963 450 —
995 424 1031 460 In
1065 423 1164 460 uncia
1198 435 1243 460 ex
1266 428 1427 470 argento.
1460 424 1554 460 Grut.
1574 436 1608 473 p.
1631 424 1725 461 222.

143 484 252 521 More.
284 484 358 518 Stil.
391 482 618 518 CCCXXVII.

285 557 404 593 1452.
465 555 509 594 D.
544 554 587 594 D.
619 555 659 594 P.
693 555 729 594 P.
761 551 930 608 Herc.³)
965 577 1018 584 -
1049 557 1086 593 In
1119 568 1226 593 aereo
1248 556 1416 593 sextario.
1449 552 1618 609 (Rosini)
1643 558 1726 595 Dis-

142 620 263 653 sertat.
295 615 436 662 isagog.
469 627 502 663 p.
537 616 601 651 55.

283 689 403 727 1453.
463 687 683 728 Anxanum.
716 687 824 739 Emp.
856 686 1042 741 Frent.‘¹)
1075 687 1116 727 L.
1151 686 1245 727 Ario
1278 692 1316 726 et
1342 687 1393 728 M.
1417 687 1537 728 Gavio
1559 687 1670 728 Coss.
1687 685 1726 742 ⁵)

141 767 196 773 ——
231 743 310 799 (Ab
345 750 453 784 attera
487 753 586 795 parte
601 743 635 799 :)
695 746 819 786 Nund.
853 743 1107 798 conciliatiss]
1138 745 1239 785 Fisio
1272 745 1414 785 Eusan.
1447 746 1578 786 Feltro
1601 746 1727 786 Rotae

140 803 218 842 filio
250 808 290 843 et
321 800 504 857 Aud0.⁷)
539 803 580 843 L.
613 803 657 843 D.
690 803 733 842 D.
767 803 808 843 D.
822 799 864 857 3)
909 826 963 832 --
1006 806 1144 841 Anxani
1176 806 1207 842 in
1240 806 1400 853 pondere
1431 806 1573 853 publico
1608 818 1726 843 aereo.

140 863 336 900 Romanelli
368 864 582 911 Topogralia
614 864 649 899 T.
681 864 738 899 111.
771 876 802 911 p.
836 863 898 899 62.
947 864 1041 899 Orel.
1074 864 1195 899 4345.

284 938 403 975 1454.
463 936 523 976 Ex
563 936 824 988 iniquitatibus
866 948 1139 975 mensurarum
1180 940 1217 974 et
1248 935 1410 987 ponder.
1445 935 1485 975 C.
1519 935 1726 988 Septimius

142 993 337 1034 Candidus
370 999 406 1034 et
437 994 476 1034 P.
507 995 700 1034 Munatius
733 994 847 1034 Celer
866 993 963 1032 Aed.
997 999 1179 1032 stateram
1212 1006 1341 1032 aerea.
1373 998 1413 1032 et
1444 993 1618 1045 pondera
1650 992 1725 1032 de-

140 1057 236 1092 eret.
270 1052 406 1092 decur.
439 1052 620 1105 ponenda
652 1056 899 1091 curaverunt.
935 1074 988 1078 -—-
1021 1054 1189 1088 Cattolica
1222 1064 1335 1100 prope
1368 1053 1582 1098 Ariminumg
1612 1054 1645 1089 in
1669 1058 1722 1089 ta-

140 1113 220 1149 bula
255 1124 359 1148 aerea
395 1112 503 1149 1840
537 1113 689 1148 detecta.
736 1112 824 1147 Noel
857 1111 918 1146 des
951 1111 1107 1155 Vei-gers
1140 1122 1198 1146 sur
1231 1112 1400 1157 quelques
1432 1111 1654 1159 inscriptions
1683 1112 1726 1148 de

139 1169 320 1216 l‘Ornbrie,
350 1171 403 1206 in:
436 1171 554 1206 Revue
588 1170 632 1205 de
662 1169 859 1217 pliilologie
892 1170 917 1204 Ι.
950 1181 981 1216 p.
1016 1168 1108 1204 516.

281 1245 402 1281 1455.
463 1242 502 1282 C.
536 1242 694 1282 Caesius
727 1241 766 1281 C.
800 1241 838 1281 F.
864 1241 954 1281 Ouf.
971 1237 1010 1295 9]
1035 1241 1223 1282 Silvester
1247 1241 1285 1280 P.
1311 1242 1351 1281 P.
1372 1238 1426 1295 ¹⁰)
1448 1240 1725 1293 ponderarium

140 1300 178 1342 S.
210 1300 249 1340 P.
282 1301 321 1340 P.
354 1301 391 1341 S.
425 1300 463 1339 F.
485 1298 538 1354 ¹¹]
572 1305 609 1339 et
650 1300 925 1340 cliaristionem
957 1311 1116 1339 aereum
1149 1311 1232 1351 pos.
1252 1296 1305 1352 ¹²)
1338 1304 1520 1339 stateram
1553 1304 1590 1340 et
1621 1312 1727 1352 pon-

141 1358 234 1399 dera
267 1371 369 1410 quae
401 1362 512 1398 antea
546 1370 649 1409 resp.
684 1358 774 1396 emit
814 1369 886 1410 pro
929 1358 1067 1409 quibus
1109 1357 1295 1397 Silvester
1334 1370 1419 1410 pec.
1463 1357 1563 1397 solvi
1604 1358 1728 1409 iussit,

139 1428 314 1456 mensur.
358 1416 540 1468 liquarias
580 1421 694 1455 antea
736 1416 882 1467 positas
914 1427 934 1454 a
967 1415 1105 1455 Caesio
1145 1415 1281 1454 Prisco
1313 1416 1351 1455 in
1383 1414 1522 1456 eodem
1553 1415 1726 1457 contulit.

143 1497 194 1504 -
227 1476 421 1513 Albacinae
452 1475 621 1512 Fabriani.
668 1476 756 1512 Don.
787 1488 820 1523 p.
854 1475 919 1510 86.
967 1475 1059 1511 Orel.
1092 1475 1216 1511 4344.

810 1597 1057 1632 Mensurae.

288 1695 409 1731 1456.
469 1691 559 1745 Imp.
593 1691 760 1732 Caesare
791 1691 941 1744 Vespas
974 1692 1034 1732 Vl.
1067 1692 1108 1732 Τ.
1128 1688 1182 1745 ¹3]
1226 1691 1396 1732 Caesare
1436 1691 1540 1746 Aug.
1577 1692 1619 1733 F.
1659 1693 1732 1734 1111.

142 1751 236 1792 Cos.
256 1748 310 1804 ¹4)
345 1751 556 1791 Mensurae
591 1755 753 1790 exactae
784 1750 820 1789 in
853 1750 1044 1802 capitolio.
1079 1750 1115 1789 P.
1217 1747 1272 1804 ¹⁵]
1311 1773 1365 1778 —
1396 1752 1581 1801 Inscriptio
1613 1755 1732 1801 congii

137 1812 353 1848 Farnesiaui.
402 1811 497 1847 Grut.
530 1824 563 1859 p.
597 1811 690 1847 223.
733 1811 831 1846 Fabr.
862 1822 895 1857 p.
932 1810 1022 1846 526.
1065 1750 1184 1846 Orel:X
1191 1810 1313 1846 4342.
1345 1811 1451 1847 lllorc.
1475 1811 1549 1848 Stil.
1570 1811 1730 1849 CCCXX.

139 1870 291 1907 Boeckh
325 1869 515 1914 llletrolog.
548 1869 684 1905 Unters.
716 1880 749 1916 p.
785 1867 875 1904 163.

281 1943 403 1979 1457.
469 1941 676 1981 Mensurae
709 1939 756 1980 ad
789 1940 1009 1992 exemplum
1052 1953 1184 1980 earum
1228 1952 1328 1992 quae
1359 1942 1397 1981 in
1428 1940 1609 1994 capitolio
1639 1946 1731 1982 sunt

139 2003 303 2041 auclore
334 2001 583 2039 sanctissimo
615 1999 716 2051 Aug.
748 1998 792 2037 N.
811 1996 865 2051 ¹⁶)
897 1998 1136 2038 nobilissimo
1170 1999 1280 2038 Caes.
1314 2011 1384 2051 per
1414 2000 1600 2052 regiones
1632 2001 1729 2039 mis-

138 2071 208 2099 sae
251 2054 417 2110 Cur.¹⁷)
538 2057 581 2096 D.
624 2056 795 2097 Simonio
836 2055 983 2096 Iuliano
1024 2055 1151 2095 Praef.
1193 2057 1314 2095 V....
1357 2056 1398 2096 C.
1438 2057 1480 2096 V.
1499 2053 1552 2110 ι8)
1594 2078 1648 2084 —-
1689 2060 1729 2096 In

138 2118 260 2154 modio
302 2117 507 2153 Florentiae
550 2121 744 2153 asservato.
789 2117 929 2152 Fabret.
970 2128 1003 2164 p.
1038 2115 1129 2151 528.
1177 2116 1259 2152 Gori
1298 2117 1370 2152 Etr.
1411 2117 1500 2153 Insc.
1531 2117 1589 2155 111.
1621 2129 1655 2166 p.
1687 2117 1726 2156 2.

141 2176 235 2213 Orel.
269 2175 393 2211 4347.

282 2249 401 2286 1458.
461 2247 509 2286 A.
544 2246 699 2287 Clodius
731 2246 777 2287 A.
809 2246 848 2286 F.
880 2245 1057 2296 Flaccus,
1089 2246 1139 2286 M.
1171 2245 1348 2286 Arcaeus
1370 2246 1416 2286 N.
1441 2246 1480 2287 F.
1503 2244 1725 2288 Arellianus

139 2305 306 2347 Caledus
338 2306 386 2345 D.
419 2304 462 2344 V.
496 2304 519 2343 Ι.
552 2305 597 2344 D.
618 2302 672 2359 ¹⁹)
706 2316 910 2344 mensuras
943 2303 1219 2356 exaequandas
1252 2317 1303 2344 ex
1333 2305 1427 2344 Dec.
1453 2303 1560 2345 decr.
1577 2301 1636 2360 ²⁰)
1669 2327 1724 2333 —-

137 2367 324 2414 Pompeiis.
371 2365 566 2402 Romanelli
599 2365 753 2412 Viaggio
785 2365 822 2401 T.
852 2365 876 2400 1.
908 2376 941 2412 p.
977 2363 1067 2400 156.
1115 2364 1211 2400 Orel.
1243 2364 1366 2400 4348.

278 2480 315 2519 1)
339 2505 347 2513 .
362 2505 369 2512 .
384 2505 392 2512 .
406 2504 414 2512 .
439 2479 694 2522 Segusianorum
714 2479 825 2522 pondo
845 2479 971 2512 decem.
990 2493 1034 2499 -
1058 2477 1095 2518 2)
1115 2484 1252 2511 exactae
1271 2479 1303 2511 in
1327 2478 1485 2522 capitolio
1500 2484 1655 2513 staterae.
1679 2497 1719 2502 —

138 2525 176 2567 3)
196 2526 417 2559 Decurionum
437 2525 571 2558 decreto
591 2525 754 2558 Praefecti
772 2525 941 2568 ponderali
961 2522 1031 2565 (vel
1052 2522 1272 2567 ponderibus)
1292 2525 1602 2559 Herculanensium.
1626 2543 1656 2548 -
1683 2525 1722 2569 4)

137 2572 334 2615 Emporium
361 2572 611 2605 Frentanorum.
648 2588 689 2592 —
718 2573 754 2612 5)
782 2573 858 2604 Post
884 2570 957 2603 Chr.
986 2571 1062 2602 165.
1099 2588 1137 2592 —-
1175 2572 1212 2611 6)
1238 2571 1425 2610 nundinae,
1451 2571 1720 2606 conciliabulum.

138 2635 181 2639 -—
208 2620 244 2660 7)
270 2619 424 2651 Homines
452 2618 509 2650 hos
535 2628 594 2660 pro
629 2617 859 2658 Quatuorviris
889 2618 1077 2650 annonariis
1103 2617 1204 2650 habet
1229 2617 1473 2658 Romanellius;
1507 2618 1585 2650 mihi
1612 2620 1719 2660 potius

137 2666 226 2697 servi
253 2665 374 2707 publici
400 2664 574 2704 videntur,
601 2664 789 2706 ponderarii
815 2675 927 2696 curam
947 2669 1112 2705 gerentes.
1141 2680 1179 2684 —
1207 2663 1244 2704 8)
1271 2664 1363 2696 locus
1381 2664 1475 2696 datus
1494 2663 1718 2697 Decurionurn

139 2710 297 2751 decreto,
323 2711 354 2743 id
381 2716 449 2751 est,
475 2710 606 2754 pondus
631 2710 819 2752 probatium
846 2710 1068 2742 Decurionum
1095 2708 1240 2742 decreto.
1279 2709 1365 2742 Orel.
1404 2726 1441 2731 -
1477 2708 1515 2750 9)
1541 2708 1718 2743 Oufentina

139 2756 236 2789 tribu.
264 2774 303 2778 —
336 2755 394 2798 10)
420 2757 613 2790 Praefectus
638 2759 708 2788 sive
736 2756 896 2789 Patronus
921 2756 1036 2799 plebis,
1071 2771 1111 2776 —
1149 2754 1206 2796 11)
1233 2756 1304 2788 solo
1330 2757 1461 2799 privato
1493 2757 1630 2798 pecunia
1656 2767 1716 2790 sua

139 2802 236 2842 fecit3
261 2802 332 2835 vel:
358 2813 414 2835 sua
433 2803 574 2846 pecunia
594 2804 670 2845 poni
689 2803 772 2835 solvi
793 2803 881 2835 fecit.
908 2819 951 2823 —-
978 2800 1036 2843 12)
1063 2803 1181 2845 posuit.
1207 2817 1250 2823 —
1278 2800 1335 2843 13)
1361 2802 1442 2835 Tito.
1467 2818 1511 2823 —
1538 2800 1596 2843 14)
1624 2801 1716 2835 Con-

139 2847 274 2880 sutibus.
300 2859 333 2890 p.
360 2848 436 2881 Chr.
462 2850 514 2881 75.
549 2866 592 2870 -
627 2847 686 2888 15)
713 2849 824 2891 pondo
850 2849 976 2881 decem.
1012 2866 1051 2870 —
1081 2847 1139 2888 16)
1167 2854 1290 2880 nostro.
1319 2865 1358 2870 —
1387 2846 1445 2889 17)
1472 2845 1644 2881 Curatore.
1671 2865 1712 2870 —-

142 2893 201 2934 18)
227 2893 397 2926 Praefecto
422 2894 511 2928 urbis
536 2896 608 2929 viro
635 2894 827 2928 clarissimo.
860 2911 903 2916 —
937 2894 995 2936 19)
1021 2894 1185 2927 duumviri
1211 2895 1272 2926 iuri
1298 2894 1454 2927 dicundo.
1489 2909 1529 2916 -
1563 2891 1626 2935 20)
1653 2894 1714 2927 de-

141 2940 311 2973 curionum
337 2940 482 2975 decreto.
