1877 3313
175 183 230 226 76
539 181 637 215 Inscr.
663 190 789 214 sacrae.
837 179 918 224 Cap.
943 180 998 216 III.
1049 180 1073 215 T
1077 180 1147 215 ituli
1171 180 1389 226 sepulcrales.

172 289 258 330 fatis
288 289 342 330 illi
374 291 467 329 erat.
499 286 584 327 Vixi
613 297 737 327 annos
767 285 898 327 XXIII.
931 308 987 316 —
1022 288 1198 326 Aventini.
1231 288 1325 326 Grut.
1357 300 1391 338 p.
1424 288 1517 325 319.
1548 288 1604 330 Cf.
1635 288 1756 336 Byron

175 350 272 386 Child
305 349 447 386 Ilarold.
481 348 576 383 Cant.
605 346 662 383 111.
695 351 756 384 str.
789 347 853 384 66.

312 425 404 461 577.
463 420 506 460 D.
538 419 587 459 M.
618 419 673 459 Cl.
706 419 833 460 Italiae
865 418 919 460 CI.
952 420 1128 460 Hermias
1169 419 1326 473 coniugi
1366 419 1453 459 ben.
1486 419 1536 460 M.
1568 419 1612 459 D.
1645 419 1682 461 S.
1713 419 1755 460 F.

176 481 216 521 C.
250 480 295 528 Q.
328 481 372 521 V.
405 478 448 519 A.
482 477 599 518 XXX.
620 475 656 532 ¹]
689 478 823 531 Tycbe
860 478 1033 519 Delicata
1072 480 1200 531 πασῆς
1228 480 1412 531 μουσικῆς
1440 473 1669 531 μετέχουσα.
1701 499 1757 507 -—

171 541 304 578 Romae
335 541 367 576 in
400 540 456 576 vil.
489 538 567 575 Alb.
595 539 702 575 More.
734 540 784 575 St.
819 539 1029 575 CLXXVIII.

313 616 403 651 578.
462 611 551 651 Iulia
581 611 689 651 Musa
720 612 810 652 emit
842 612 914 652 sibi
947 617 985 652 et
1016 613 1108 652 suis.
1142 635 1196 641 —
1230 613 1312 651 Gori
1334 591 1441 650 Inscr.
1465 613 1606 650 Tom.1.
1631 625 1665 662 p.
1689 613 1756 651 91.

173 674 279 711 More.
312 674 385 709 Stil.
419 672 640 708 CCLXXXV.

314 749 404 785 579.
464 745 580 785 Iuliae
614 744 815 798 Eutychae
853 744 970 785 Iulius
1003 746 1237 786 Fortunatus
1270 745 1427 798 coniugi
1459 745 1685 786 carissimae
1715 745 1757 785 B.

170 804 221 845 M.
254 809 291 844 et
330 803 401 844 sibi
432 807 470 842 et
501 803 580 843 suis
609 802 759 842 libertis
791 803 1086 855 libertabusqne
1117 804 1369 856 posterisque
1412 815 1572 854 eorum,
1614 815 1758 843 monu-

172 867 301 902 mento
342 861 546 914 adsignato
585 874 635 900 ex
679 860 839 901 decreto
879 862 1053 914 Magistr.
1089 862 1169 909 QQ.
1203 862 1345 915 collegi
1377 861 1544 901 familiae
1575 860 1756 901 Iulianae.

170 921 263 961 Hoc.
296 931 399 959 mon.
432 918 565 959 hered.
585 923 709 959 exter.
741 931 820 959 non
850 925 1002 972 sequet.
1036 920 1080 959 H.
1112 920 1163 960 M.
1196 920 1241 959 D.
1273 919 1323 959 M.
1356 919 1402 959 A.
1418 917 1460 971 ²)
1493 942 1548 947 —
1587 922 1675 958 Don.
1708 922 1757 958 Cl.

173 981 208 1017 9.
240 993 271 1017 n.
307 980 368 1016 14.
414 980 557 1016 Morcel.
585 980 650 1028 Op.
682 979 723 1016 II.
759 979 850 1016 111.

309 1056 401 1091 580.
461 1052 552 1092 Iulia
590 1053 790 1093 Honorata
829 1053 873 1092 V.
907 1052 952 1092 A.
985 1052 1095 1092 XLII.
1128 1052 1171 1092 H.
1204 1052 1240 1092 S.
1273 1052 1315 1093 E.
1333 1049 1373 1107 ³]
1415 1051 1490 1093 VII.
1523 1052 1604 1092 Kal.
1646 1052 1757 1094 Mart.

169 1110 216 1151 A.
247 1109 380 1164 PV.4)
415 1109 625 1151 CLXXVII.
666 1133 721 1139 —-
761 1113 849 1149 Sitifi
890 1107 1030 1164 (Set-if)
1072 1113 1105 1149 in
1149 1113 1279 1149 Africa.
1324 1114 1418 1149 Hase
1448 1113 1482 1149 in
1513 1113 1661 1150 Journal
1693 1113 1756 1149 des

168 1173 249 1208 Sav.
285 1171 405 1208 1837.
437 1184 469 1220 p.
505 1171 595 1208 649.
643 1172 767 1209 Clarae
807 1172 938 1207 Musee.
979 1172 1054 1207 livr.
1091 1170 1153 1207 13.
1185 1182 1235 1207 nr.
1269 1171 1334 1208 94.
1387 1171 1478 1208 B'ahr
1515 1171 1601 1209 Iahn
1640 1171 1757 1208 Iahrb.

169 1231 265 1267 Tom.
299 1230 364 1267 52.
395 1242 430 1278 p.
462 1229 557 1266 425.

308 1305 402 1342 581.
462 1302 576 1343 Iuliae
616 1302 796 1342 Plebeiae
827 1302 864 1342 in
896 1302 1088 1342 honorem
1131 1301 1345 1342 Alexandri
1377 1306 1416 1342 et
1446 1301 1619 1342 Demetri
1651 1302 1756 1342 Cae-

167 1361 265 1401 saris
296 1361 399 1414 Aug.
443 1361 485 1400 L.
517 1374 569 1400 ex
607 1360 769 1401 decreto
803 1360 934 1400 decur.
968 1360 1041 1400 olla
1073 1359 1228 1412 publice
1260 1363 1349 1400 data
1379 1364 1452 1400 est.
1495 1383 1551 1389 —-
1593 1363 1688 1399 Grut.
1720 1375 1757 1411 p.

166 1422 263 1458 424.
309 1423 415 1458 More.
448 1422 515 1470 Op.
548 1434 601 1469 ep.
633 1422 674 1457 II.
712 1421 803 1457 143.

310 1497 402 1533 582.
462 1494 576 1534 Iuliae
608 1494 797 1535 Procillae
829 1491 927 1547 O.⁵)
969 1505 1056 1533 ann.
1095 1493 1257 1533 XLVIII.
1297 1493 1339 1532 L.
1375 1492 1565 1533 Cocceius
1597 1492 1757 1546 Cupitus

167 1553 328 1592 maritus
361 1558 401 1592 et
431 1552 521 1593 Iulia
554 1553 705 1592 Iuniana
738 1557 776 1592 et
808 1551 961 1592 Coccei.
983 1552 1183 1602 Proculus,
1216 1551 1385 1592 Florent.
1409 1551 1568 1604 Cupitus
1590 1551 1653 1592 fili.
1677 1550 1755 1592 fec.

168 1634 223 1640 —
255 1613 351 1650 Grut.
383 1626 417 1661 p.
452 1613 544 1650 795.
588 1614 696 1650 llIorc.
729 1613 794 1661 Op.
828 1624 882 1660 ep.
913 1613 954 1648 ΙΙ.
990 1612 1054 1648 97.

309 1689 401 1725 583.
460 1685 551 1726 Iulia
588 1685 638 1726 M.
682 1684 732 1725 fil.
771 1685 936 1725 Tessilia
969 1684 1206 1725 domicilium
1240 1684 1312 1724 sibi
1344 1688 1382 1724 et
1414 1684 1508 1725 suis.
1548 1708 1603 1715 —-
1645 1687 1760 1726 Maffei

168 1747 254 1784 Gall.
288 1751 357 1784 ant.
393 1747 492 1795 epist.
527 1747 560 1783 6.
609 1746 716 1782 More.
748 1746 798 1783 St.
831 1746 996 1781 CCXVII.

308 1823 400 1859 584.
462 1819 506 1860 D.
546 1819 595 1860 M.
636 1818 753 1859 Iuliae
797 1820 990 1859 Veneriae
1022 1818 1071 1859 M.
1105 1818 1253 1859 Satrius
1284 1818 1450 1872 Longin.
1483 1817 1622 1858 medic.
1656 1817 1758 1872 dupl.

165 1878 224 1919 111.
257 1875 444 1932 Cupi‹].⁶)
478 1882 517 1918 et
546 1877 638 1918 Iulia
657 1877 792 1918 Verria
823 1876 935 1916 liber.
971 1874 1107 1930 ᾔει-,7)
1140 1876 1241 1916 bene
1274 1889 1368 1917 mer.
1401 1876 1524 1917 fecer.
1556 1899 1611 1906 —-
1643 1879 1758 1928 Prope

168 1938 278 1975 Baias.
311 1939 431 1975 Marini
466 1939 551 1976 Atti.
584 1951 617 1986 p.
652 1938 745 1974 826.
793 1937 886 1974 Orel.
920 1937 1041 1973 3640.

310 2015 402 2050 585.
461 2012 552 2053 Deis
594 2011 771 2052 Manibus
811 2010 927 2050 Iuliae
970 2010 1015 2058 Q.
1057 2010 1099 2049 L.
1141 2010 1305 2050 Sabinae
1346 2009 1524 2051 medicae
1565 2010 1759 2059 0.Ιυ1ὶυε

170 2068 361 2110 Alimelus
393 2071 549 2125 coniugi
581 2070 684 2110 bene
715 2069 892 2109 merenti.
916 2092 970 2096 —
1003 2071 1138 2107 Gruter.
1160 2083 1193 2118 p.
1219 2071 1311 2107 636.
1344 2072 1451 2108 More.
1475 2071 1540 2120 Op.
1559 2083 1615 2120 ep.
1634 2072 1674 2108 ΙΙ.
1693 2071 1760 2109 98.

311 2149 403 2184 586.
463 2145 578 2185 Iuliae
610 2146 703 2185 Luc.
736 2144 834 2184 filiae
867 2144 1090 2196 Tyranniae
1122 2144 1218 2183 vixit
1249 2156 1336 2183 ann.
1364 2144 1449 2184 XX.
1470 2144 1520 2184 M.
1545 2143 1635 2184 VIII.
1658 2157 1760 2197 quae

169 2202 343 2243 moribus
375 2204 519 2255 pariter
550 2208 588 2243 et
620 2203 818 2255 disciplina
850 2202 991 2241 ceteris
1024 2201 1175 2241 seminis
1217 2201 1399 2254 exemplo
1441 2201 1508 2242 suit
1551 2201 1759 2243 Autarcius

169 2261 297 2311 nurui,
330 2260 563 2301 Laurentius
597 2262 723 2301 uxori.
758 2284 810 2289 —-
843 2263 1001 2299 Arelate.
1033 2262 1135 2298 minin
1167 2263 1259 2298 Mon.
1291 2262 1444 2299 inedites
1476 2262 1518 2298 ΙΙ.
1551 2262 1646 2298 299.

312 2339 405 2375 587.
465 2336 507 2375 D.
540 2336 589 2376 Μ.
623 2342 661 2376 et
692 2340 904 2389 perpetuae
937 2335 1135 2375 securitati
1167 2334 1234 2375 Iul.
1265 2334 1387 2374 Ursae
1420 2335 1519 2374 coni.
1541 2335 1660 2388 pient.
1682 2335 1760 2375 vix.

172 2406 232 2434 an.
266 2393 348 2433 XLI
379 2406 450 2447 pro
483 2395 629 2434 meritis
672 2395 838 2434 feminae
880 2393 1225 2433 reverentissimae
1258 2397 1295 2431 et
1327 2392 1398 2432 filis
1429 2392 1545 2433 filiab.
1578 2392 1690 2433 obitis
1722 2397 1761 2432 et

170 2451 237 2492 Iul.
268 2452 445 2502 Nonnae.
478 2453 585 2492 matri
617 2454 734 2505 pient.
767 2453 845 2492 vix,
879 2464 939 2491 an.
971 2450 1126 2490 LXXX.
1172 2455 1211 2490 et
1242 2449 1309 2490 Iul.
1343 2451 1566 2491 Victorinae
1597 2462 1702 2491 socr.
1715 2447 1758 2505 ⁸)

172 2510 247 2550 vix.
291 2522 377 2550 ann.
419 2509 571 2550 LXXX.
617 2512 706 2550 ilem
748 2511 844 2551 vivis
885 2510 980 2550 Aur.
1013 2508 1111 2548 filiae
1143 2507 1236 2548 Aur.
1276 2507 1429 2549 Militari
1459 2508 1508 2548 iil.
1541 2513 1580 2549 et
1611 2508 1759 2560 amicis,

315 2671 348 2715 1)
382 2672 467 2706 bene
500 2674 639 2705 merenti
675 2673 716 2705 de
749 2683 807 2706 suo
834 2671 1022 2705 faciendum
1049 2673 1197 2712 curavit,
1231 2682 1317 2715 quae
1351 2673 1433 2705 vixit
1458 2681 1562 2705 annos
1587 2671 1689 2704 XXX.
1717 2689 1757 2694 —

175 2716 212 2759 2)
244 2718 309 2751 hoc
343 2725 555 2751 monumento
593 2718 689 2750 dolus
725 2723 828 2752 malus
854 2719 980 2751 abestO.
1009 2736 1048 2740 ——
1076 2716 1113 2758 3)
1140 2719 1220 2750 vixit
1238 2728 1342 2750 annos
1476 2718 1530 2750 hic
1548 2719 1610 2751 sita
1629 2723 1688 2750 est.
1717 2734 1757 2741 -

173 2766 212 2806 3)
239 2775 325 2797 anno
350 2767 552 2808 provinciae.
602 2765 694 2798 Haec
728 2776 804 2799 aera
830 2769 1022 2798 numeratur
1047 2764 1087 2796 ab
1114 2774 1200 2795 anno
1227 2774 1292 2807 quo
1319 2764 1524 2797 Mauretania
1558 2765 1589 2796 in
1616 2764 1758 2797 sormam

173 2812 368 2855 provinciae
403 2822 558 2845 romanae
591 2812 727 2844 redacta
763 2818 814 2844 est
848 2817 924 2844 ante
959 2810 1077 2844 Christ.
1112 2820 1197 2842 anno
1232 2810 1285 2842 33.
1320 2811 1387 2844 vel.
1415 2811 1469 2843 42.
1518 2809 1566 2843 ct.
1591 2809 1678 2842 Note
1702 2821 1759 2843 sur

173 2858 207 2890 la
233 2856 486 2890 determination
524 2859 565 2890 de
599 2858 627 2890 la
655 2858 730 2890 date
763 2858 803 2890 de
828 2856 907 2890 l’ere
942 2855 1146 2901 provinciale
1184 2854 1360 2901 d'Afrique
1386 2867 1446 2899 par
1471 2856 1528 2889 Mr.
1555 2856 1591 2889 F.
1616 2856 1759 2889 Prevost

177 2904 208 2936 in
234 2903 348 2936 Revue
374 2904 575 2949 Archeolog.
602 2905 700 2936 1847.
727 2915 758 2947 p.
784 2905 861 2937 800.
897 2922 938 2926 ——
973 2903 1010 2946 5)
1035 2900 1203 2948 θανούσης.
1239 2919 1282 2923 -
1313 2900 1351 2944 6)
1377 2902 1524 2935 medicus
1550 2901 1752 2944 duplicarius

176 2951 276 2983 triere
303 2948 475 2994 Cupidine.
503 2969 543 2973 --
571 2949 608 2993 7)
634 2950 742 2984 liberti
768 2950 918 2984 heredes.
945 2968 984 2974 —-
1012 2948 1050 2991 8)
1076 2950 1198 2982 socrui.
