<?xml version="1.0" encoding="UTF-8"?>
<!DOCTYPE html PUBLIC "-//W3C//DTD XHTML 1.0 Transitional//EN"
    "http://www.w3.org/TR/xhtml1/DTD/xhtml1-transitional.dtd">
<html xmlns="http://www.w3.org/1999/xhtml" xml:lang="en" lang="en">
 <head>
  <title>
</title>
<meta http-equiv="Content-Type" content="text/html;charset=utf-8" />
  <meta name='ocr-system' content='tesseract 3.04.00' />
  <meta name='ocr-capabilities' content='ocr_page ocr_carea ocr_par ocr_line ocrx_word'/>
</head>
<body>
  <div class='ocr_page' id='page_1' title='image "./handbuchderrmi0103zelluoft_0011.png"; bbox 0 0 1877 3287; ppageno 0'>
   <div class='ocr_carea' id='block_1_1' title="bbox 730 750 1198 800">
    <p class='ocr_par' dir='ltr' id='par_1_1' title="bbox 730 750 1198 800">
     <span class='ocr_line' id='line_1_1' title="bbox 730 750 1198 800; baseline 0 -2"><span class='ocrx_word' id='word_1_1' title='bbox 730 750 1198 800; x_wconf 89' lang='lat' dir='ltr'><strong>PRAEFATIO.</strong></span> 
     </span>
    </p>
   </div>
   <div class='ocr_carea' id='block_1_2' title="bbox 868 871 1020 875">
    <p class='ocr_par' dir='ltr' id='par_1_2' title="bbox 868 871 1020 875">
     <span class='ocr_line' id='line_1_2' title="bbox 868 871 1020 875; baseline 0 0"><span class='ocrx_word' id='word_1_2' title='bbox 868 871 1020 875; x_wconf 95' lang='lat' dir='ltr'><strong> </strong></span> 
     </span>
    </p>
   </div>
   <div class='ocr_carea' id='block_1_3' title="bbox 154 928 1782 2398">
    <p class='ocr_par' dir='ltr' id='par_1_3' title="bbox 154 928 1782 2398">
     <span class='ocr_line' id='line_1_3' title="bbox 295 928 1778 979; baseline 0.001 -13"><span class='ocrx_word' id='word_1_3' title='bbox 295 928 439 966; x_wconf 88' lang='lat' dir='ltr'><strong>Abhinc</strong></span> <span class='ocrx_word' id='word_1_4' title='bbox 479 928 626 978; x_wconf 91' lang='lat' dir='ltr'><strong>amplius</strong></span> <span class='ocrx_word' id='word_1_5' title='bbox 670 929 908 978; x_wconf 87' lang='lat' dir='ltr'><strong>quadraginta</strong></span> <span class='ocrx_word' id='word_1_6' title='bbox 956 930 1053 967; x_wconf 86' lang='lat' dir='ltr'><strong>annis</strong></span> <span class='ocrx_word' id='word_1_7' title='bbox 1095 931 1189 968; x_wconf 86' lang='lat' dir='ltr'><strong>Frid.</strong></span> <span class='ocrx_word' id='word_1_8' title='bbox 1232 930 1327 978; x_wconf 85' lang='lat' dir='ltr'>Aug.</span> <span class='ocrx_word' id='word_1_9' title='bbox 1369 929 1530 968; x_wconf 77' lang='lat' dir='ltr'><strong>wolfius</strong></span> <span class='ocrx_word' id='word_1_10' title='bbox 1575 929 1778 979; x_wconf 77' lang='lat' dir='ltr'><strong>exoptavit,</strong></span> 
     </span>
     <span class='ocr_line' id='line_1_4' title="bbox 156 1000 1780 1050; baseline 0.001 -13"><span class='ocrx_word' id='word_1_11' title='bbox 156 1004 194 1037; x_wconf 91' lang='lat' dir='ltr'><strong>ut</strong></span> <span class='ocrx_word' id='word_1_12' title='bbox 232 1011 345 1038; x_wconf 90' lang='lat' dir='ltr'><strong>novus</strong></span> <span class='ocrx_word' id='word_1_13' title='bbox 393 1000 519 1048; x_wconf 86' lang='lat' dir='ltr'><strong>aliquis</strong></span> <span class='ocrx_word' id='word_1_14' title='bbox 562 1001 737 1038; x_wconf 82' lang='lat' dir='ltr'>existeret</span> <span class='ocrx_word' id='word_1_15' title='bbox 778 1001 1070 1048; x_wconf 80' lang='lat' dir='ltr'><strong>Fleetwoodius‚</strong></span> <span class='ocrx_word' id='word_1_16' title='bbox 1112 1001 1171 1049; x_wconf 93' lang='lat' dir='ltr'><strong>qui</strong></span> <span class='ocrx_word' id='word_1_17' title='bbox 1214 1002 1390 1039; x_wconf 89' lang='lat' dir='ltr'><strong>delectum</strong></span> <span class='ocrx_word' id='word_1_18' title='bbox 1429 1001 1701 1050; x_wconf 84' lang='lat' dir='ltr'><strong>inscriptionum</strong></span> <span class='ocrx_word' id='word_1_19' title='bbox 1733 1001 1780 1039; x_wconf 89' lang='lat' dir='ltr'><strong>ad</strong></span> 
     </span>
     <span class='ocr_line' id='line_1_5' title="bbox 155 1071 1779 1121; baseline 0.001 -13"><span class='ocrx_word' id='word_1_20' title='bbox 155 1072 248 1108; x_wconf 86' lang='lat' dir='ltr'><strong>hanc</strong></span> <span class='ocrx_word' id='word_1_21' title='bbox 293 1071 475 1108; x_wconf 91' lang='lat' dir='ltr'><strong>literarum</strong></span> <span class='ocrx_word' id='word_1_22' title='bbox 511 1071 730 1119; x_wconf 88' lang='lat' dir='ltr'><strong>antiquarum</strong></span> <span class='ocrx_word' id='word_1_23' title='bbox 764 1076 903 1121; x_wconf 87' lang='lat' dir='ltr'><strong>partem</strong></span> <span class='ocrx_word' id='word_1_24' title='bbox 937 1072 1231 1119; x_wconf 84' lang='lat' dir='ltr'><strong>cognoscendam</strong></span> <span class='ocrx_word' id='word_1_25' title='bbox 1276 1077 1394 1121; x_wconf 86' lang='lat' dir='ltr'><strong>aptum</strong></span> <span class='ocrx_word' id='word_1_26' title='bbox 1433 1072 1584 1118; x_wconf 82' lang='lat' dir='ltr'>ederet,</span> <span class='ocrx_word' id='word_1_27' title='bbox 1625 1072 1779 1109; x_wconf 87' lang='lat' dir='ltr'><strong>eadem-</strong></span> 
     </span>
     <span class='ocr_line' id='line_1_6' title="bbox 157 1141 1778 1191; baseline 0.001 -13"><span class='ocrx_word' id='word_1_28' title='bbox 157 1153 226 1190; x_wconf 92' lang='lat' dir='ltr'><strong>que</strong></span> <span class='ocrx_word' id='word_1_29' title='bbox 258 1141 314 1178; x_wconf 85' lang='lat' dir='ltr'><strong>via</strong></span> <span class='ocrx_word' id='word_1_30' title='bbox 346 1142 474 1178; x_wconf 89' lang='lat' dir='ltr'><strong>multas</strong></span> <span class='ocrx_word' id='word_1_31' title='bbox 508 1142 725 1190; x_wconf 77' lang='lat' dir='ltr'><strong>antiquitatis</strong></span> <span class='ocrx_word' id='word_1_32' title='bbox 757 1143 923 1191; x_wconf 82' lang='lat' dir='ltr'><strong>reliquias</strong></span> <span class='ocrx_word' id='word_1_33' title='bbox 956 1143 1046 1179; x_wconf 90' lang='lat' dir='ltr'><strong>scitu</strong></span> <span class='ocrx_word' id='word_1_34' title='bbox 1085 1143 1310 1190; x_wconf 87' lang='lat' dir='ltr'><strong>dignissimas</strong></span> <span class='ocrx_word' id='word_1_35' title='bbox 1342 1143 1375 1180; x_wconf 92' lang='lat' dir='ltr'><strong>in</strong></span> <span class='ocrx_word' id='word_1_36' title='bbox 1408 1142 1615 1180; x_wconf 85' lang='lat' dir='ltr'><strong>memoriam</strong></span> <span class='ocrx_word' id='word_1_37' title='bbox 1649 1143 1778 1180; x_wconf 90' lang='lat' dir='ltr'><strong>erudi-</strong></span> 
     </span>
     <span class='ocr_line' id='line_1_7' title="bbox 156 1208 1780 1265; baseline 0.001 -16"><span class='ocrx_word' id='word_1_38' title='bbox 156 1216 274 1249; x_wconf 87' lang='lat' dir='ltr'><strong>torum</strong></span> <span class='ocrx_word' id='word_1_39' title='bbox 306 1217 342 1250; x_wconf 88' lang='lat' dir='ltr'><strong>et</strong></span> <span class='ocrx_word' id='word_1_40' title='bbox 373 1224 474 1249; x_wconf 86' lang='lat' dir='ltr'><strong>usum</strong></span> <span class='ocrx_word' id='word_1_41' title='bbox 517 1208 777 1265; x_wconf 71' lang='lat' dir='ltr'><strong>revocaret‚*]</strong></span> <span class='ocrx_word' id='word_1_42' title='bbox 840 1214 934 1250; x_wconf 91' lang='lat' dir='ltr'><strong>Sane</strong></span> <span class='ocrx_word' id='word_1_43' title='bbox 977 1214 1175 1250; x_wconf 91' lang='lat' dir='ltr'><strong>mirandum</strong></span> <span class='ocrx_word' id='word_1_44' title='bbox 1209 1218 1288 1260; x_wconf 85' lang='lat' dir='ltr'><strong>est,</strong></span> <span class='ocrx_word' id='word_1_45' title='bbox 1330 1213 1412 1250; x_wconf 90' lang='lat' dir='ltr'><strong>huic</strong></span> <span class='ocrx_word' id='word_1_46' title='bbox 1445 1212 1671 1251; x_wconf 85' lang='lat' dir='ltr'><strong>celeberrimi</strong></span> <span class='ocrx_word' id='word_1_47' title='bbox 1712 1212 1780 1251; x_wconf 91' lang='lat' dir='ltr'><strong>viri</strong></span> 
     </span>
     <span class='ocr_line' id='line_1_8' title="bbox 158 1282 1782 1333; baseline 0.001 -14"><span class='ocrx_word' id='word_1_48' title='bbox 158 1282 341 1320; x_wconf 88' lang='lat' dir='ltr'><strong>desiderio</strong></span> <span class='ocrx_word' id='word_1_49' title='bbox 382 1295 448 1331; x_wconf 89' lang='lat' dir='ltr'><strong>per</strong></span> <span class='ocrx_word' id='word_1_50' title='bbox 480 1287 615 1320; x_wconf 89' lang='lat' dir='ltr'><strong>tantum</strong></span> <span class='ocrx_word' id='word_1_51' title='bbox 648 1283 819 1332; x_wconf 83' lang='lat' dir='ltr'><strong>temporis</strong></span> <span class='ocrx_word' id='word_1_52' title='bbox 863 1283 1017 1332; x_wconf 87' lang='lat' dir='ltr'><strong>spatium</strong></span> <span class='ocrx_word' id='word_1_53' title='bbox 1050 1296 1067 1320; x_wconf 92' lang='lat' dir='ltr'><strong>a</strong></span> <span class='ocrx_word' id='word_1_54' title='bbox 1100 1284 1199 1321; x_wconf 90' lang='lat' dir='ltr'><strong>nullo</strong></span> <span class='ocrx_word' id='word_1_55' title='bbox 1242 1283 1514 1333; x_wconf 90' lang='lat' dir='ltr'><strong>philologorum</strong></span> <span class='ocrx_word' id='word_1_56' title='bbox 1556 1284 1782 1332; x_wconf 74' lang='lat' dir='ltr'><strong>nostratium,</strong></span> 
     </span>
     <span class='ocr_line' id='line_1_9' title="bbox 158 1353 1780 1403; baseline 0.002 -14"><span class='ocrx_word' id='word_1_57' title='bbox 158 1353 216 1400; x_wconf 91' lang='lat' dir='ltr'><strong>qui</strong></span> <span class='ocrx_word' id='word_1_58' title='bbox 248 1354 561 1402; x_wconf 71' lang='lat' dir='ltr'><strong>typographorum</strong></span> <span class='ocrx_word' id='word_1_59' title='bbox 594 1354 694 1403; x_wconf 88' lang='lat' dir='ltr'><strong>prela</strong></span> <span class='ocrx_word' id='word_1_60' title='bbox 727 1358 921 1402; x_wconf 87' lang='lat' dir='ltr'><strong>tantopere</strong></span> <span class='ocrx_word' id='word_1_61' title='bbox 954 1354 1162 1402; x_wconf 83' lang='lat' dir='ltr'><strong>fatigamus,</strong></span> <span class='ocrx_word' id='word_1_62' title='bbox 1195 1366 1276 1392; x_wconf 89' lang='lat' dir='ltr'><strong>esse</strong></span> <span class='ocrx_word' id='word_1_63' title='bbox 1307 1354 1541 1391; x_wconf 86' lang='lat' dir='ltr'><strong>satisfactum.</strong></span> <span class='ocrx_word' id='word_1_64' title='bbox 1603 1355 1690 1392; x_wconf 86' lang='lat' dir='ltr'><strong>Nam</strong></span> <span class='ocrx_word' id='word_1_65' title='bbox 1721 1355 1780 1393; x_wconf 82' lang='lat' dir='ltr'><strong>Jo.</strong></span> 
     </span>
     <span class='ocr_line' id='line_1_10' title="bbox 157 1422 1779 1474; baseline 0.003 -15"><span class='ocrx_word' id='word_1_66' title='bbox 157 1422 262 1471; x_wconf 87' lang='lat' dir='ltr'><strong>Casp.</strong></span> <span class='ocrx_word' id='word_1_67' title='bbox 305 1422 427 1460; x_wconf 89' lang='lat' dir='ltr'><strong>Orellii</strong></span> <span class='ocrx_word' id='word_1_68' title='bbox 459 1424 680 1473; x_wconf 85' lang='lat' dir='ltr'><strong>Amplissima</strong></span> <span class='ocrx_word' id='word_1_69' title='bbox 723 1425 993 1474; x_wconf 85' lang='lat' dir='ltr'><strong>inscriptionum</strong></span> <span class='ocrx_word' id='word_1_70' title='bbox 1037 1426 1252 1463; x_wconf 86' lang='lat' dir='ltr'><strong>selectarum</strong></span> <span class='ocrx_word' id='word_1_71' title='bbox 1295 1425 1494 1471; x_wconf 79' lang='lat' dir='ltr'><strong>Collectio‚</strong></span> <span class='ocrx_word' id='word_1_72' title='bbox 1537 1437 1606 1474; x_wconf 88' lang='lat' dir='ltr'><strong>qua</strong></span> <span class='ocrx_word' id='word_1_73' title='bbox 1638 1425 1779 1464; x_wconf 90' lang='lat' dir='ltr'><strong>doctis-</strong></span> 
     </span>
     <span class='ocr_line' id='line_1_11' title="bbox 157 1493 1782 1546; baseline 0.004 -17"><span class='ocrx_word' id='word_1_74' title='bbox 157 1493 265 1530; x_wconf 84' lang='lat' dir='ltr'><strong>simus</strong></span> <span class='ocrx_word' id='word_1_75' title='bbox 307 1494 427 1532; x_wconf 90' lang='lat' dir='ltr'><strong>editor</strong></span> <span class='ocrx_word' id='word_1_76' title='bbox 467 1500 538 1532; x_wconf 89' lang='lat' dir='ltr'><strong>tam</strong></span> <span class='ocrx_word' id='word_1_77' title='bbox 577 1496 766 1545; x_wconf 82' lang='lat' dir='ltr'><strong>praeclare</strong></span> <span class='ocrx_word' id='word_1_78' title='bbox 810 1496 855 1533; x_wconf 85' lang='lat' dir='ltr'><strong>&lt;le</strong></span> <span class='ocrx_word' id='word_1_79' title='bbox 893 1497 962 1534; x_wconf 86' lang='lat' dir='ltr'><strong>hoc</strong></span> <span class='ocrx_word' id='word_1_80' title='bbox 1010 1497 1208 1533; x_wconf 83' lang='lat' dir='ltr'><strong>studiorum</strong></span> <span class='ocrx_word' id='word_1_81' title='bbox 1249 1508 1388 1544; x_wconf 85' lang='lat' dir='ltr'><strong>genere</strong></span> <span class='ocrx_word' id='word_1_82' title='bbox 1430 1496 1582 1543; x_wconf 82' lang='lat' dir='ltr'><strong>meruit,</strong></span> <span class='ocrx_word' id='word_1_83' title='bbox 1624 1500 1662 1533; x_wconf 93' lang='lat' dir='ltr'><strong>et</strong></span> <span class='ocrx_word' id='word_1_84' title='bbox 1701 1497 1782 1546; x_wconf 87' lang='lat' dir='ltr'><strong>ipsa</strong></span> 
     </span>
     <span class='ocr_line' id='line_1_12' title="bbox 158 1563 1780 1616; baseline 0.003 -16"><span class='ocrx_word' id='word_1_85' title='bbox 158 1563 284 1612; x_wconf 89' lang='lat' dir='ltr'><strong>viginti</strong></span> <span class='ocrx_word' id='word_1_86' title='bbox 302 1564 439 1601; x_wconf 89' lang='lat' dir='ltr'><strong>demum</strong></span> <span class='ocrx_word' id='word_1_87' title='bbox 463 1565 563 1603; x_wconf 90' lang='lat' dir='ltr'><strong>annis</strong></span> <span class='ocrx_word' id='word_1_88' title='bbox 584 1571 667 1616; x_wconf 87' lang='lat' dir='ltr'><strong>post</strong></span> <span class='ocrx_word' id='word_1_89' title='bbox 689 1567 815 1604; x_wconf 85' lang='lat' dir='ltr'><strong>Wolfii</strong></span> <span class='ocrx_word' id='word_1_90' title='bbox 837 1571 960 1605; x_wconf 89' lang='lat' dir='ltr'><strong>votum</strong></span> <span class='ocrx_word' id='word_1_91' title='bbox 983 1567 1058 1604; x_wconf 88' lang='lat' dir='ltr'><strong>sive</strong></span> <span class='ocrx_word' id='word_1_92' title='bbox 1080 1568 1200 1616; x_wconf 90' lang='lat' dir='ltr'><strong>potius</strong></span> <span class='ocrx_word' id='word_1_93' title='bbox 1223 1567 1539 1605; x_wconf 88' lang='lat' dir='ltr'><strong>commonitionem</strong></span> <span class='ocrx_word' id='word_1_94' title='bbox 1561 1571 1684 1605; x_wconf 87' lang='lat' dir='ltr'><strong>secuta</strong></span> <span class='ocrx_word' id='word_1_95' title='bbox 1710 1572 1780 1616; x_wconf 85' lang='lat' dir='ltr'><strong>est,</strong></span> 
     </span>
     <span class='ocr_line' id='line_1_13' title="bbox 155 1635 1778 1686; baseline 0.004 -15"><span class='ocrx_word' id='word_1_96' title='bbox 155 1635 355 1684; x_wconf 86' lang='lat' dir='ltr'><strong>eademque</strong></span> <span class='ocrx_word' id='word_1_97' title='bbox 397 1636 487 1673; x_wconf 91' lang='lat' dir='ltr'><strong>ultra</strong></span> <span class='ocrx_word' id='word_1_98' title='bbox 532 1637 631 1674; x_wconf 90' lang='lat' dir='ltr'><strong>unius</strong></span> <span class='ocrx_word' id='word_1_99' title='bbox 673 1638 804 1675; x_wconf 90' lang='lat' dir='ltr'><strong>modici</strong></span> <span class='ocrx_word' id='word_1_100' title='bbox 847 1638 1036 1675; x_wconf 79' lang='lat' dir='ltr'><strong>voluminis</strong></span> <span class='ocrx_word' id='word_1_101' title='bbox 1075 1650 1275 1676; x_wconf 90' lang='lat' dir='ltr'><strong>mensuram</strong></span> <span class='ocrx_word' id='word_1_102' title='bbox 1308 1650 1328 1675; x_wconf 90' lang='lat' dir='ltr'><strong>a</strong></span> <span class='ocrx_word' id='word_1_103' title='bbox 1359 1638 1498 1676; x_wconf 86' lang='lat' dir='ltr'><strong>Wolfio</strong></span> <span class='ocrx_word' id='word_1_104' title='bbox 1540 1638 1778 1686; x_wconf 83' lang='lat' dir='ltr'><strong>significatam</strong></span> 
     </span>
     <span class='ocr_line' id='line_1_14' title="bbox 155 1706 1777 1757; baseline 0.003 -15"><span class='ocrx_word' id='word_1_105' title='bbox 155 1706 302 1743; x_wconf 84' lang='lat' dir='ltr'><strong>excedit</strong></span> <span class='ocrx_word' id='word_1_106' title='bbox 344 1711 450 1755; x_wconf 88' lang='lat' dir='ltr'><strong>atque</strong></span> <span class='ocrx_word' id='word_1_107' title='bbox 497 1707 554 1744; x_wconf 90' lang='lat' dir='ltr'><strong>vel</strong></span> <span class='ocrx_word' id='word_1_108' title='bbox 586 1708 619 1745; x_wconf 93' lang='lat' dir='ltr'><strong>in</strong></span> <span class='ocrx_word' id='word_1_109' title='bbox 651 1709 718 1745; x_wconf 88' lang='lat' dir='ltr'><strong>bac</strong></span> <span class='ocrx_word' id='word_1_110' title='bbox 760 1721 821 1745; x_wconf 89' lang='lat' dir='ltr'><strong>sua</strong></span> <span class='ocrx_word' id='word_1_111' title='bbox 864 1710 1031 1746; x_wconf 90' lang='lat' dir='ltr'><strong>ubertate</strong></span> <span class='ocrx_word' id='word_1_112' title='bbox 1074 1709 1221 1746; x_wconf 82' lang='lat' dir='ltr'><strong>defectu</strong></span> <span class='ocrx_word' id='word_1_113' title='bbox 1263 1709 1418 1757; x_wconf 91' lang='lat' dir='ltr'><strong>quodam</strong></span> <span class='ocrx_word' id='word_1_114' title='bbox 1462 1713 1777 1748; x_wconf 88' lang='lat' dir='ltr'><strong>monumentorum</strong></span> 
     </span>
     <span class='ocr_line' id='line_1_15' title="bbox 154 1776 1776 1830; baseline 0.003 -17"><span class='ocrx_word' id='word_1_115' title='bbox 154 1776 313 1825; x_wconf 89' lang='lat' dir='ltr'><strong>inprimis</strong></span> <span class='ocrx_word' id='word_1_116' title='bbox 345 1778 513 1825; x_wconf 90' lang='lat' dir='ltr'><strong>legalium</strong></span> <span class='ocrx_word' id='word_1_117' title='bbox 546 1779 695 1817; x_wconf 86' lang='lat' dir='ltr'><strong>laborat.</strong></span> <span class='ocrx_word' id='word_1_118' title='bbox 757 1781 880 1829; x_wconf 90' lang='lat' dir='ltr'><strong>Neque</strong></span> <span class='ocrx_word' id='word_1_119' title='bbox 914 1791 1001 1817; x_wconf 87' lang='lat' dir='ltr'><strong>vero</strong></span> <span class='ocrx_word' id='word_1_120' title='bbox 1035 1781 1148 1817; x_wconf 88' lang='lat' dir='ltr'><strong>solum</strong></span> <span class='ocrx_word' id='word_1_121' title='bbox 1194 1780 1369 1818; x_wconf 89' lang='lat' dir='ltr'><strong>eiusmodi</strong></span> <span class='ocrx_word' id='word_1_122' title='bbox 1401 1780 1672 1830; x_wconf 88' lang='lat' dir='ltr'><strong>inscriptionum</strong></span> <span class='ocrx_word' id='word_1_123' title='bbox 1705 1781 1776 1818; x_wconf 84' lang='lat' dir='ltr'><strong>de-</strong></span> 
     </span>
     <span class='ocr_line' id='line_1_16' title="bbox 155 1847 1776 1900; baseline 0.003 -16"><span class='ocrx_word' id='word_1_124' title='bbox 155 1847 268 1885; x_wconf 87' lang='lat' dir='ltr'><strong>lectus</strong></span> <span class='ocrx_word' id='word_1_125' title='bbox 301 1849 395 1898; x_wconf 89' lang='lat' dir='ltr'><strong>apud</strong></span> <span class='ocrx_word' id='word_1_126' title='bbox 429 1861 493 1886; x_wconf 89' lang='lat' dir='ltr'><strong>nos</strong></span> <span class='ocrx_word' id='word_1_127' title='bbox 527 1850 812 1898; x_wconf 81' lang='lat' dir='ltr'><strong>desiderabatur,</strong></span> <span class='ocrx_word' id='word_1_128' title='bbox 844 1851 908 1888; x_wconf 81' lang='lat' dir='ltr'><strong>sed</strong></span> <span class='ocrx_word' id='word_1_129' title='bbox 943 1851 1048 1888; x_wconf 76' lang='lat' dir='ltr'><strong>etiarn</strong></span> <span class='ocrx_word' id='word_1_130' title='bbox 1082 1862 1172 1900; x_wconf 87' lang='lat' dir='ltr'><strong>opus</strong></span> <span class='ocrx_word' id='word_1_131' title='bbox 1203 1851 1363 1900; x_wconf 78' lang='lat' dir='ltr'><strong>aliquod,</strong></span> <span class='ocrx_word' id='word_1_132' title='bbox 1396 1863 1467 1900; x_wconf 95' lang='lat' dir='ltr'><strong>quo</strong></span> <span class='ocrx_word' id='word_1_133' title='bbox 1490 1852 1673 1889; x_wconf 88' lang='lat' dir='ltr'><strong>literarum</strong></span> <span class='ocrx_word' id='word_1_134' title='bbox 1694 1856 1776 1890; x_wconf 86' lang='lat' dir='ltr'><strong>stu-</strong></span> 
     </span>
     <span class='ocr_line' id='line_1_17' title="bbox 155 1919 1778 1973; baseline 0.003 -17"><span class='ocrx_word' id='word_1_135' title='bbox 155 1919 264 1957; x_wconf 87' lang='lat' dir='ltr'><strong>diosis</strong></span> <span class='ocrx_word' id='word_1_136' title='bbox 294 1920 353 1957; x_wconf 90' lang='lat' dir='ltr'><strong>via</strong></span> <span class='ocrx_word' id='word_1_137' title='bbox 387 1921 429 1957; x_wconf 87' lang='lat' dir='ltr'><strong>ad</strong></span> <span class='ocrx_word' id='word_1_138' title='bbox 463 1921 661 1959; x_wconf 85' lang='lat' dir='ltr'><strong>doctrinam</strong></span> <span class='ocrx_word' id='word_1_139' title='bbox 693 1922 967 1972; x_wconf 74' lang='lat' dir='ltr'><strong>epigraphicae,</strong></span> <span class='ocrx_word' id='word_1_140' title='bbox 1001 1934 1093 1971; x_wconf 84' lang='lat' dir='ltr'><strong>quae</strong></span> <span class='ocrx_word' id='word_1_141' title='bbox 1128 1922 1271 1969; x_wconf 85' lang='lat' dir='ltr'><strong>dicitur⁷</strong></span> <span class='ocrx_word' id='word_1_142' title='bbox 1303 1933 1474 1960; x_wconf 84' lang='lat' dir='ltr'><strong>romanae</strong></span> <span class='ocrx_word' id='word_1_143' title='bbox 1505 1923 1778 1973; x_wconf 87' lang='lat' dir='ltr'><strong>percipiendam</strong></span> 
     </span>
     <span class='ocr_line' id='line_1_18' title="bbox 155 1991 1777 2042; baseline 0.003 -15"><span class='ocrx_word' id='word_1_144' title='bbox 155 1991 345 2039; x_wconf 84' lang='lat' dir='ltr'><strong>patefieret</strong></span> <span class='ocrx_word' id='word_1_145' title='bbox 386 1996 424 2029; x_wconf 91' lang='lat' dir='ltr'><strong>et</strong></span> <span class='ocrx_word' id='word_1_146' title='bbox 454 1992 668 2040; x_wconf 79' lang='lat' dir='ltr'><strong>muniretur,</strong></span> <span class='ocrx_word' id='word_1_147' title='bbox 709 1995 814 2042; x_wconf 91' lang='lat' dir='ltr'><strong>quale</strong></span> <span class='ocrx_word' id='word_1_148' title='bbox 856 1993 889 2031; x_wconf 92' lang='lat' dir='ltr'><strong>in</strong></span> <span class='ocrx_word' id='word_1_149' title='bbox 923 1994 1063 2041; x_wconf 88' lang='lat' dir='ltr'><strong>graecis</strong></span> <span class='ocrx_word' id='word_1_150' title='bbox 1106 1993 1218 2031; x_wconf 87' lang='lat' dir='ltr'><strong>literis</strong></span> <span class='ocrx_word' id='word_1_151' title='bbox 1259 1993 1411 2031; x_wconf 86' lang='lat' dir='ltr'><strong>Franzio</strong></span> <span class='ocrx_word' id='word_1_152' title='bbox 1454 2005 1547 2031; x_wconf 90' lang='lat' dir='ltr'><strong>nunc</strong></span> <span class='ocrx_word' id='word_1_153' title='bbox 1592 1995 1777 2033; x_wconf 88' lang='lat' dir='ltr'><strong>debemus.</strong></span> 
     </span>
     <span class='ocr_line' id='line_1_19' title="bbox 154 2061 1778 2113; baseline 0.003 -15"><span class='ocrx_word' id='word_1_154' title='bbox 154 2061 234 2099; x_wconf 90' lang='lat' dir='ltr'><strong>Itali</strong></span> <span class='ocrx_word' id='word_1_155' title='bbox 266 2063 421 2111; x_wconf 78' lang='lat' dir='ltr'><strong>quidem,</strong></span> <span class='ocrx_word' id='word_1_156' title='bbox 454 2064 513 2111; x_wconf 88' lang='lat' dir='ltr'><strong>qui</strong></span> <span class='ocrx_word' id='word_1_157' title='bbox 545 2076 688 2113; x_wconf 89' lang='lat' dir='ltr'><strong>semper</strong></span> <span class='ocrx_word' id='word_1_158' title='bbox 719 2065 754 2102; x_wconf 91' lang='lat' dir='ltr'><strong>in</strong></span> <span class='ocrx_word' id='word_1_159' title='bbox 787 2066 856 2103; x_wconf 91' lang='lat' dir='ltr'><strong>hoc</strong></span> <span class='ocrx_word' id='word_1_160' title='bbox 888 2077 1027 2112; x_wconf 84' lang='lat' dir='ltr'><strong>genere</strong></span> <span class='ocrx_word' id='word_1_161' title='bbox 1059 2064 1295 2113; x_wconf 84' lang='lat' dir='ltr'><strong>principatum</strong></span> <span class='ocrx_word' id='word_1_162' title='bbox 1327 2068 1522 2102; x_wconf 87' lang='lat' dir='ltr'><strong>tenuerunt</strong></span> <span class='ocrx_word' id='word_1_163' title='bbox 1552 2065 1636 2103; x_wconf 90' lang='lat' dir='ltr'><strong>inde</strong></span> <span class='ocrx_word' id='word_1_164' title='bbox 1663 2078 1682 2103; x_wconf 90' lang='lat' dir='ltr'><strong>a</strong></span> <span class='ocrx_word' id='word_1_165' title='bbox 1703 2066 1778 2104; x_wconf 91' lang='lat' dir='ltr'><strong>Fa-</strong></span> 
     </span>
     <span class='ocr_line' id='line_1_20' title="bbox 159 2132 1779 2184; baseline 0.003 -15"><span class='ocrx_word' id='word_1_166' title='bbox 159 2132 282 2170; x_wconf 87' lang='lat' dir='ltr'><strong>bretto</strong></span> <span class='ocrx_word' id='word_1_167' title='bbox 315 2145 427 2182; x_wconf 87' lang='lat' dir='ltr'><strong>usque</strong></span> <span class='ocrx_word' id='word_1_168' title='bbox 459 2134 503 2171; x_wconf 87' lang='lat' dir='ltr'><strong>ad</strong></span> <span class='ocrx_word' id='word_1_169' title='bbox 537 2135 786 2183; x_wconf 82' lang='lat' dir='ltr'><strong>Borghesium‚</strong></span> <span class='ocrx_word' id='word_1_170' title='bbox 819 2136 1020 2182; x_wconf 82' lang='lat' dir='ltr'><strong>Labusium‚</strong></span> <span class='ocrx_word' id='word_1_171' title='bbox 1053 2147 1142 2183; x_wconf 85' lang='lat' dir='ltr'><strong>quos</strong></span> <span class='ocrx_word' id='word_1_172' title='bbox 1175 2135 1323 2172; x_wconf 89' lang='lat' dir='ltr'><strong>honoris</strong></span> <span class='ocrx_word' id='word_1_173' title='bbox 1357 2147 1464 2173; x_wconf 85' lang='lat' dir='ltr'><strong>causa</strong></span> <span class='ocrx_word' id='word_1_174' title='bbox 1495 2136 1655 2184; x_wconf 78' lang='lat' dir='ltr'><strong>nomino,</strong></span> <span class='ocrx_word' id='word_1_175' title='bbox 1689 2137 1779 2175; x_wconf 86' lang='lat' dir='ltr'><strong>alios</strong></span> 
     </span>
     <span class='ocr_line' id='line_1_21' title="bbox 155 2202 1778 2255; baseline 0.004 -16"><span class='ocrx_word' id='word_1_176' title='bbox 155 2202 284 2240; x_wconf 88' lang='lat' dir='ltr'><strong>horum</strong></span> <span class='ocrx_word' id='word_1_177' title='bbox 317 2204 516 2242; x_wconf 85' lang='lat' dir='ltr'><strong>studiorum</strong></span> <span class='ocrx_word' id='word_1_178' title='bbox 549 2206 653 2243; x_wconf 87' lang='lat' dir='ltr'><strong>laude</strong></span> <span class='ocrx_word' id='word_1_179' title='bbox 684 2218 776 2244; x_wconf 90' lang='lat' dir='ltr'><strong>nunc</strong></span> <span class='ocrx_word' id='word_1_180' title='bbox 809 2207 1007 2253; x_wconf 82' lang='lat' dir='ltr'><strong>florentes,</strong></span> <span class='ocrx_word' id='word_1_181' title='bbox 1050 2206 1235 2255; x_wconf 85' lang='lat' dir='ltr'><strong>praeclara</strong></span> <span class='ocrx_word' id='word_1_182' title='bbox 1268 2205 1370 2243; x_wconf 92' lang='lat' dir='ltr'><strong>huius</strong></span> <span class='ocrx_word' id='word_1_183' title='bbox 1404 2206 1591 2244; x_wconf 88' lang='lat' dir='ltr'><strong>doctrinae</strong></span> <span class='ocrx_word' id='word_1_184' title='bbox 1622 2206 1778 2245; x_wconf 86' lang='lat' dir='ltr'><strong>admini-</strong></span> 
     </span>
     <span class='ocr_line' id='line_1_22' title="bbox 156 2273 1779 2326; baseline 0.004 -16"><span class='ocrx_word' id='word_1_185' title='bbox 156 2273 234 2310; x_wconf 89' lang='lat' dir='ltr'><strong>cula</strong></span> <span class='ocrx_word' id='word_1_186' title='bbox 266 2274 335 2311; x_wconf 90' lang='lat' dir='ltr'><strong>iam</strong></span> <span class='ocrx_word' id='word_1_187' title='bbox 367 2275 486 2312; x_wconf 88' lang='lat' dir='ltr'><strong>indum</strong></span> <span class='ocrx_word' id='word_1_188' title='bbox 517 2276 552 2313; x_wconf 92' lang='lat' dir='ltr'><strong>in</strong></span> <span class='ocrx_word' id='word_1_189' title='bbox 585 2277 743 2325; x_wconf 83' lang='lat' dir='ltr'><strong>egregiis</strong></span> <span class='ocrx_word' id='word_1_190' title='bbox 776 2279 900 2315; x_wconf 88' lang='lat' dir='ltr'><strong>Franc.</strong></span> <span class='ocrx_word' id='word_1_191' title='bbox 933 2278 1065 2315; x_wconf 86' lang='lat' dir='ltr'><strong>Anton.</strong></span> <span class='ocrx_word' id='word_1_192' title='bbox 1093 2276 1290 2314; x_wconf 85' lang='lat' dir='ltr'><strong>Zachariae</strong></span> <span class='ocrx_word' id='word_1_193' title='bbox 1314 2281 1349 2314; x_wconf 91' lang='lat' dir='ltr'><strong>et</strong></span> <span class='ocrx_word' id='word_1_194' title='bbox 1371 2277 1498 2326; x_wconf 89' lang='lat' dir='ltr'><strong>Steph.</strong></span> <span class='ocrx_word' id='word_1_195' title='bbox 1520 2277 1654 2316; x_wconf 90' lang='lat' dir='ltr'><strong>Anton.</strong></span> <span class='ocrx_word' id='word_1_196' title='bbox 1675 2278 1779 2316; x_wconf 86' lang='lat' dir='ltr'><strong>Mor-</strong></span> 
     </span>
     <span class='ocr_line' id='line_1_23' title="bbox 157 2341 1779 2398; baseline 0.004 -17"><span class='ocrx_word' id='word_1_197' title='bbox 157 2341 343 2398; x_wconf 72' lang='lat' dir='ltr'><strong>celli**)‚</strong></span> <span class='ocrx_word' id='word_1_198' title='bbox 386 2347 673 2385; x_wconf 85' lang='lat' dir='ltr'><strong>doctissimorum</strong></span> <span class='ocrx_word' id='word_1_199' title='bbox 706 2349 898 2386; x_wconf 84' lang='lat' dir='ltr'><strong>Societatis</strong></span> <span class='ocrx_word' id='word_1_200' title='bbox 929 2350 1018 2386; x_wconf 85' lang='lat' dir='ltr'><strong>Jcsu</strong></span> <span class='ocrx_word' id='word_1_201' title='bbox 1050 2348 1250 2394; x_wconf 85' lang='lat' dir='ltr'><strong>sodalium,</strong></span> <span class='ocrx_word' id='word_1_202' title='bbox 1293 2348 1599 2386; x_wconf 88' lang='lat' dir='ltr'><strong>lucubrationibus</strong></span> <span class='ocrx_word' id='word_1_203' title='bbox 1630 2349 1779 2398; x_wconf 86' lang='lat' dir='ltr'><strong>habent,</strong></span> 
     </span>
    </p>
   </div>
   <div class='ocr_carea' id='block_1_4' title="bbox 157 2508 1781 3030">
    <p class='ocr_par' dir='ltr' id='par_1_4' title="bbox 157 2508 1781 2912">
     <span class='ocr_line' id='line_1_24' title="bbox 295 2508 1778 2557; baseline 0.003 -14"><span class='ocrx_word' id='word_1_204' title='bbox 295 2508 329 2551; x_wconf 71' lang='lat' dir='ltr'><strong>*J</strong></span> <span class='ocrx_word' id='word_1_205' title='bbox 356 2509 403 2543; x_wconf 92' lang='lat' dir='ltr'><strong>F.</strong></span> <span class='ocrx_word' id='word_1_206' title='bbox 430 2509 477 2544; x_wconf 80' lang='lat' dir='ltr'><strong>A.</strong></span> <span class='ocrx_word' id='word_1_207' title='bbox 505 2510 642 2544; x_wconf 89' lang='lat' dir='ltr'><strong>Wolf.</strong></span> <span class='ocrx_word' id='word_1_208' title='bbox 681 2512 752 2545; x_wconf 84' lang='lat' dir='ltr'><strong>Von</strong></span> <span class='ocrx_word' id='word_1_209' title='bbox 779 2513 873 2545; x_wconf 86' lang='lat' dir='ltr'><strong>einer</strong></span> <span class='ocrx_word' id='word_1_210' title='bbox 900 2512 1023 2546; x_wconf 87' lang='lat' dir='ltr'><strong>milden</strong></span> <span class='ocrx_word' id='word_1_211' title='bbox 1050 2511 1198 2557; x_wconf 85' lang='lat' dir='ltr'><strong>Stistung</strong></span> <span class='ocrx_word' id='word_1_212' title='bbox 1219 2512 1370 2556; x_wconf 77' lang='lat' dir='ltr'><strong>Trajans,</strong></span> <span class='ocrx_word' id='word_1_213' title='bbox 1396 2512 1595 2556; x_wconf 79' lang='lat' dir='ltr'><strong>vorziiglich</strong></span> <span class='ocrx_word' id='word_1_214' title='bbox 1615 2512 1702 2547; x_wconf 86' lang='lat' dir='ltr'><strong>nach</strong></span> <span class='ocrx_word' id='word_1_215' title='bbox 1719 2512 1778 2548; x_wconf 92' lang='lat' dir='ltr'><strong>In-</strong></span> 
     </span>
     <span class='ocr_line' id='line_1_25' title="bbox 157 2567 1781 2617; baseline 0.004 -16"><span class='ocrx_word' id='word_1_216' title='bbox 157 2567 321 2602; x_wconf 83' lang='lat' dir='ltr'><strong>schristen</strong></span> <span class='ocrx_word' id='word_1_217' title='bbox 341 2567 483 2611; x_wconf 87' lang='lat' dir='ltr'><strong>(Berlin.</strong></span> <span class='ocrx_word' id='word_1_218' title='bbox 509 2568 643 2612; x_wconf 83' lang='lat'><strong>1808.],</strong></span> <span class='ocrx_word' id='word_1_219' title='bbox 671 2571 700 2604; x_wconf 92' lang='lat' dir='ltr'><strong>in</strong></span> <span class='ocrx_word' id='word_1_220' title='bbox 719 2571 957 2605; x_wconf 78' lang='lat' dir='ltr'><strong>Praefatione:</strong></span> <span class='ocrx_word' id='word_1_221' title='bbox 985 2570 1118 2612; x_wconf 87' lang='lat' dir='ltr'><strong>„Schon</strong></span> <span class='ocrx_word' id='word_1_222' title='bbox 1138 2571 1249 2617; x_wconf 68' lang='lat' dir='ltr'><strong>itingst</strong></span> <span class='ocrx_word' id='word_1_223' title='bbox 1266 2572 1378 2606; x_wconf 87' lang='lat' dir='ltr'><strong>hatten</strong></span> <span class='ocrx_word' id='word_1_224' title='bbox 1395 2572 1500 2615; x_wconf 81' lang='lat' dir='ltr'><strong>junge</strong></span> <span class='ocrx_word' id='word_1_225' title='bbox 1518 2572 1720 2617; x_wconf 84' lang='lat' dir='ltr'><strong>Philologen</strong></span> <span class='ocrx_word' id='word_1_226' title='bbox 1738 2585 1781 2608; x_wconf 90' lang='lat' dir='ltr'><strong>zu</strong></span> 
     </span>
     <span class='ocr_line' id='line_1_26' title="bbox 157 2627 1779 2673; baseline 0.005 -14"><span class='ocrx_word' id='word_1_227' title='bbox 157 2627 364 2669; x_wconf 78' lang='lat' dir='ltr'><strong>wunscben‚</strong></span> <span class='ocrx_word' id='word_1_228' title='bbox 399 2638 435 2660; x_wconf 88' lang='lat' dir='ltr'><strong>es</strong></span> <span class='ocrx_word' id='word_1_229' title='bbox 461 2629 597 2662; x_wconf 74' lang='lat' dir='ltr'><strong>mochte</strong></span> <span class='ocrx_word' id='word_1_230' title='bbox 631 2630 684 2663; x_wconf 87' lang='lat' dir='ltr'><strong>ein</strong></span> <span class='ocrx_word' id='word_1_231' title='bbox 708 2640 815 2664; x_wconf 90' lang='lat' dir='ltr'><strong>neuer</strong></span> <span class='ocrx_word' id='word_1_232' title='bbox 850 2630 1055 2664; x_wconf 87' lang='lat' dir='ltr'><strong>Fleetwood</strong></span> <span class='ocrx_word' id='word_1_233' title='bbox 1090 2630 1191 2664; x_wconf 82' lang='lat' dir='ltr'><strong>ihnen</strong></span> <span class='ocrx_word' id='word_1_234' title='bbox 1226 2631 1324 2673; x_wconf 80' lang='lat' dir='ltr'><strong>eine,</strong></span> <span class='ocrx_word' id='word_1_235' title='bbox 1359 2642 1400 2664; x_wconf 89' lang='lat' dir='ltr'><strong>zu</strong></span> <span class='ocrx_word' id='word_1_236' title='bbox 1427 2630 1504 2664; x_wconf 80' lang='lat' dir='ltr'><strong>dein</strong></span> <span class='ocrx_word' id='word_1_237' title='bbox 1537 2630 1691 2666; x_wconf 85' lang='lat' dir='ltr'><strong>Studium</strong></span> <span class='ocrx_word' id='word_1_238' title='bbox 1717 2633 1779 2668; x_wconf 84' lang='lat' dir='ltr'><strong>der</strong></span> 
     </span>
     <span class='ocr_line' id='line_1_27' title="bbox 157 2686 1779 2735; baseline 0.004 -16"><span class='ocrx_word' id='word_1_239' title='bbox 157 2686 374 2732; x_wconf 86' lang='lat' dir='ltr'><strong>Epigraphik</strong></span> <span class='ocrx_word' id='word_1_240' title='bbox 399 2687 628 2731; x_wconf 77' lang='lat' dir='ltr'><strong>enneitende,</strong></span> <span class='ocrx_word' id='word_1_241' title='bbox 655 2688 818 2723; x_wconf 85' lang='lat' dir='ltr'><strong>Auswahl</strong></span> <span class='ocrx_word' id='word_1_242' title='bbox 844 2700 912 2723; x_wconf 80' lang='lat' dir='ltr'><strong>von</strong></span> <span class='ocrx_word' id='word_1_243' title='bbox 938 2689 1188 2734; x_wconf 88' lang='lat' dir='ltr'><strong>Inscriptionen</strong></span> <span class='ocrx_word' id='word_1_244' title='bbox 1214 2690 1398 2732; x_wconf 79' lang='lat' dir='ltr'><strong>besorgen,</strong></span> <span class='ocrx_word' id='word_1_245' title='bbox 1427 2689 1596 2724; x_wconf 87' lang='lat' dir='ltr'><strong>wodurch</strong></span> <span class='ocrx_word' id='word_1_246' title='bbox 1620 2691 1779 2735; x_wconf 89' lang='lat' dir='ltr'><strong>zugleich</strong></span> 
     </span>
     <span class='ocr_line' id='line_1_28' title="bbox 158 2744 1778 2786; baseline 0.005 -8"><span class='ocrx_word' id='word_1_247' title='bbox 158 2744 288 2779; x_wconf 86' lang='lat' dir='ltr'><strong>allerlei</strong></span> <span class='ocrx_word' id='word_1_248' title='bbox 314 2745 505 2780; x_wconf 85' lang='lat' dir='ltr'><strong>lehrreiche</strong></span> <span class='ocrx_word' id='word_1_249' title='bbox 531 2747 599 2780; x_wconf 88' lang='lat' dir='ltr'><strong>und</strong></span> <span class='ocrx_word' id='word_1_250' title='bbox 625 2747 821 2782; x_wconf 72' lang='lat' dir='ltr'><strong>schatzbare</strong></span> <span class='ocrx_word' id='word_1_251' title='bbox 847 2748 1081 2783; x_wconf 75' lang='lat' dir='ltr'><strong>Bruchstticke</strong></span> <span class='ocrx_word' id='word_1_252' title='bbox 1117 2749 1178 2783; x_wconf 87' lang='lat' dir='ltr'><strong>des</strong></span> <span class='ocrx_word' id='word_1_253' title='bbox 1204 2749 1412 2783; x_wconf 86' lang='lat' dir='ltr'><strong>Altertbums</strong></span> <span class='ocrx_word' id='word_1_254' title='bbox 1438 2750 1472 2783; x_wconf 92' lang='lat' dir='ltr'><strong>in</strong></span> <span class='ocrx_word' id='word_1_255' title='bbox 1498 2756 1665 2785; x_wconf 86' lang='lat' dir='ltr'><strong>erneuten</strong></span> <span class='ocrx_word' id='word_1_256' title='bbox 1690 2751 1778 2786; x_wconf 87' lang='lat' dir='ltr'><strong>Um-</strong></span> 
     </span>
     <span class='ocr_line' id='line_1_29' title="bbox 157 2803 1777 2855; baseline 0.006 -18"><span class='ocrx_word' id='word_1_257' title='bbox 157 2803 230 2837; x_wconf 86' lang='lat' dir='ltr'><strong>lauf</strong></span> <span class='ocrx_word' id='word_1_258' title='bbox 253 2805 412 2839; x_wconf 86' lang='lat' dir='ltr'><strong>kommen</strong></span> <span class='ocrx_word' id='word_1_259' title='bbox 439 2804 617 2840; x_wconf 77' lang='lat' dir='ltr'><strong>wiirden.“</strong></span> <span class='ocrx_word' id='word_1_260' title='bbox 655 2806 754 2841; x_wconf 89' lang='lat' dir='ltr'><strong>Liber</strong></span> <span class='ocrx_word' id='word_1_261' title='bbox 781 2819 798 2841; x_wconf 87' lang='lat' dir='ltr'><strong>a</strong></span> <span class='ocrx_word' id='word_1_262' title='bbox 825 2807 949 2841; x_wconf 78' lang='lat' dir='ltr'><strong>Wolfio</strong></span> <span class='ocrx_word' id='word_1_263' title='bbox 976 2808 1183 2851; x_wconf 88' lang='lat' dir='ltr'><strong>significatus</strong></span> <span class='ocrx_word' id='word_1_264' title='bbox 1209 2814 1260 2842; x_wconf 81' lang='lat' dir='ltr'><strong>est</strong></span> <span class='ocrx_word' id='word_1_265' title='bbox 1286 2807 1443 2843; x_wconf 90' lang='lat' dir='ltr'><strong>Guilelm.</strong></span> <span class='ocrx_word' id='word_1_266' title='bbox 1468 2809 1672 2845; x_wconf 81' lang='lat' dir='ltr'><strong>Fleetwood</strong></span> <span class='ocrx_word' id='word_1_267' title='bbox 1697 2810 1777 2855; x_wconf 79' lang='lat' dir='ltr'><strong>Syl-</strong></span> 
     </span>
     <span class='ocr_line' id='line_1_30' title="bbox 157 2862 1193 2912; baseline 0.006 -16"><span class='ocrx_word' id='word_1_268' title='bbox 157 2862 237 2906; x_wconf 87' lang='lat' dir='ltr'><strong>loge</strong></span> <span class='ocrx_word' id='word_1_269' title='bbox 262 2864 517 2909; x_wconf 85' lang='lat' dir='ltr'><strong>inscriptionum</strong></span> <span class='ocrx_word' id='word_1_270' title='bbox 542 2867 764 2912; x_wconf 88' lang='lat' dir='ltr'><strong>antiquarum.</strong></span> <span class='ocrx_word' id='word_1_271' title='bbox 813 2867 966 2901; x_wconf 90' lang='lat' dir='ltr'><strong>Londini.</strong></span> <span class='ocrx_word' id='word_1_272' title='bbox 995 2868 1095 2902; x_wconf 85' lang='lat'><strong>1661.</strong></span> <span class='ocrx_word' id='word_1_273' title='bbox 1121 2868 1153 2902; x_wconf 86' lang='lat'><strong>8.</strong></span> <span class='ocrx_word' id='word_1_274' title='bbox 1188 2865 1193 2871; x_wconf 83' lang='grc'><strong>’</strong></span> 
     </span>
    </p>

    <p class='ocr_par' dir='ltr' id='par_1_5' title="bbox 159 2921 1777 3030">
     <span class='ocr_line' id='line_1_31' title="bbox 276 2921 1777 2968; baseline 0.005 -11"><span class='ocrx_word' id='word_1_275' title='bbox 276 2921 331 2966; x_wconf 51' lang='grc' dir='ltr'><strong>*ἢ</strong></span> <span class='ocrx_word' id='word_1_276' title='bbox 355 2923 451 2958; x_wconf 84' lang='lat' dir='ltr'><strong>Prior</strong></span> <span class='ocrx_word' id='word_1_277' title='bbox 475 2924 562 2959; x_wconf 90' lang='lat' dir='ltr'><strong>liber</strong></span> <span class='ocrx_word' id='word_1_278' title='bbox 587 2925 726 2960; x_wconf 87' lang='lat' dir='ltr'><strong>editoris</strong></span> <span class='ocrx_word' id='word_1_279' title='bbox 748 2927 885 2960; x_wconf 88' lang='lat' dir='ltr'><strong>nomine</strong></span> <span class='ocrx_word' id='word_1_280' title='bbox 910 2927 1066 2968; x_wconf 55' lang='lat' dir='ltr'><strong>in‚titulo</strong></span> <span class='ocrx_word' id='word_1_281' title='bbox 1090 2938 1159 2962; x_wconf 90' lang='lat' dir='ltr'><strong>non</strong></span> <span class='ocrx_word' id='word_1_282' title='bbox 1185 2927 1300 2961; x_wconf 84' lang='lat' dir='ltr'><strong>addito</strong></span> <span class='ocrx_word' id='word_1_283' title='bbox 1325 2927 1372 2962; x_wconf 90' lang='lat' dir='ltr'><strong>ita</strong></span> <span class='ocrx_word' id='word_1_284' title='bbox 1397 2927 1613 2963; x_wconf 84' lang='lat' dir='ltr'><strong>inscribitur:</strong></span> <span class='ocrx_word' id='word_1_285' title='bbox 1639 2930 1777 2966; x_wconf 88' lang='lat' dir='ltr'><strong>Institu-</strong></span> 
     </span>
     <span class='ocr_line' id='line_1_32' title="bbox 159 2981 1777 3030; baseline 0.008 -16"><span class='ocrx_word' id='word_1_286' title='bbox 159 2981 257 3016; x_wconf 87' lang='lat' dir='ltr'><strong>zione</strong></span> <span class='ocrx_word' id='word_1_287' title='bbox 282 2983 660 3030; x_wconf 87' lang='lat' dir='ltr'><strong>antiquario-lapidaria</strong></span> <span class='ocrx_word' id='word_1_288' title='bbox 686 2986 755 3022; x_wconf 85' lang='lat' dir='ltr'><strong>osia</strong></span> <span class='ocrx_word' id='word_1_289' title='bbox 778 2985 1016 3021; x_wconf 84' lang='lat' dir='ltr'><strong>Introdnzione</strong></span> <span class='ocrx_word' id='word_1_290' title='bbox 1042 2986 1110 3022; x_wconf 89' lang='lat' dir='ltr'><strong>allo</strong></span> <span class='ocrx_word' id='word_1_291' title='bbox 1135 2986 1247 3023; x_wconf 85' lang='lat' dir='ltr'><strong>studio</strong></span> <span class='ocrx_word' id='word_1_292' title='bbox 1273 2986 1364 3022; x_wconf 88' lang='lat' dir='ltr'><strong>delle</strong></span> <span class='ocrx_word' id='word_1_293' title='bbox 1389 2988 1526 3024; x_wconf 86' lang='lat' dir='ltr'><strong>antiche</strong></span> <span class='ocrx_word' id='word_1_294' title='bbox 1550 2987 1654 3025; x_wconf 87' lang='lat' dir='ltr'><strong>latine</strong></span> <span class='ocrx_word' id='word_1_295' title='bbox 1679 2991 1777 3027; x_wconf 89' lang='lat' dir='ltr'><strong>iscri-</strong></span> 
     </span>
    </p>
   </div>
  </div>
 </body>
</html>
