1877 3313
182 159 267 204 336
740 153 843 191 Inscr.
867 154 1038 200 poeticae.
1086 152 1222 190 Sacrae.

322 262 445 301 1945.
503 258 550 301 D.
581 257 631 301 M.
672 259 723 302 M.
764 261 980 315 Pomponio
1021 260 1071 302 M.
1105 259 1155 302 fil.
1186 259 1236 302 M.
1269 257 1317 301 N.
1359 257 1410 302 M.
1451 268 1565 314 pron.
1604 258 1653 303 M.
1683 260 1769 303 abn.

180 321 270 365 Cor.
300 319 470 362 Bassulo
499 319 610 360 Hvir.
646 317 787 375 QQ.¹)

316 379 377 420 Ne
406 390 518 419 more
548 378 704 432 pecoris
736 379 816 420 otio
847 377 1160 432 transfungerer‚

314 436 521 479 Menandri
549 448 695 490 paucas
725 437 829 478 vorti
859 437 976 477 scitas
1007 435 1160 478 fabulas

313 496 362 537 Et
391 496 501 549 ipsus
532 496 647 536 etiam
677 494 816 537 sedulo
847 495 943 535 finxi
975 506 1112 535 novas.

314 553 370 599 ld.
402 553 679 608 qualecunque
709 558 782 606 est,
813 553 956 594 chartis
986 553 1221 593 mandalum
1250 552 1320 594 diu

259 612 286 652 5
323 612 436 653 Vitae
465 612 563 652 mila·
591 613 771 665 aqendae
802 612 1084 652 delectamento
1112 612 1202 664 fuit.

314 671 461 712 Verum
491 675 656 712 vexatus
687 671 802 711 animi
833 671 937 710 curis
968 670 1123 720 amasiis,

312 729 519 771 Nonnullis
551 730 666 770 etiam
699 729 877 782 corporis
910 727 1124 779 doloribus,

312 789 529 841 Utrumque
560 792 603 829 ut
632 793 743 829 esset
773 787 901 828 taedio
933 787 984 827 mi
1013 786 1121 826 ultra
1150 786 1309 828 modum

316 846 497 900 Optatam
528 851 694 887 mortem
725 859 812 887 sum
844 850 984 897 opius:
1014 857 1120 897 quae
1150 846 1261 886 dedic
1287 845 1379 887 mihi

235 905 289 947 10
319 906 402 948 Suo
434 905 484 946 (le
513 917 625 946 more
656 910 796 945 cuncta
827 903 1117 944 consolamina.

313 964 395 1005 Vos
426 964 466 1004 in
496 963 679 1017 sepulcro
711 963 786 1004 hoe
816 975 866 1002 ne
896 962 1004 1015 quid,
1037 975 1126 1011 oro,
1160 962 1326 1003 laedite:

315 1021 432 1071 Quod
463 1022 513 1063 sit
544 1022 780 1073 docimento,
812 1025 901 1075 post
930 1020 1076 1073 fatales
1107 1022 1240 1061 exitus

309 1079 521 1122 Immodice
551 1093 602 1121 ne
633 1081 718 1133 quis
749 1081 853 1120 vitae
882 1079 1072 1131 scopulos
1100 1079 1280 1132 horreat,

310 1139 404 1180 Cum
437 1140 485 1181 sit
515 1143 672 1193 paratus
703 1142 842 1192 portus
871 1137 1170 1191 flagitantibus,

233 1195 287 1240 15
319 1198 393 1246 Qui
424 1210 498 1239 nos
530 1198 697 1250 excipiat
728 1196 775 1237 ad
807 1198 980 1250 quietem
1006 1202 1225 1249 perpetem.

312 1255 391 1300 Sed
421 1257 497 1297 iam
526 1256 670 1307 valete,
703 1255 831 1296 donee
862 1256 1002 1295 videre
1032 1255 1205 1307 esi-pedit.

311 1315 420 1356 Cant.
451 1314 578 1368 Long.
610 1314 734 1355 morit.
767 1314 810 1353 V.
841 1313 889 1354 A.
921 1313 963 1353 L.
996 1313 1046 1354 M.
1078 1314 1104 1353 Ι.
1120 1312 1160 1367 2)
1191 1337 1241 1341 —
1268 1316 1323 1352 Ex
1354 1315 1565 1354 recensione
1595 1315 1766 1352 Ritsche-

170 1375 208 1415 lii
238 1376 272 1414 in
313 1381 579 1425 programmate
621 1374 827 1412 academico
868 1375 1044 1411 Bonnens.
1089 1373 1210 1412 1847.
1251 1375 1370 1412 Edidit
1409 1375 1540 1423 primus
1584 1374 1768 1412 Guarinius

172 1430 269 1487 [lter
306 1447 448 1483 vagum.
488 1433 621 1470 Mansio
661 1434 686 1470 I.
718 1433 866 1482 Neapol.
903 1432 1024 1469 1846.
1059 1444 1094 1480 p.
1127 1428 1203 1484 3];
1233 1438 1317 1481 post
1356 1445 1434 1470 eum
1476 1434 1538 1470 Th.
1578 1433 1770 1470 Mommsen

169 1494 207 1532 in
236 1494 361 1532 Bullet.
403 1494 498 1530 areli.
534 1492 642 1528 1847
676 1492 773 1528 Fasc.
806 1491 847 1528 V.
878 1503 912 1540 p.
945 1491 1012 1528 94.
1044 1495 1081 1527 et
1112 1491 1234 1528 Rliein.
1266 1492 1350 1528 illus.
1396 1491 1516 1529 1848.
1547 1504 1582 1541 p.
1618 1491 1712 1529 140.

311 1569 434 1606 1946.
493 1565 677 1619 Pompeia
710 1564 802 1605 Chia
832 1564 878 1604 V.
908 1563 958 1604 A.
990 1563 1111 1604 XXV.
1143 1562 1187 1603 H.
1220 1564 1259 1605 S.
1291 1560 1384 1618 E.³)

309 1626 413 1680 Opto
444 1637 557 1665 meae
589 1629 698 1665 caste
729 1623 929 1677 conlingat
959 1623 1096 1663 vivere
1127 1627 1256 1673 natae,

367 1684 417 1724 Ut
446 1688 585 1725 nostro
616 1681 795 1734 exempla
827 1680 949 1722 discat
979 1693 1112 1721 amare
1143 1682 1280 1722 virum.
1315 1704 1365 1712 —
1398 1683 1632 1733 Philippville.
1668 1679 1768 1737 (Ru-

169 1742 315 1800 sicada)
349 1746 473 1782 Clarae
504 1745 635 1781 Musee.
667 1743 744 1780 livr.
781 1742 844 1779 13.
876 1743 923 1791 pl.
954 1742 1138 1779 LXXXIX.
1175 1741 1267 1779 141.

313 1833 435 1871 1947.
496 1829 538 1870 C.
572 1828 732 1882 Turpidi
762 1828 802 1869 P.
841 1827 885 1869 F.
916 1827 1011 1868 Hor.
1043 1827 1084 1868 C.
1118 1826 1327 1881 Turpidius
1369 1827 1411 1869 C.
1443 1827 1485 1870 F.
1515 1826 1691 1871 Severus
1721 1826 1766 1869 T.

304 1947 535 1991 Parentibus
566 1945 817 2000 praesidium,
848 1945 1007 1986 amiceis
1037 1944 1223 1999 gaudium

305 2007 481 2049 Pollicita
512 2006 626 2059 pueri
656 2005 778 2045 virtus
809 2003 969 2058 indigne
1001 2003 1167 2054 occidit,

306 2066 459 2114 Quoius
473 2062 514 2118 4)
547 2063 668 2104 fatum
699 2063 883 2103 acerbum
913 2061 1082 2115 populus
1117 2061 1277 2116 indigne
1309 2061 1406 2104 tulit.

305 2123 534 2178 Magnoque
565 2122 659 2163 fletu
691 2121 810 2162 funus
841 2125 1078 2173 prosecutus
1110 2125 1183 2161 est.
1216 2143 1271 2149 —
1302 2123 1340 2160 In
1382 2134 1472 2170 agro
1513 2122 1766 2161 Urbisalviensi

165 2185 296 2226 invent.
336 2186 444 2222 lllorc.
487 2184 553 2231 Op.
585 2184 629 2221 II.
661 2182 757 2220 227.
786 2181 894 2219 Lanzi
925 2181 1060 2229 Saggio
1090 2181 1117 2217 I.
1148 2193 1183 2229 p.
1220 2181 1313 2218 158.
1346 2181 1441 2220 Orel.
1471 2181 1598 2229 4839,
1619 2182 1765 2220 Antho-

165 2246 242 2295 log.
273 2246 408 2291 Meyer.
444 2242 565 2279 1527.

307 2326 431 2364 1948.
488 2322 738 2376 Protogenes
770 2317 918 2374 Clul.⁵)
950 2319 1086 2361 suavei
1116 2316 1293 2371 heiceiss)
1325 2320 1440 2360 situst
1470 2319 1634 2372 mimus,

303 2383 514 2424 Plouruma
545 2393 620 2433 que
635 2378 676 2434 τ)
708 2379 802 2420 fecit
819 2379 963 2433 populo
984 2378 1118 2420 soveis
1138 2376 1281 2431 gaudia
1301 2389 1441 2432 nuges.
1455 2374 1498 2432 8)
1524 2399 1581 2408 -
1601 2381 1639 2418 In
1662 2381 1762 2418 Tho-

164 2457 279 2483 massa
309 2444 392 2482 villa
423 2442 500 2490 agri
530 2441 706 2490 Aquilani.
765 2441 889 2478 Murat.
923 2440 1018 2488 658,
1057 2438 1219 2477 1.0re11.
1245 2437 1369 2476 2625.
1400 2439 1597 2489 Antholog.
1628 2439 1762 2487 Meyer.

170 2503 292 2542 1441.

303 2674 341 2719 1)
367 2673 624 2719 Quinquennali.
657 2689 700 2695 —-
733 2671 772 2714 2)
804 2683 838 2706 v.
874 2671 906 2705 5.
931 2671 1114 2705 Mommsen
1147 2669 1415 2714 supplementum
1446 2678 1513 2701 non
1537 2667 1692 2701 admittit.
1717 2683 1760 2690 -

164 2734 197 2756 v.
215 2724 236 2757 9
255 2734 326 2757 sum
345 2724 504 2766 adeptus3
531 2732 570 2754 ea
590 2719 680 2753 mihi.
706 2720 895 2752 Mommsen.
921 2735 965 2740 —
991 2729 1023 2751 v.
1051 2719 1093 2751 10
1119 2723 1237 2750 cuncta
1264 2717 1320 2749 dat
1344 2716 1509 2748 lenimina.
1535 2715 1632 2748 Mom.
1659 2731 1699 2736 -
1726 2724 1759 2746 v.

168 2770 209 2802 13
242 2772 332 2803 vitae
356 2768 530 2812 scopulum
564 2772 687 2800 teneat.
725 2766 821 2798 Mom.
849 2781 890 2786 -
916 2776 948 2798 v.
977 2765 1017 2797 15
1044 2766 1189 2808 quietem
1215 2762 1380 2796 stabilem.
1415 2762 1514 2794 Mom.
1549 2779 1588 2784 —
1615 2758 1654 2801 3)
1678 2760 1762 2792 vixit

166 2826 269 2849 annos
293 2816 392 2849 XXV.
418 2816 471 2848 hic
495 2815 558 2847 sita
577 2819 637 2846 est.
659 2829 704 2835 -
728 2812 767 2853 4)
793 2811 1060 2854 monosyllabum
1078 2809 1376 2855 pronunciandum.
1401 2808 1527 2850 Meyer.
1554 2823 1594 2829 —-
1623 2807 1661 2850 5)
1679 2816 1759 2839 num

168 2861 307 2895 Cluentii
327 2867 384 2896 aut
408 2861 518 2894 Cluvii
542 2859 698 2893 libertus?
723 2859 840 2892 Mutat.
865 2858 1067 2902 Corruplum
1092 2857 1225 2891 videtur
1249 2855 1387 2890 Orellio.
1412 2871 1457 2876 —
1482 2853 1520 2895 6)
1545 2863 1625 2896 pro:
1649 2853 1760 2886 suavis

165 2906 266 2941 hicce.
292 2926 333 2932 —-
360 2905 398 2950 7)
423 2906 636 2941 scribendum
661 2906 716 2950 qui
739 2905 879 2950 Meyero
900 2904 1044 2941 videtur.
1069 2921 1111 2929 -
1136 2902 1175 2947 8)
1193 2913 1256 2948 pro
1272 2903 1338 2937 suis
1353 2901 1466 2946 πυρίη
1489 2898 1759 2944 monosyllabum

165 2954 446 3000 pronuntiandum
469 2959 522 2990 est
543 2954 656 2988 soveis.
