1877 3313
116 189 201 233 150
270 189 372 223 Inscr.
398 185 570 232 profanae.
620 182 701 229 Cap.
727 184 751 219 1.
800 184 900 220 Tituli
926 195 1068 229 operum
1093 183 1258 228 public-or.
1284 195 1353 219 non
1373 190 1559 220 sacrorum.

256 296 376 333 1295.
436 292 560 332 Divus
592 289 692 345 Aug.
719 291 865 331 Parens
897 291 1004 331 dedit
1037 320 1139 330 .....
1159 287 1196 344 ¹]
1228 289 1433 344 Augustus
1457 290 1711 332 Germanicus

113 353 266 396 refecit.
312 351 352 391 In
386 349 498 390 huius
530 349 672 389 balinei
703 349 883 390 lavation.
915 350 987 390 HS.
1022 348 1147 389 CCCC
1178 350 1322 389 nomin.
1343 349 1398 390 «C.
1431 349 1563 390 Aviasi
1594 350 1638 390 T.
1669 350 1711 390 F.

114 413 292 456 Senecae
322 410 363 449 F.
395 406 509 463 sui2)
541 408 584 448 T.
618 407 788 448 Aviasus
819 407 1044 449 Servandus
1082 411 1195 460 pater
1226 412 1450 447 testament.
1481 408 1640 460 legavit,
1671 412 1713 448 ut

113 483 166 511 ex
194 468 322 509 reditu
353 467 440 507 eius
471 478 647 507 summae
677 466 716 506 in
746 472 980 519 perpetuum
1012 465 1085 504 viri
1118 469 1156 504 et
1177 465 1401 517 impuberes
1427 466 1590 518 utriusq.
1613 477 1714 508 sex-

113 540 181 570 sus
211 526 333 581 gratis
365 525 555 566 laventur.
588 546 644 552 ——
676 527 867 564 Bononiae.
915 527 1010 562 Grut.
1043 538 1076 574 p.
1112 525 1204 562 180.
1252 526 1347 562 Oret.
1380 525 1503 563 3325.

258 604 383 641 1296.
444 601 487 641 Τ.
530 600 671 640 Varius
714 600 757 640 T.
799 600 839 640 F.
882 596 1018 653 Pol.3)
1060 598 1223 638 Rufinus
1266 598 1467 649 Geganius
1509 599 1714 641 Facundus

114 661 249 701 Vibius
280 658 532 701 Marcellinus
563 659 676 711 Equo
707 658 812 710 publ.
846 657 1142 710 Quiquennalic.
1184 658 1338 698 nomine
1370 669 1444 697 suo
1477 662 1516 698 et
1547 658 1591 698 T.
1624 659 1716 698 Vari

113 719 240 771 Longi
279 718 344 758 filii
385 718 447 758 sui
489 715 683 757 balineum
725 729 745 756 a
776 716 819 756 L.
861 715 1026 756 Rufellio
1067 715 1216 755 Severo
1254 715 1294 755 P.
1328 716 1368 756 P.
1402 715 1467 755 Tr.
1482 713 1523 770 ⁴]
1556 715 1714 767 factum,

115 776 223 831 qnod
253 789 319 817 res
351 775 509 829 publica
540 788 561 815 a
593 787 696 816 novo
728 774 940 824 refecerat,
973 773 1154 813 incendio
1188 786 1240 813 ex
1271 774 1438 813 maxima
1469 779 1580 827 parte
1614 787 1716 815 con-

115 840 312 888 sumptum
353 835 539 887 operibus
581 833 770 887 ampliatis
812 845 898 886 pec.
940 844 1009 872 sua
1047 832 1228 872 restituit.
1271 854 1326 861 —
1366 834 1461 870 Fani.
1507 836 1616 872 More.
1649 835 1715 884 Op.

114 897 156 934 11.
193 896 285 933 129.

261 971 405 1009 1297..
444 968 563 1022 Signa
594 967 781 1009 translata
812 980 864 1007 ex
895 965 1032 1007 abditis
1064 966 1160 1006 locis
1202 965 1248 1006 ad
1282 966 1552 1007 celebritatem
1584 966 1717 1007 Ther-

115 1042 264 1071 marum
295 1028 598 1070 Severianarum
629 1026 851 1067 Audentius
883 1025 1122 1065 Aemilianus
1150 1025 1194 1064 V.
1219 1023 1258 1064 C.
1283 1025 1379 1065 Con.
1403 1024 1534 1078 Camp.
1551 1022 1590 1078 ⁵)
1615 1038 1718 1066 con-

115 1089 240 1130 stituit
272 1085 524 1138 dedicarique
555 1086 730 1139 precepit
765 1088 928 1124 curante
971 1083 1014 1123 T.
1047 1082 1233 1124 Armonio
1276 1082 1510 1136 Chrysantio
1542 1084 1587 1123 V.
1619 1084 1658 1124 P.
1675 1081 1716 1139 ⁶]

116 1169 172 1175 ——
201 1147 356 1185 Friniani
385 1159 500 1196 prope
531 1147 699 1183 Atellam.
746 1146 885 1182 Fabret.
918 1144 1026 1190 280,
1062 1143 1154 1180 173.
1205 1143 1299 1180 Orel.
1334 1143 1457 1182 3275.
1503 1145 1611 1181 More.
1642 1145 1718 1182 Stil.

260 1281 381 1319 1298.
442 1277 630 1318 Thermas
663 1277 873 1317 maritimas
905 1276 1130 1316 intresecus
1163 1275 1384 1317 refectione
1421 1275 1622 1326 cellarum,
1652 1275 1719 1318 fo-

116 1339 172 1380 ris
203 1339 277 1380 soli
306 1337 526 1378 adiectione
559 1335 674 1376 DDD.
706 1333 879 1389 NNN.⁷)
913 1334 1082 1384 Valens,
1117 1334 1324 1375 Gratianus
1355 1339 1395 1374 et
1426 1334 1719 1375 Valentinianus

117 1398 265 1438 Victor.
304 1409 350 1437 ac
388 1394 550 1435 Triumf.
592 1406 750 1447 semper
790 1393 892 1445 Aug.
928 1392 1096 1433 Proculo
1131 1392 1326 1445 Gregorio
1359 1393 1403 1432 V.
1438 1393 1479 1433 C.
1511 1392 1719 1433 Praefecto

117 1467 260 1496 annon.
294 1454 402 1495 urbis
434 1453 582 1494 Romae
614 1457 788 1503 curante,
822 1451 1070 1491 decorarunt.
1117 1472 1167 1478 --
1213 1454 1329 1502 Prope
1362 1453 1505 1490 Ostiam.
1553 1453 1719 1490 Guascus.

117 1517 176 1554 ΙΙΙ.
213 1515 307 1561 145,
343 1515 463 1551 1258.
515 1514 608 1550 Orel.
642 1513 765 1549 3327.

263 1591 383 1628 1299.
444 1587 494 1628 Μ.
528 1587 710 1641 Nigidius
736 1584 907 1626 Vaccula
930 1585 969 1625 P.
993 1581 1087 1639 83]
1125 1610 1174 1616 --
1208 1587 1245 1624 ln
1274 1573 1584 1625 sedilibus⁸aeneis
1606 1588 1722 1626 balnei

118 1650 332 1699 Pompeiani.
380 1649 454 1686 Gcll
486 1649 697 1696 Pompeiana
729 1648 755 1683 1.
791 1646 881 1683 107.

263 1725 384 1762 1300.
447 1722 514 1763 Cn.
547 1721 734 1763 Melisseo
767 1719 835 1760 Cn.
869 1719 909 1759 F.
942 1718 1065 1773 Apro,
1095 1719 1145 1760 M.
1181 1719 1288 1760 Staio
1319 1719 1369 1760 M.
1402 1719 1442 1760 F.
1475 1718 1577 1760 Rufo
1598 1719 1629 1760 ΙΙ
1650 1720 1722 1761 vir.

119 1783 266 1824 iterum
297 1780 323 1822 Ι.
355 1781 403 1821 D.
419 1777 459 1834 9)
501 1780 650 1820 labrum
684 1792 735 1819 ex
766 1778 810 1818 D.
843 1777 889 1818 D.
911 1774 963 1830 ¹⁰)
1008 1790 1060 1817 ex
1090 1777 1129 1817 P.
1162 1778 1201 1817 P.
1234 1778 1273 1817 F.
1307 1777 1346 1817 C.
1367 1774 1423 1831 ¹¹)
1457 1777 1620 1818 Constat
1648 1777 1721 1819 HS.

119 1840 263 1882 DCCL.
296 1863 351 1868 -—
384 1841 579 1889 Pompeiis3
612 1841 645 1877 in
674 1840 774 1875 labro
800 1850 1010 1875 marmoreo.
1045 1839 1140 1874 Goro
1162 1851 1196 1886 p.
1223 1838 1313 1875 109.
1347 1838 1406 1876 Or.
1431 1839 1553 1875 3277.
1585 1839 1723 1876 Becker

121 1901 236 1939 Gallus
259 1901 300 1938 ΙΙ.
319 1900 383 1937 30.
400 1900 512 1936 Etiam
535 1899 620 1935 Gell.
642 1897 842 1946 Pompeian.
864 1897 888 1933 Ι.
916 1896 993 1932 117
1020 1897 1082 1933 sed
1106 1897 1133 1933 is
1152 1897 1292 1944 quidem
1318 1908 1388 1934 non
1412 1897 1495 1934 satis
1522 1898 1720 1934 emendate.

264 1975 387 2012 1301.
446 1972 489 2013 L.
521 1972 700 2026 Agusius
742 1970 808 2010 Cn.
842 1970 883 2010 F.
914 1970 956 2009 L.
988 1970 1035 2010 N.
1077 1970 1259 2019 Mussus,
1303 1970 1344 2011 C.
1377 1970 1557 2011 Arrenus
1601 1970 1644 2010 T.
1681 1970 1722 2011 F.

119 2032 246 2075 Rufus
278 2031 456 2072 Octoviri
497 2031 636 2071 iterum
679 2029 840 2070 balneas
871 2027 991 2068 refici.
1025 2028 1062 2068 C.
1096 2028 1132 2069 S.
1167 2028 1206 2068 C.
1253 2051 1303 2056 -—
1346 2032 1434 2068 Noet
1468 2032 1530 2068 des
1562 2032 1723 2078 Vergers

120 2106 181 2132 sur
212 2094 383 2142 quelques
415 2092 641 2140 inscriptions
675 2091 719 2126 de
751 2089 940 2134 l'Ombrie3
981 2090 1099 2125 Revue
1133 2089 1175 2124 de
1209 2090 1381 2134 Philolog.
1412 2090 1436 2126 1.
1467 2102 1502 2138 p.
1537 2089 1631 2126 532.
1665 2090 1723 2126 ubi

120 2164 243 2190 omnes
275 2151 525 2198 inscriptiones
558 2153 735 2197 quotquot
767 2148 1010 2184 octovirorum
1043 2148 1257 2184 mentionem
1289 2148 1421 2184 faciunt
1453 2142 1627 2199 (numero
1659 2159 1722 2185 se-

121 2205 262 2262 decim)
296 2210 470 2246 collectae
500 2212 760 2257 proponuntur.

264 2284 386 2322 1302.
447 2281 635 2322 Florente
677 2280 841 2333 imperio
883 2278 997 2318 DDD.
1029 2277 1149 2319 AAA.
1184 2278 1290 2318 CCC.
1325 2278 1371 2325 Q.
1402 2277 1518 2319 NNN.
1552 2279 1724 2321 Gratiani

120 2341 379 2383 Valentiniani
409 2344 449 2380 et
480 2339 679 2380 Theodosi
710 2338 929 2390 Principum
971 2337 1231 2377 maximorum
1274 2335 1511 2377 thermarum
1550 2338 1724 2390 speciem

121 2401 261 2442 ruinae
294 2398 544 2439 deformitate
576 2397 802 2439 sordentem
834 2401 872 2436 et
902 2394 1137 2449 periculosis
1168 2393 1409 2447 ponderibus
1444 2395 1723 2447 imminentem,

123 2471 223 2512 quae
255 2458 449 2499 labantem
481 2457 666 2510 populum
698 2459 803 2495 metu
837 2453 1107 2495 sollicitudinis
1151 2453 1376 2494 deterrebat
1408 2453 1571 2495 exclusa
1602 2455 1722 2496 totius

123 2517 255 2558 scabie
297 2515 500 2556 vetustatis
544 2514 591 2554 ad
628 2514 776 2554 firmam
809 2512 1053 2553 stabilitatem
1088 2524 1280 2563 usumque
1322 2516 1518 2553 tectorum
1560 2511 1722 2553 Anicius

123 2574 351 2616 Auchenius
392 2573 536 2614 Bassus
575 2573 618 2611 V.
652 2572 690 2611 C.
732 2571 947 2612 Proconsul
988 2570 1221 2622 Campaniae
1264 2570 1352 2610 vice
1393 2583 1508 2611 sacra
1547 2570 1722 2612 iudicans

124 2633 306 2686 reparavi
336 2633 375 2672 in
407 2631 610 2672 meliorem
644 2631 808 2671 civitatis
841 2628 1026 2682 effigiem.
1058 2649 1114 2656 -
1146 2631 1326 2668 Veronae.
1371 2631 1456 2668 Mur.
1488 2643 1521 2680 p.
1553 2631 1650 2667 464.

260 2783 304 2848 ἶ1)
329 2795 460 2837 erasum
486 2788 536 2817 est
560 2781 731 2836 Caligulae
758 2793 890 2815 nomen.
919 2798 958 2803 -—
987 2778 1024 2822 2)
1052 2781 1100 2813 sic
1118 2779 1246 2834 Gruter.
1267 2780 1386 2819 habet:
1411 2779 1538 2832 Gudius
1557 2782 1588 2835 in
1607 2779 1723 2814 Indice

126 2842 166 2918 Ξ)
185 2829 806 2921 {geist-ligapffijiicffgtielryild&viffithr).
829 2834 882 2908 sier
900 2826 1332 2907 ssssssgggffmssgmggggfflaris
1353 2825 1647 2917 Paggss'ffiagspffi
1683 2871 1721 2913 6)

127 2925 202 2957 viro
228 2924 482 2966 perfectissimo.
510 2940 550 2944 —
579 2921 616 2964 Ι7)
643 2922 723 2955 Tres
743 2922 867 2955 domini
886 2923 997 2954 nostri.
1024 2938 1064 2943 -<
1091 2919 1130 2961 8)
1157 2923 1297 2963 pecunia
1315 2931 1385 2953 sua.
1410 2936 1454 2941 —
1480 2920 1518 2961 9)
1538 2919 1722 2952 duumviris

129 2971 250 3004 iterum
267 2970 327 3003 iuri
349 2970 506 3004 dicundo.
528 2987 568 2992 -—
590 2967 648 3011 10)
664 2968 888 3002 Decurionuni
905 2968 1054 3001 decreto.
1078 2983 1121 2988 -
1143 2965 1201 3008 11)
1216 2978 1256 3000 ex
1271 2968 1413 3010 pecunia
1437 2966 1570 3010 publica
1588 2966 1721 3001 factum.
