1877 3313
78 117 82 121 .
146 143 231 186 312
591 139 693 175 Inscr.
717 139 892 185 profanae.
941 137 1022 184 Cap.
1047 138 1087 173 ΙΙ.
1136 138 1294 174 Tabulae.

288 251 395 287 Notas
425 248 461 286 in
492 260 610 285 rerum
640 249 815 286 venalium
856 249 914 297 qui
947 248 1066 285 edicto·
1105 247 1419 297 comprehenditur
1456 247 1572 286 indice
1602 248 1739 286 additas

149 309 206 346 alii
238 308 340 345 aliter
381 307 612 355 explicarunt.
671 308 881 355 Plerumque
912 308 1050 352 signum
1082 307 1219 343 asterisi
1259 301 1366 358 (··Χ)
1399 318 1444 343 ex
1474 318 1536 343 usu
1567 308 1740 345 communi

146 378 215 416 pro
249 366 395 403 denario
429 377 544 413 eoque
577 370 751 412 argenteo
783 366 1033 413 accipiebatur.
1075 366 1146 401 Sed
1179 365 1224 401 ita
1256 369 1446 413 supputata
1475 365 1590 413 pretia
1622 377 1739 403 rerum

146 436 288 461 omnem
319 424 462 461 modum
495 428 595 460 tanto
628 425 817 467 excedunt„
849 429 885 460 ut
916 423 1051 460 admitti
1085 435 1153 459 non
1186 423 1332 470 possint.
1378 423 1463 459 Nam
1496 434 1540 458 ex
1563 423 1629 460 hac
1650 436 1740 472 sup-

144 483 332 531 putatione
374 482 529 530 exempli
571 493 675 518 causa
718 482 903 518 lenticulae
946 482 1137 518 medimnus
1178 476 1384 533 [Sclieffel]
1418 480 1475 528 qui
1505 493 1571 517 sex
1602 482 1740 519 modios

145 541 354 588 aequiparat
384 540 564 577 sexcentis
596 540 749 576 denariis
780 541 800 576 i.
834 553 863 576 e.
898 540 1088 585 nonaginta
1121 539 1264 575 tbaleris
1296 543 1487 575 constaret.
1531 539 1646 576 Aliam
1677 552 1739 576 ra-1·

143 599 278 635 tionem
309 598 384 635 iniit
419 598 480 634 Ch.
511 599 545 634 L.
577 599 612 634 F.
646 599 788 634 Schultz
820 600 840 634 Ι.
874 599 894 634 Ι.
927 611 958 646 p.
993 597 1069 633 631
1089 609 1188 645 seqq.
1235 598 1266 633 ls
1299 598 1390 633 enim
1422 597 1580 634 asterisci
1602 598 1740 644 signnm

142 669 215 695 non
247 657 432 693 denarium
465 668 580 703 neque
613 656 756 693 omnino
788 657 893 692 ullum
927 668 1100 692 nummum
1133 656 1309 702 intelligit,
1341 656 1404 691 sed
1436 656 1608 692 Isidorum
1641 655 1740 702 Orig.

141 715 171 757 Ι,
203 715 258 751 20
289 719 416 751 testem
450 715 636 760 adhibens,
669 714 867 751 omissionis
899 715 1036 762 signum
1069 715 1110 750 ad
1144 714 1374 759 significanda
1405 714 1437 750 in
1471 713 1618 750 diversis
1649 725 1740 762 pro-

141 774 265 811 vinciis
308 773 447 809 diversa
489 785 605 809 rerum
647 773 760 821 pretia
803 773 974 816 maxima,
1016 773 1206 808 secundum
1248 773 1520 820 proportionem
1566 773 1740 819 quandam

140 832 284 878 legibus
317 831 542 867 constitutam
583 842 649 879 pro
683 831 799 867 medio
831 832 906 867 sive
949 831 1081 867 sorensi
1123 831 1239 878 pretio
1282 831 1452 877 cuiusque
1483 830 1689 878 provinciae
1722 843 1740 866 a

141 889 405 937 magistratibus
439 889 638 926 delinienda
671 894 706 925 et
737 889 768 924 in
802 889 926 925 tabulis
959 889 1105 936 publicis
1140 889 1384 936 proponenda.
1427 889 1598 925 Numeros
1623 893 1740 924 autem

142 948 282 984 additos
324 947 472 983 maxima
515 959 631 984 rerum
673 947 788 995 pretia
827 948 859 983 in
893 948 991 983 ltalia
1025 952 1060 983 et
1091 947 1123 982 in
1157 947 1388 982 orientalibus
1430 947 1565 994 imperii
1605 946 1740 983 romani

139 1005 334 1055 provinciis
366 1006 475 1042 habet
507 1018 552 1041 ex
585 1008 648 1042 hac
680 1005 916 1053 proportione
949 1005 1158 1049 constituta3
1190 1017 1305 1051 neque
1339 1005 1464 1040 iisdem
1497 1005 1647 1041 numeris
1670 1006 1739 1041 dc-

139 1065 260 1101 narios
294 1064 479 1110 denotari,
510 1065 572 1100 sed
606 1076 714 1108 asses,
746 1064 802 1110 qui
836 1063 996 1110 quaterni
1028 1063 1229 1098 sestertium
1263 1064 1429 1098 efficiunt.
1476 1063 1596 1110 Neque
1628 1064 1739 1100 minus

115 1125 180 1158 'ut
218 1123 333 1170 pretia
373 1134 491 1158 rerum
532 1123 578 1158 ad
609 1123 826 1158 moderatam
859 1133 1055 1157 mensuram
1088 1121 1309 1172 redigantur„
1343 1125 1460 1156 notam
1494 1121 1522 1156 ’Μ
1555 1132 1624 1157 uon
1658 1132 1740 1158 mo-

141 1181 236 1217 dium
268 1181 332 1216 sed
364 1181 574 1217 medimnum
608 1180 771 1227 explicat.
820 1181 1007 1215 Praeterea
1042 1179 1080 1215 Κ.
1112 1180 1154 1215 ΙΙΙ.
1185 1179 1371 1224 intelligit:
1404 1178 1542 1214 Uarium
1566 1179 1741 1224 modium3

139 1239 177 1275 F.
209 1240 252 1275 M.
283 1239 437 1285 frygium
470 1239 544 1275 sive
576 1238 765 1286 phrygium
798 1238 951 1274 modum.
1000 1238 1130 1281 Quibus
1166 1238 1252 1273 haec
1285 1237 1551 1284 interpraetatio
1585 1237 1740 1274 difficul-

141 1298 273 1333 tatibus
307 1298 458 1341 taboret,
494 1308 563 1333 non
597 1297 720 1332 attinet
753 1297 892 1332 uberius
925 1296 1173 1331 demonstrari.
1219 1296 1326 1330 Multo
1359 1295 1507 1330 meliora
1530 1299 1566 1330 et
1587 1297 1740 1332 certiora

143 1355 241 1391 dedit
271 1355 503 1401 Borghesius,
539 1350 585 1405 (Ι.
619 1349 665 1405 Ι.)
700 1355 757 1401 qui
788 1354 918 1402 primns
950 1354 983 1389 in
1015 1355 1081 1389 hac
1113 1365 1215 1389 causa
1249 1354 1386 1390 ianuam
1418 1364 1526 1389 verae
1558 1349 1740 1402 interpie-

143 1413 286 1450 tationis
320 1413 501 1461 aperuisse
545 1414 696 1449 videtur.
752 1413 782 1448 Is
814 1412 923 1459 igitur
963 1413 1165 1447 asteriscum
1208 1423 1274 1459 pro
1309 1411 1455 1447 denario
1487 1411 1635 1460 accipit,
1677 1412 1740 1447 sed

141 1472 290 1509 denario
323 1483 446 1516 aereo,
479 1472 601 1519 quales
625 1471 805 1506 Valeriani
837 1475 871 1506 et
900 1470 1044 1505 Gallieni
1076 1475 1238 1517 tempore
1266 1470 1345 1505 cudi
1369 1474 1566 1518 coeperunt
1587 1474 1741 1517 quatuor

143 1530 274 1566 assaria
306 1530 488 1573 valentes,
533 1530 588 1576 qui
632 1529 742 1565 viceni
777 1528 936 1575 quaterni
979 1528 1158 1564 denarium
1202 1533 1410 1574 argenteum
1453 1528 1740 1576 aequiparabant.

144 1587 224 1631 Quo
256 1588 316 1633 fit,
359 1592 395 1623 nt
438 1588 603 1623 denarius
635 1587 668 1622 in
703 1588 770 1623 lioc
802 1586 917 1622 indice
960 1591 1099 1622 notatus
1143 1598 1186 1622 cx
1220 1587 1531 1631 Franco—gallicae
1574 1591 1739 1623 monetae

142 1645 283 1683 ratione
315 1647 359 1681 ad
392 1646 476 1681 duas
509 1645 719 1681 centesimas
754 1649 788 1680 ct
821 1645 993 1680 dimidiam
1027 1639 1134 1694 (272
1168 1639 1362 1694 centiines)
1387 1645 1581 1690 redigatur.
1613 1645 1738 1681 Notam
1769 1672 1772 1675 -

143 1694 176 1745 hol
206 1704 383 1749 modiu1n3
415 1708 533 1740 notam
565 1704 593 1739 l(
627 1694 654 1744 ᾖ
685 1707 898 1738 castrensem
932 1703 1108 1747 modium,
1141 1703 1197 1749 qui
1231 1703 1337 1749 duplo
1371 1702 1481 1738 maior
1513 1708 1587 1748 est,
1619 1703 1739 1750 Borg-

142 1761 260 1798 hesius
292 1763 553 1809 interpretatur.
615 1763 740 1797 Nolam
772 1762 829 1796 Fal
862 1761 1048 1807 legendam
1082 1765 1204 1796 censet
1235 1761 1304 1796 SM.
1336 1761 1356 1796 i.
1390 1773 1420 1797 e.
1452 1761 1737 1808 sesquimodium.

142 1821 214 1856 Nos
245 1820 279 1856 in
311 1825 410 1856 textu
443 1820 745 1868 repraesentando
779 1824 813 1855 et
845 1819 876 1854 in
911 1819 1138 1855 adnotatione
1171 1820 1347 1865 Angelum
1380 1812 1527 1864 Maium,
1568 1820 1602 1856 in
1644 1820 1736 1856 notis

143 1878 363 1926 explicandis
395 1878 628 1925 Borghesium
662 1878 848 1925 sequimur.

283 1960 367 1997 DD
401 1955 956 2009 AN.anpe1a10r.(aeem
999 1955 1040 1996 C.
1083 1956 1220 1995 Aure]
1269 1956 1302 1995 V
1301 1956 1352 1996 aL
1395 1956 1673 1997 Diocletianus
1703 1959 1739 1997 P.

141 2015 187 2055 F.
219 2015 307 2055 Inv
349 2016 451 2068 Aug]
495 2019 601 2055 Pont.
644 2016 746 2056 Max.
791 2015 921 2054 Germ
953 2014 1056 2054 Max.
1089 2014 1147 2053 VI.
1190 2015 1312 2055 S·n·.m
1343 2015 1445 2055 Max.
1487 2014 1560 2054 ΙΙΙΙ.
1592 2015 1739 2055 Persic.

142 2073 245 2114 Max
278 2073 319 2114 ΙΙ.
351 2074 459 2114 Britt.
492 2075 592 2114 Max
625 2073 786 2113 Arinen.
819 2073 922 2114 Max.
954 2072 1092 2112 Medic.
1126 2072 1225 2111 ΙΙἼΧ.
1256 2073 1483 2113 Adiabenic.
1507 2073 1609 2113 Max.
1633 2073 1738 2114 Trib.

140 2132 181 2172 P.
213 2131 343 2172 va
377 2133 488 2172 Coss.
521 2133 595 2172 VII.
626 2132 720 2184 imp.
753 2132 794 2171 P.
834 2132 871 2171 P
904 2131 1084 2171 Pxrooss

280 2190 328 2231 Et
366 2191 459 2243 Imp.
503 2190 615 2230 [lates.
658 2190 707 2230 M.
755 2189 894 2229 Aurel.
936 2189 1018 2229 Val.
1056 2189 1311 2229 Maximianus
1353 2189 1391 2228 P.
1433 2189 1474 2229 F.
1515 2189 1593 2229 Iov,
1634 2189 1738 2244 Aug.

143 2248 258 2289 Pont.
290 2248 393 2289 Max.
429 2249 561 2289 Germ.
594 2249 700 2289 Max.
733 2249 776 2288 V.
811 2248 934 2290 Sarm
968 2247 1080 2287 Mem:
1111 2247 1207 2286 Jffl.
1240 2247 1393 2286 Persic.
1426 2246 1540 2287 Max.
1562 2247 1616 2287 II.
1638 2235 1740 2288 Brit.

143 2305 260 2346 Mam.
291 2306 495 2346 Armenio.
528 2306 640 2346 Maoe.
673 2306 818 2346 Medic.
851 2306 967 2345 Maza.
1011 2305 1204 2345 Adiaben.
1247 2305 1360 2345 Max.
1398 2304 1504 2345 Trib.
1546 2306 1586 2345 P.
1627 2306 1740 2346 XVII.

142 2363 253 2404 Coss.
286 2364 348 2405 VI.
380 2364 472 2418 Imp.
506 2364 619 2404 XVII.
651 2377 686 2417 p.
721 2377 755 2417 p.
788 2365 974 2405 Procoss.

281 2422 330 2463 Et
361 2423 440 2463 Fla.
474 2423 554 2462 Val.
590 2423 841 2463 Constantius
873 2422 1003 2462 Germ.
1037 2422 1139 2462 Max.
1172 2422 1213 2461 ΙΙ.
1242 2421 1362 2461 Sarm.
1394 2421 1496 2462 Max.
1528 2420 1571 2461 ΙΙ.
1596 2422 1741 2462 Persic.

143 2479 249 2521 Max.
284 2480 326 2520 ll.
359 2480 467 2520 Britt.
501 2481 604 2520 Max.
637 2481 756 2521 Sarm.
790 2481 891 2521 Max.
923 2479 1120 2520 Armenio.
1162 2480 1265 2520 Max.
1298 2479 1438 2520 Medic.
1480 2479 1583 2520 Max.
1615 2479 1740 2520 Adia-

147 2540 240 2579 hen.
272 2539 375 2579 Max.
410 2539 514 2579 Trib.
547 2539 585 2578 P.
618 2538 725 2579 VllII.
758 2539 868 2579 Coss.
899 2537 956 2578 ΙΙΙ.
989 2538 1112 2579 Nobit.
1145 2538 1256 2585 Caes.

282 2597 341 2637 Et.
376 2596 417 2637 C.
451 2597 532 2636 Val.
564 2597 821 2637 Maximianus
865 2596 991 2637 Germ.
1024 2596 1127 2636 Max.
1171 2597 1213 2636 ΙΙ.
1245 2595 1369 2637 Sarm.
1413 2595 1527 2636 Max.
1558 2596 1612 2637 II.
1632 2596 1740 2637 Per-

146 2655 217 2695 sic.
250 2654 364 2695 Max.
396 2654 452 2695 11.
482 2655 598 2695 Brut.
631 2655 744 2695 Max.
776 2654 979 2694 Armenio.
1013 2654 1125 2695 Max.
1158 2654 1299 2695 Medic.
1332 2654 1445 2695 Max.
1468 2654 1613 2695 Adiab.
1634 2654 1737 2695 Max.

144 2713 248 2754 Trib.
280 2714 320 2753 P.
353 2712 461 2753 VIIII.
495 2713 606 2753 Coss.
639 2712 680 2754 ΙΙ.
713 2713 847 2753 Nobil..
873 2713 984 2753 Caes.

866 2782 1021 2822 Dicunt:

283 2852 493 2893 Fortunam
524 2853 582 2893 rei
613 2853 792 2905 publicae
818 2857 990 2904 nostrae,
1021 2853 1083 2894 cui
1116 2853 1223 2893 iuxta
1250 2852 1486 2893 immortales
1515 2851 1611 2893 deos
1647 2852 1739 2893 bcl-
1784 2896 1791 2903 ‚

150 2921 261 2950 orum
297 2913 487 2953 memoria
520 2924 621 2964 quae
651 2910 819 2953 feliciter
849 2912 1046 2965 gessimus
1078 2907 1264 2965 gratulari
1295 2911 1399 2963 licet,
1430 2910 1638 2964 tranquillo
1667 2923 1739 2952 or-

282 2996 300 3013 l
