1887 3324
127 181 181 220 26

209 291 261 330 N.
291 290 406 330 ¹767.
429 305 465 333 a.
514 291 650 330 Fastis
674 291 984 344 municipalibus
1017 290 1227 330 addendos
1255 303 1345 330 esse
1366 290 1493 331 fastos
1515 289 1744 344 Capuanos,

126 349 206 387 iam
227 348 364 386 monui
382 347 723 396 Handb.11.290‚
744 362 844 401 quos
863 354 1079 400 postquam
1102 348 1152 386 A.
1163 347 1231 386 W.
1245 347 1454 400 Zumptius
1466 349 1507 386 in
1518 345 1745 387 Comment.

127 405 253 456 epigr.
272 403 305 442 I.
328 417 367 456 p.
391 405 415 443 3
437 417 551 457 seqq.
573 405 770 456 explicuit
802 410 843 443 et
874 404 1071 452 restituit,
1106 403 1157 443 de
1181 405 1338 456 origine
1362 417 1500 443 eorum
1524 410 1565 442 et
1585 404 1745 443 restitu-

126 461 236 499 tione
259 461 540 512 quaestionem
564 460 746 513 cupidius
770 474 889 513 quam
912 474 986 512 par
1009 467 1070 498 est
1090 461 1281 500 tractavit
1305 459 1609 499 Mommsenius.
1668 458 1746 498 Cn·

125 517 186 555 ius
217 515 380 569 quidem
416 523 461 556 ut
497 518 619 555 etiam
639 517 802 570 Equitis
825 516 875 555 de
898 517 1017 555 Rossi
1040 516 1091 555 de
1113 517 1174 555 his
1197 516 1311 555 fastis
1338 517 1488 568 scripta
1506 516 1745 556 Henzenius

125 572 178 611 ad
201 571 324 611 Orell.
339 587 375 611 n.
391 575 483 612 611.
499 573 680 611 Vol.IIl.
695 574 797 626 p.56
821 581 1011 611 accurate
1034 586 1286 619 enumerans,
1310 586 1379 612 eur
1399 573 1576 624 Zumptii
1597 573 1748 624 scripta

125 628 177 667 ad
196 630 438 668 sententiam
459 643 570 668 suam
593 628 893 668 defendendam
918 628 1028 667 edita
1051 642 1366 668 commemorare
1387 629 1557 676 omittat,
1580 626 1747 667 difficile

126 691 188 724 est
210 685 429 724 intellectu.
467 686 561 724 Non
584 692 720 737 potest
743 685 793 724 de
816 686 892 724 hac
916 699 1038 724 eausa
1062 685 1233 724 iudicari
1256 686 1330 723 nisi
1353 684 1625 724 adhibeantur
1644 683 1746 723 haec

125 741 173 780 A.
197 741 263 780 W.
292 741 469 794 Zumptii
490 744 661 794 scripta:
686 742 751 781 De
773 742 968 781 fastorum
993 742 1297 794 municipalium
1321 740 1618 794 Campanorum
1642 740 1746 792 frag-

125 803 260 837 mento
289 797 487 846 defensio,
511 797 678 848 (inserta
699 799 988 851 programmati
1004 796 1508 850 Gymnasiisserolinensis
1519 795 1747 836 Friderico-

123 854 416 893 Wilhelmiani.
440 855 590 893 Berlin.
616 856 736 893 1853.
761 856 813 893 36
836 869 956 907 pagg.
983 852 1038 903 4.)
1064 862 1125 893 et:
1150 855 1213 892 De
1235 854 1432 892 fastorum
1446 851 1747 905 municipalium

125 910 423 1006 ngatfflpZnorunr
454 911 681 963 fragmento
715 910 766 949 ad
790 912 835 950 C.
861 912 905 950 B.
929 911 980 949 de
1003 911 1134 949 Rossi.
1159 910 1344 963 Epistola
1367 911 1518 949 critica.
1554 908 1748 949 Berolini.

208 1035 273 1074 Ad
296 1034 456 1074 Delect.
476 1033 514 1085 ξ.
547 1035 606 1073 10.
627 1049 665 1087 p.
688 1034 780 1073 385.
813 1035 916 1073 Acta
946 1035 1220 1086 collegiorum.

213 1092 264 1130 N.
290 1093 410 1130 1768.
433 1091 558 1141 Legis
582 1091 634 1130 (le
653 1093 854 1143 magistris
879 1105 1071 1143 aquarum
1093 1092 1363 1139 fragmentum
1383 1096 1474 1142 post
1495 1088 1749 1129 Rudorfl'mm

125 1147 258 1187 denuo
289 1148 482 1186 tractavit
502 1148 728 1186 Mommsen
743 1148 858 1186 Rom.
875 1146 1112 1193 l’rkunden,
1137 1148 1374 1199 inb'avigny
1386 1145 1749 1198 Zeitsch.f.ge.seh.

122 1204 171 1243 R.
189 1204 255 1243 W.
288 1206 407 1243 1850.
431 1204 505 1242 Bd.
528 1204 622 1242 XV.
646 1218 737 1257 pag.
759 1205 852 1242 345.

206 1272 319 1311 Actis
350 1272 612 1323 collegiorum
633 1272 924 1311 adnumerandi
949 1280 1039 1310 sunt
1059 1271 1097 1310 111
1121 1271 1203 1309 bini
1228 1271 1355 1309 tituli:
1388 1270 1632 1323 Exemplum
1666 1270 1747 1322 epi·

123 1329 254 1367 stulae
275 1328 371 1367 Sex.
393 1328 497 1367 Fadi
522 1328 697 1367 Secundi
720 1328 771 1366 ad
796 1329 1007 1378 collegium
1030 1327 1187 1366 fabrum
1211 1327 1550 1374 Narbonensium,
1573 1340 1661 1365 cum
1682 1325 1749 1365 de-

125 1391 234 1424 creto
258 1384 374 1423 huius
397 1385 569 1435 collegii,
595 1386 708 1423 euius
731 1385 834 1423 tituli
856 1394 1011 1436 partem
1034 1385 1182 1436 primus
1207 1383 1333 1422 edidit
1358 1383 1404 1421 F.
1428 1382 1584 1421 Artaud
1608 1384 1646 1421 in
1666 1382 1749 1421 Me.-

124 1441 272 1479 moires
295 1441 347 1479 de
369 1441 408 1480 la
431 1442 593 1480 Sor-iet&
616 1442 687 1480 des
711 1442 960 1493 antiquaires
984 1440 1034 1478 de
1060 1441 1229 1478 France.
1257 1441 1375 1479 1826.
1401 1439 1451 1478 Τ.
1477 1439 1571 1477 VII.
1594 1453 1632 1492 p.
1656 1440 1750 1477 244.

123 1497 282 1550 reliqua
301 1498 526 1536 Mommsen
549 1499 588 1536 in
610 1497 714 1536 Bull.
739 1497 823 1535 lnst
861 1497 964 1535 areli.
989 1499 1105 1535 1⁸53.
1130 1510 1164 1548 p.
1187 1499 1250 1534 27.
1277 1495 1384 1534 unde
1404 1496 1575 1534 Henzen
1604 1496 1750 1547 repeti-

122 1554 183 1592 vit
205 1553 312 1606 apud
335 1553 457 1593 Orell.
478 1568 513 1591 n.
541 1555 671 1601 7215;
702 1560 808 1591 tum:
841 1553 987 1591 Album
1013 1553 1190 1604 eorporis
1215 1552 1534 1590 tabernariorum
1559 1551 1609 1589 ad
1628 1551 1751 1590 Area-

125 1609 181 1648 dii
202 1609 375 1648 Honorii
398 1617 574 1648 aetatem
596 1610 804 1662 pertinens
835 1609 1072 1661 insculptum
1099 1609 1138 1646 111
1168 1608 1305 1646 tabula
1333 1621 1560 1646 marmorea
1590 1614 1752 1666 reperta

125 1679 228 1705 anno
252 1667 359 1709 1854
379 1666 534 1705 Romae
559 1666 609 1704 ad
635 1665 862 1703 Pantheum
886 1666 939 1703 M.
965 1665 1191 1716 Agrippae,
1226 1663 1334 1716 quod
1353 1663 1448 1702 nihil
1472 1664 1557 1702 fere
1581 1664 1657 1701 nisl
1680 1677 1748 1701 no—

123 1723 231 1761 mina
255 1723 435 1761 continet
455 1722 505 1760 ab
527 1722 740 1760 Henzenio
763 1721 914 1759 editum
942 1720 1049 1773 apud
1075 1720 1196 1758 ()rell.
1217 1735 1252 1758 n.
1274 1722 1393 1758 7215.
1418 1733 1451 1758 a.
1473 1734 1510 1772 p.
1533 1721 1626 1758 458.

209 1789 273 1827 Ad
297 1788 332 1839 ξ.
362 1792 422 1828 11.
445 1789 633 1828 Tabulae
661 1790 914 1838 negotiorum
940 1788 1178 1826 solemnium
1202 1802 1237 1839 p.
1262 1788 1354 1825 391.

207 1845 257 1884 N.
283 1847 400 1884 1777.
445 1845 717 1897 Scriptoribus
741 1844 790 1882 (1(-
823 1845 958 1882 tabula
988 1845 1242 1882 alimentaria
1263 1843 1431 1881 Traiani
1468 1841 1559 1881 add.
1587 1842 1753 1894 Desjar-

124 1900 213 1940 dins
237 1902 301 1939 De
325 1901 471 1940 tabulis
497 1902 773 1940 alimentariis.
798 1901 923 1939 Paris.
951 1903 1067 1938 1854.

212 1969 261 2007 N.
291 1971 410 2007 1778.
435 1969 637 2007 Tabulam
670 1969 965 2007 alimentariam
988 1968 1180 2019 Ligurum
1200 1966 1498 2005 Baebianomm
1516 1966 1756 2005 Mommsen.

129 2023 258 2064 edidit
280 2025 403 2064 Inser.
424 2026 585 2078 Neapol
623 2040 645 2063 n
683 2027 787 2063 1:354
813 2026 981 2077 eiusque
1007 2024 1235 2076 exemplum
1257 2024 1440 2076 sequitur
1456 2023 1630 2061 Henzen
1647 2021 1754 2075 apud

126 2080 248 2121 Orell.
271 2096 309 2120 n.
336 2083 455 2121 6664.
516 2082 581 2120 Ab
616 2083 730 2120 initio
765 2082 830 2119 lin.
857 2083 890 2119 3.
917 2081 1076 2119 Delect.
1101 2087 1190 2132 post
1219 2084 1386 2130 Ligna-«s
1413 2082 1615 2117 Baebiana·
1636 2078 1751 2131 lege:

126 2145 162 2177 et
192 2141 432 2177 Corneliani
457 2144 563 2177 und(
589 2146 665 2177 eet.
699 2151 790 2175 nam
813 2138 984 2189 Ligures
1008 2137 1205 2175 Baebiani
1230 2144 1269 2174 et
1292 2135 1547 2182 Corneliani,
1584 2135 1752 2173 Momm-

125 2195 237 2233 senio
263 2194 449 2241 docente,
475 2195 656 2233 eiusdem
681 2202 770 2232 sunt
795 2195 852 2232 rei
877 2193 1075 2245 publicae,
1100 2207 1203 2245 quae
1228 2192 1278 2230 ab
1293 2200 1464 2244 utroque
1486 2191 1661 2230 Consule
1686 2191 1753 2243 qui

127 2264 217 2289 eam
243 2249 414 2289 deduxit
448 2251 567 2290 modo
593 2250 925 2290 Cornelianorum
948 2258 987 2287 et
1016 2249 1313 2287 Baebianorum
1346 2261 1493 2286 nomen
1520 2248 1747 2299 sumpserit,

125 2305 245 2345 modo
279 2306 330 2345 ab
361 2307 554 2346 alterutro
579 2307 643 2346 vel
671 2306 1004 2344 ('0rnelianorum
1029 2306 1093 2344 vel
1118 2304 1418 2343 Baebianorum
1453 2303 1658 2356 appellata
1689 2303 1752 2342 sit.

127 2362 298 2402 Omnem
322 2363 520 2416 reliquam
543 2363 730 2402 lectionis
753 2362 1031 2400 diversitatem
1054 2362 1265 2414 persequi.
1299 2359 1398 2399 nihil
1420 2361 1577 2406 attinet,
1602 2373 1690 2398 cum
1714 2360 1754 2398 in

127 2419 305 2458 Delectu
337 2420 496 2458 nonnisi
528 2428 685 2472 partem
718 2419 834 2457 liuius
872 2418 1126 2456 instrumenti
1155 2417 1418 2456 formularum
1452 2414 1752 2468 cognoscenda·

128 2489 217 2514 rum
248 2488 369 2514 causa
397 2475 592 2515 dederim.

214 2542 265 2581 N.
295 2541 409 2582 1779.
440 2542 506 2582 Ad
531 2542 664 2581 Flavii
686 2542 908 2595 Syntroplii
933 2543 1245 2581 instrumentum
1259 2540 1549 2578 Mommsenius
1569 2537 1755 2589 (Bericht

130 2597 156 2636 d
193 2598 320 2638 siichs.
345 2598 441 2639 Ges.
465 2598 503 2638 d.
526 2599 588 2636 W.
608 2594 735 2637 1849.
757 2599 873 2637 Toni.
895 2599 913 2637 I
950 2613 984 2650 p.
1009 2597 1108 2642 2288)
1141 2598 1275 2635 varias
1306 2596 1504 2634 lectiones
1527 2608 1579 2633 ex
1600 2592 1753 2634 Castel-

130 2653 217 2693 linii
240 2655 428 2708 exemplo
452 2654 601 2702 edidit,
635 2662 757 2708 atque.
788 2655 1059 2707 fragmentum
1090 2653 1340 2691 monumenti
1363 2652 1488 2704 ipsius
1511 2651 1587 2690 etsi
1609 2663 1754 2703 pauco-

133 2722 221 2749 rum
252 2724 441 2750 versuum
462 2711 617 2751 Romae.
651 2712 690 2750 in
721 2710 887 2763 gallen-ia
910 2710 1107 2763 lapidaria
1130 2723 1152 2747 a
1177 2723 1220 2747 se
1245 2710 1453 2747 inventum
1481 2719 1569 2746 esse
1591 2705 1756 2745 indicat.

135 2764 288 2805 Variae
320 2767 518 2807 lectiones
553 2781 603 2806 ex
637 2774 809 2820 utroque
847 2768 958 2806 fonte
981 2766 1136 2819 petitae
1159 2765 1324 2805 levioris
1347 2771 1440 2803 suut
1459 2763 1673 2808 momenti,
1705 2761 1756 2801 ab

136 2820 350 2861 Henzenio
375 2823 483 2875 apud
496 2823 619 2864 Orell.
634 2825 785 2862 11.73:21
813 2823 991 2862 additae.
1024 2821 1182 2861 Ibidem
1205 2836 1302 2860 vero
1325 2819 1525 2873 quaedam
1547 2832 1570 2858 a
1590 2818 1758 2857 Momm·

139 2877 252 2917 senio
293 2879 599 2919 emendationes
641 2879 1012 2932 supplementorum
1046 2877 1431 2917 Huschkeianorum
1469 2881 1759 2928 proponuntur,

143 2945 244 2986 quas
269 2934 307 2973 h.
329 2933 350 2971 l.
377 2935 608 2975 adscribere
640 2936 798 2989 placet:
837 2936 1096 2975 Instrument.
1132 2934 1188 2972 lin
1224 2937 1286 2972 11.
1317 2933 1475 2971 Delect.
1507 2945 1578 2983 pro
1608 2945 1759 2971 outnu-

142 2993 259 3029 m'issi
282 2997 402 3029 eruut
425 2990 738 3031 Mommsenius:
774 2996 972 3031 honorati
993 2989 1061 3030 vel
1083 2993 1292 3029 nominati
1314 2986 1593 3028 (rann—lin.
1617 2988 1681 3025 21.
1704 2986 1760 3025 ita

144 3049 191 3085 ut
210 3043 305 3086 huic
323 3045 524 3087 voluntati
541 3055 742 3098 par-cutes
763 3053 941 3088 deductu
965 3061 1123 3087 samma
1146 3047 1367 3099 impensae.
1381 3074 1410 3084 ..
1434 3045 1538 3083 inter
1558 3057 1632 3084 vos
1652 3045 1760 3082 diro·-
