1877 3313
366 144 395 186 ἓ.
423 143 456 177 8.
511 143 657 178 Tabulae
681 142 864 177 historicae
889 144 1089 178 auctoritate
1114 144 1248 189 publica
1272 147 1428 192 scriptae.
1618 146 1702 190 363

230 248 415 290 Omnium
446 251 736 303 provinciarum
767 250 900 305 populi
931 251 1108 300 romani,
1151 253 1292 305 quibus
1324 253 1507 295 finitimae
1538 253 1701 296 fuerunt

91 312 257 361 gentes,
296 321 400 362 quae
432 308 604 349 nonduin
636 314 826 362 parerent
856 310 1022 362 imperio
1056 315 1215 362 nostro,
1258 311 1358 353 sines
1391 314 1498 354 auxi.
1556 313 1699 354 Gallias

91 373 130 407 ct
172 367 377 421 Hispanias
409 369 632 420 morineias
665 380 877 421 quousque
910 381 978 409 cas
1011 368 1117 410 alluit
1150 369 1334 412 Oceanus
1365 369 1407 425 ,la
1440 372 1610 413 Gadibus
1649 373 1700 413 ad

92 427 234 466 ostium
267 427 378 467 Albis
411 427 579 467 fluminis
611 431 651 466 et
683 439 784 479 quae
816 427 1014 480 pertinent
1047 441 1067 467 a
1100 429 1268 480 regione
1300 443 1346 470 ea
1380 443 1481 483 quae
1503 444 1698 484 proxuma

90 489 150 524 est
179 484 379 527 Hadriano
410 486 509 528 mari
539 485 587 526 ad
619 485 793 526 Tuscum
825 487 1052 538 composui,
1092 488 1186 528 nulii
1218 490 1325 542 genti
1358 489 1459 530 beiio
1490 502 1563 543 per
1593 491 1701 531 iniu-

89 544 186 583 riam
218 545 337 585 illato.
379 544 524 585 Classis
555 556 719 585 romana
750 545 798 584 ab
841 545 944 585 ostio
976 544 1103 585 Rheni
1145 546 1193 586 ad
1232 547 1329 588 solis
1361 549 1526 590 orientis
1557 550 1700 603 regio—

89 614 179 642 nem
213 615 340 656 usque
371 603 420 644 ad
454 603 562 644 orbis
595 608 776 643 extrema
808 604 1020 657 navigavit,
1053 617 1131 656 quo
1164 618 1295 658 neque
1319 611 1423 647 terra
1446 620 1578 660 neque
1603 609 1701 648 mari

89 662 297 714 quisquam
329 662 596 702 Romanorum
628 667 719 702 ante
751 661 788 701 id
830 667 984 715 tempus
1016 663 1105 703 adit.
1168 664 1391 718 Cimhrique
1423 671 1461 706 et
1495 667 1700 708 Charudes

62 720 127 760 'et
158 720 379 762 Semnones
411 726 450 761 et
482 720 661 761 eiusdem
696 726 842 761 tractus
875 721 937 761 alii
970 721 1257 763 Germanormn
1290 725 1421 777 populi
1448 738 1520 778 per
1541 725 1696 779 legatos

88 779 294 820 amicitiam
327 792 453 820 meam
486 785 526 820 et
556 779 691 833 populi
722 779 889 820 Romani
921 781 1133 833 petierunt.
1204 782 1295 823 Meo
1328 784 1436 824 iussu
1481 789 1520 824 et
1561 785 1699 837 auspi-

88 838 150 878 cio
182 837 287 878 ducti
319 843 412 879 sunt
444 838 520 879 duo
554 839 759 878 exercitus
791 838 933 880 eodem
966 838 1053 879 fere
1096 846 1275 893 tempore
1308 842 1345 881 in
1378 843 1628 896 Aethiopiam
1660 848 1699 884 et

86 896 125 936 in
156 897 365 948 Arabiam,
407 910 508 953 quae
552 897 600 937 ad
633 897 670 937 id
703 903 859 951 teinpus
892 911 912 938 a
956 899 1064 939 nullo
1106 912 1276 953 unquam
1321 906 1387 942 aut
1427 901 1593 942 Romani
1635 907 1702 942 aut

87 955 183 997 atius
214 956 351 1010 popuii
382 957 562 997 exercitu
594 957 746 996 invisae
779 963 883 997 sunt.
946 957 987 997 in
1012 957 1179 998 Siciliam
1213 990 1696 1001 ............

66 1017 68 1019 ’
226 1015 457 1069 Acgvptum
489 1014 624 1081 populi
666 1017 816 1055 romani
849 1015 974 1056 adieci
1015 1017 1191 1070 imperio.
1249 1018 1476 1059 Armeniam
1509 1020 1699 1060 maiorem

89 1073 304 1114 interfecto
337 1086 436 1128 rege
468 1076 554 1114 eius
585 1074 751 1114 Artaxia
785 1088 872 1115 cum
906 1087 1067 1128 possem
1102 1073 1367 1129 [provinciam
1400 1077 1548 1128 facere,
1579 1078 1699 1119 malui

89 1133 281 1174 maiorum
315 1138 543 1173 nostrorum
586 1133 770 1186 exemplo
813 1147 865 1173 ι(
863 1147 981 1183 >num
1027 1134 1064 1174 id
1097 1134 1143 1174 ad
1187 1135 1424 1190 Tigranem,
1465 1136 1698 1179 Artavasdis

86 1192 226 1242 fitium,
257 1189 464 1246 nepotem]
499 1192 656 1245 Tigrani
649 1204 680 1231 is
712 1193 844 1247 regis,
886 1205 958 1246 pii
990 1193 1072 1233 sib.
1109 1174 1352 1246 [Neronem,
1396 1195 1461 1246 qui
1503 1200 1581 1236 tum
1614 1201 1700 1236 erat

85 1251 289 1305 privignus
332 1248 765 1305 1nous,uansfciret.
829 1251 1002 1292 Eandem
1042 1257 1203 1306 genttm
1245 1258 1382 1306 postea
1426 1255 1699 1308 insurgentem

86 1315 127 1350 et
157 1309 433 1376 rebellantem,
465 1309 648 1350 domitam
683 1322 754 1362 per
786 1309 936 1361 Gaium,
968 1310 1087 1351 filium
1120 1323 1272 1363 meum,
1304 1313 1392 1366 regi
1425 1312 1697 1365 Ariobarzani,

84 1369 195 1423 regis
227 1367 433 1410 Medorum
464 1367 697 1409 Artavasdis
729 1368 822 1419 filio,
854 1368 1071 1422 regendam
1105 1370 1244 1410 tradidi
1276 1375 1315 1411 et
1345 1376 1435 1437 post
1468 1372 1554 1412 eius
1585 1385 1699 1414 mor-

84 1433 165 1469 tem
195 1427 275 1469 silio
308 1429 394 1468 eius
426 1423 764 1480 Artavasdi,1uo
796 1428 940 1468 interl
930 1433 1010 1469 cto
1043 1428 1269 1482 Tigranem,
1303 1431 1369 1483 qui
1395 1435 1478 1471 erat
1501 1443 1553 1471 ex
1583 1432 1697 1484 regio

84 1499 238 1541 genere
268 1485 550 1528 Armeniorum
584 1486 801 1537 oriundus,
843 1487 881 1527 in
913 1486 951 1527 id
983 1500 1154 1540 regnum
1185 1489 1284 1529 misi.
1346 1489 1575 1530 Provincias
1609 1503 1700 1531 om-

85 1547 159 1592 nis,
192 1558 294 1599 quae
327 1551 436 1586 trans
468 1545 707 1586 Hadrianum
740 1558 849 1586 mare
882 1552 1052 1601 vergunt
1096 1546 1145 1587 ad
1187 1548 1381 1589 orientem
1424 1548 1699 1602 Cyrenasque,

82 1605 157 1645 iam
191 1618 243 1646 ex
272 1609 383 1658 parte
414 1617 556 1657 magna
588 1605 753 1658 regibus
787 1617 855 1645 eas
886 1605 1206 1659 possidentibus,
1238 1612 1278 1648 et
1308 1612 1423 1650 antea
1455 1608 1626 1651 SiciIIam
1660 1614 1700 1650 et

83 1664 298 1706 Sardiniam
333 1669 547 1718 occupatas
579 1663 684 1704 bello
717 1664 852 1704 serviti
883 1665 1117 1719 reciperavi.

223 1734 404 1776 Cotonias
426 1736 465 1775 in
486 1734 635 1786 Africa,
667 1735 808 1785 Sicilia,
841 1735 1088 1785 Macedonia,
1120 1741 1289 1790 utraque
1310 1737 1505 1791 Hispania,
1537 1737 1697 1790 Achaia,

79 1793 199 1846 Asia,
240 1794 379 1847 Syria,
421 1793 541 1834 Gallia
574 1793 846 1846 Narbonensi,
879 1794 1018 1835 Pisidia
1051 1796 1211 1836 miiitum
1253 1796 1410 1837 deduxi.
1472 1797 1577 1838 ltalia
1620 1811 1695 1839 au-

80 1857 158 1893 tem
190 1853 379 1903 colonias,
414 1865 514 1904 quae
546 1853 636 1893 vivo
670 1866 732 1893 me
766 1853 1052 1894 celeberrimae
1085 1860 1124 1895 et
1155 1854 1501 1908 frequentissimae
1521 1856 1696 1908 fuerunt,

81 1912 159 1952 duo
192 1911 241 1951 de
275 1912 434 1966 triginta
468 1911 658 1953 deductas
691 1912 819 1953 habet.

221 1982 341 2036 Signa
372 1981 552 2022 militaria
585 1983 790 2036 complura
823 1996 895 2037 per
927 1984 1024 2024 aiios
1057 1983 1179 2025 duces
1202 1985 1347 2026 amissa
1370 1984 1534 2026 devictis
1565 1986 1696 2027 hosti—

79 2042 154 2082 bus
186 2043 322 2095 recepi
364 2053 416 2081 ex
456 2041 643 2094 Hispania
686 2048 725 2083 ct
770 2042 889 2083 Gallia
932 2047 969 2082 et
1010 2056 1032 2084 a
1073 2042 1300 2084 Dalmateis.
1372 2044 1537 2085 Parthos
1579 2048 1695 2086 trium

79 2101 328 2141 exercituum
360 2112 615 2140 romanorum
658 2102 783 2154 spotia
827 2107 865 2141 et
908 2103 1024 2155 signa
1064 2101 1236 2142 reddere
1278 2102 1370 2143 mihi
1411 2104 1694 2157 supplicesque

79 2159 288 2200 amicitiam
319 2160 452 2213 popuii
483 2161 637 2200 romani
669 2166 809 2213 petere
841 2163 981 2215 coegi:
1024 2173 1070 2201 ea
1099 2165 1230 2201 autem
1272 2162 1386 2216 signa
1418 2164 1456 2203 in
1489 2164 1693 2216 penetrati,

79 2217 186 2272 quod
219 2223 282 2258 est
316 2219 354 2259 in
387 2219 532 2272 tempto
565 2219 700 2260 Martis
732 2219 891 2271 Ultoris,
923 2221 1101 2272 reposui.

217 2289 512 2330 Pannoniorum
543 2295 714 2344 gentes,
749 2303 848 2344 quas
880 2295 970 2331 ante
1003 2303 1065 2331 me
1106 2291 1324 2344 principem
1366 2292 1499 2345 populi
1541 2294 1693 2333 romani

77 2347 278 2388 exercitus
310 2361 511 2401 nunquam
542 2349 644 2399 adit,
688 2349 860 2390 devictas
903 2362 975 2402 per
1007 2349 1089 2389 Tib.
1133 2349 1334 2391 Neronem
1378 2353 1442 2403 qui
1485 2357 1565 2393 tum
1607 2356 1694 2393 erat

75 2407 281 2460 privignus
313 2419 427 2448 meus
461 2412 500 2447 et
531 2408 710 2461 legatus,
743 2409 909 2462 imperio
952 2408 1087 2461 populi
1117 2410 1270 2450 romani
1302 2410 1477 2459 subieci;
1520 2410 1691 2464 protuli-

77 2477 156 2518 que
186 2465 286 2506 fines
318 2465 460 2520 Itlyrici
492 2467 540 2506 ad
572 2467 660 2508 istri
690 2468 858 2508 fluminis
889 2467 1029 2520 ripam,
1062 2468 1120 2508 cis
1154 2467 1262 2520 quod
1293 2468 1490 2510 Dacorum
1524 2482 1691 2522 magnus

76 2525 280 2565 exercitus
313 2526 409 2566 meis
451 2526 624 2579 auspicis
666 2526 904 2580 profligatus
947 2530 1031 2577 est,
1073 2528 1356 2580 exercitusque
1396 2541 1508 2568 meus
1549 2533 1691 2581 postea

77 2581 220 2625 ductus
253 2588 361 2625 trans
392 2584 534 2625 Istrum
574 2585 719 2626 flumen
752 2585 949 2626 Dacorum
991 2590 1135 2639 gentes
1166 2586 1328 2639 imperia
1370 2587 1506 2641 popuii
1536 2588 1689 2628 romani

77 2641 260 2695 perferre
292 2645 445 2698 coegit.

214 2712 277 2753 Ad
309 2725 372 2754 me
404 2727 457 2754 ex
487 2713 594 2755 India
625 2727 766 2768 regum
800 2714 1022 2768 legationes
1055 2728 1178 2769 saepe
1211 2717 1354 2757 missae
1375 2720 1467 2757 sunt
1489 2728 1687 2784 nunquam

79 2775 196 2811 antea
228 2773 338 2813 visae
369 2773 473 2827 apud
508 2785 744 2826 quemquam
775 2773 1043 2815 Romanorum
1082 2776 1311 2829 principem.
1372 2775 1557 2816 Nostram
1589 2778 1693 2817 ami-

79 2830 212 2870 citiam
243 2832 444 2884 petierunt
474 2845 547 2885 per
579 2833 736 2886 legatos
753 2832 970 2874 Bastarnae
1002 2838 1042 2873 et
1072 2834 1242 2888 Scythae
1274 2839 1313 2874 et
1344 2834 1608 2876 Sarmatarum
1632 2837 1690 2877 eis

76 2886 238 2929 Tanaim
270 2890 432 2932 fluvium
465 2891 707 2944 Tanaimque
738 2891 838 2933 ultra
867 2904 1003 2947 reges,
1035 2892 1359 2946 Albanorumque
1390 2905 1467 2934 rex
1496 2897 1536 2934 et
1564 2894 1690 2937 Hibe-

76 2955 212 2987 rorum
241 2952 282 2989 et
311 2948 521 2991 Medorum
552 2962 687 3005 reges
