1877 3313
415 125 444 166 ξ.
474 125 524 159 12.
572 123 786 159 Testamenta
812 128 847 157 ct
871 127 1150 158 testamentorum
1175 129 1299 170 partes.
1570 122 1653 165 411

57 244 107 272 ne
140 231 345 284 fiducient,
388 244 439 273 ne
478 231 674 283 vendant,
714 242 818 272 neve
850 229 925 270 alio
958 241 1036 283 quo
1066 243 1218 285 genere
1248 231 1287 272 id
1317 231 1542 286 sepulcrum
1574 231 1659 273 sive

55 296 351 332 monumentum
397 294 458 332 est
497 291 671 331 alienare
707 289 775 330 ulli
816 293 994 342 potestas
1034 290 1095 330 sit.
1149 291 1194 331 H.
1236 291 1285 332 M.
1317 290 1362 331 Η.
1394 290 1440 331 N.
1474 290 1512 333 S.
1532 287 1568 345 ¹)
1604 314 1654 320 —-

55 353 198 389 Romae.
263 353 399 389 Gruter.
431 364 465 400 p.
501 351 595 388 638.
628 363 648 388 e
680 351 801 387 Smetii
833 350 912 386 cod.
946 356 1087 399 mscrpt.
1135 352 1409 399 Spangenberg.
1441 363 1474 400 p.
1508 351 1602 388 387.

198 445 318 482 1802.
378 443 425 483 D.
455 443 503 483 M.
528 442 624 483 Aur.
651 441 908 483 Maximianus
936 441 1031 483 Aur.
1058 442 1291 496 Olympiadi,
1318 443 1366 483 fil.
1399 441 1657 492 dulcissimae,

56 514 156 554 quae
190 503 266 542 vix.
300 514 389 542 ann.
422 501 540 541 XXII.
573 501 623 542 Μ.
656 501 705 541 Χ.
737 501 782 540 D.
820 499 994 541 XXXVI.
1039 507 1078 542 et
1117 502 1312 543 Publiciae
1349 501 1601 555 Carpodorae
1615 498 1656 555 ²)

55 561 139 602 cius
172 565 210 600 et
241 561 303 601 lib.
337 560 592 612 libertabusq.
624 560 705 600 suis
738 560 949 612 posterisq.
982 571 1119 601 eorum
1150 561 1190 600 F.
1212 557 1251 614 3)

193 636 231 677 Si
263 636 351 688 quis
383 635 463 676 hoc
495 636 719 688 sepulcrum
747 635 810 675 vel
835 640 1127 676 monumentum
1156 649 1241 676 cum
1270 635 1447 677 aedificio
1470 635 1658 676 universo

33 699 144 747 vpost
176 695 321 735 obitum
353 706 482 734 meum
516 694 693 734 vendere
724 694 789 734 vel
822 693 970 735 donare
1004 695 1182 745 voluerit,
1219 694 1282 734 vel
1314 706 1458 748 corpus
1489 693 1658 734 alienum

52 753 244 793 invehere
275 752 404 799 vellit,
446 752 550 793 dabit
589 764 744 806 poenae
787 753 943 793 nomine
975 766 1053 794 arc.
1087 752 1222 806 pontif.
1239 751 1278 806 ⁴)
1310 753 1384 795 HS.
1416 753 1453 798 ὃ.
1486 749 1584 806 sz')
1618 756 1657 792 et

54 809 145 865 eiss]
188 812 249 852 cui
291 811 473 852 donatum
519 811 581 851 vel
624 811 823 851 venditum
863 811 983 851 fuerit
1023 811 1160 852 eadem
1202 823 1329 865 poena
1359 811 1568 852 tenebitur.
1602 833 1657 839 —-

53 873 196 909 Romae.
230 872 368 909 Gruter.
401 885 434 920 p.
471 871 551 908 (372
585 873 629 909 ad
662 873 831 909 Smetium
862 884 1080 921 provocans,
1112 873 1170 921 qui
1198 873 1336 910 viderit.
1382 872 1657 922 spangenberg.

52 943 85 980 p.
119 931 212 968 388.
245 931 342 968 Oret.
375 930 498 968 4427.

202 1024 324 1061 1803.
385 1022 539 1062 Valeria
571 1021 761 1062 Athenais
804 1022 895 1062 fecit
936 1021 1093 1064 Mediae
1131 1023 1173 1063 T.
1207 1023 1246 1063 F.
1264 1021 1303 1077 7)
1344 1022 1530 1064 Paulinae
1570 1018 1658 1077 RS]

51 1081 246 1135 piissimae
279 1085 322 1120 et
356 1081 430 1121 sibi
463 1082 544 1121 suis
575 1081 787 1134 posterisq.
821 1093 972 1122 eorum.
1006 1082 1091 1122 Vix.
1125 1095 1211 1122 ann.
1245 1081 1340 1122 XIII.
1373 1082 1423 1122 M.
1456 1081 1519 1122 XI.

192 1157 305 1197 Hunc-
338 1156 481 1207 locum,
514 1157 569 1197 uti
603 1170 666 1196 me
699 1157 786 1197 viva
818 1156 1090 1209 determinavi,
1123 1171 1210 1199 cum
1240 1170 1408 1199 ascensu
1437 1158 1603 1211 gradum
1618 1155 1658 1212 ⁹]

51 1215 125 1256 Vll.
153 1220 190 1255 et
213 1216 333 1269 cippis
356 1216 555 1268 inscriptis
578 1216 651 1255 VH.
676 1215 805 1268 collig.
827 1213 880 1270 ¹⁰)
906 1217 942 1256 in
971 1217 1136 1257 circuitu
1168 1217 1205 1256 P.
1228 1214 1280 1271 ¹¹)
1315 1216 1522 1257 CCCXXX
1546 1222 1584 1257 et
1611 1217 1658 1258 ab

51 1275 216 1315 introitu
247 1279 386 1327 portae
418 1274 637 1327 superioris
680 1274 899 1315 descensus
931 1276 1168 1315 dexterioris
1200 1280 1313 1329 parte
1345 1288 1470 1328 usque
1501 1281 1539 1316 at
1570 1276 1659 1329 cip-

52 1346 142 1386 pum
174 1332 231 1373 111.
265 1345 354 1372 cum
386 1333 550 1373 taberna
582 1333 645 1372 via
676 1332 753 1372 lata
786 1345 806 1372 a
837 1334 988 1386 pariete
1018 1333 1060 1373 P.
1093 1334 1137 1373 V.
1170 1333 1316 1374 cedere
1344 1333 1502 1374 debebit
1530 1338 1569 1374 et
1594 1334 1659 1387 pi-

53 1392 111 1432 las
143 1391 343 1432 structiles
375 1391 405 1431 II
436 1404 563 1443 usque
596 1390 643 1431 ad
675 1391 829 1431 ianuam
861 1391 1107 1445 superiorem
1139 1392 1393 1446 Hypanpelus
1425 1392 1514 1433 huic
1547 1392 1662 1433 cedat

51 1451 90 1490 in
121 1450 297 1505 rigorem
330 1450 526 1490 maceriae
558 1453 597 1489 et
628 1448 826 1490 furcarum
858 1455 898 1490 et
928 1462 996 1491 ara
1026 1450 1066 1490 in
1088 1463 1164 1503 qua
1187 1450 1403 1504 furcepem.
1424 1448 1480 1505 ¹²]
1511 1473 1566 1479 —-
1594 1453 1657 1489 Ti-

54 1512 153 1548 bure.
201 1511 339 1548 Gruter.
371 1523 405 1559 p.
440 1509 532 1547 711.
565 1522 609 1547 ex
649 1510 795 1548 Srnetio.
857 1511 1133 1560 Spangenberg.
1175 1524 1207 1561 p.
1252 1512 1345 1550 388.
1385 1512 1437 1549 Cf.
1469 1511 1575 1550 Licet.
1606 1512 1659 1550 De

53 1570 186 1607 luceru.
216 1570 250 1607 L.
285 1570 342 1606 VI.
377 1581 405 1606 c.
437 1582 464 1606 s.

196 1664 317 1701 1804.
380 1694 586 1703 ........
628 1675 652 1704 u
684 1663 796 1704 cuius
937 1663 1166 1705 monimenti
1206 1662 1348 1717 reliqui
1378 1694 1498 1704 .....
1538 1675 1658 1717 mque

54 1733 214 1762 suarum
259 1721 448 1762 culturam
618 1722 630 1761 i
661 1722 812 1762 libertis
856 1722 1070 1763 libertabus
1239 1723 1295 1763 vis
1337 1734 1450 1763 usum
1487 1721 1657 1764 fructum

55 1779 289 1820 insulae..
322 1780 512 1820 alatianae
554 1781 676 1834 partis
717 1785 879 1832 quartae
920 1785 959 1821 et
990 1785 1154 1833 quartae
1196 1786 1234 1822 et
1275 1781 1515 1821 vicensimae
1557 1794 1659 1834 quae

57 1839 155 1879 iuris
187 1841 250 1878 sui
282 1844 411 1889 esset,
452 1839 505 1878 ita
536 1844 576 1879 ut
610 1852 661 1879 ex
692 1838 818 1879 reditu
852 1840 937 1879 eius
978 1839 1131 1880 insulae
1163 1839 1385 1891 quodannis
1428 1840 1490 1879 die
1521 1839 1659 1880 natalis

54 1897 115 1937 sui
146 1902 185 1937 et
215 1897 428 1937 rosationis
462 1901 500 1936 et
524 1897 648 1937 violae
673 1902 710 1937 et
737 1897 968 1950 parentalib.
1001 1899 1229 1938 memoriam
1262 1898 1321 1938 sui
1347 1898 1534 1938 sacrificis
1555 1910 1658 1950 qua-

54 1960 115 1995 ter
146 1955 183 1996 in
216 1967 359 1996 annum
394 1954 505 1995 sactis
538 1956 742 1996 celebrent
774 1961 811 1996 et
845 1962 1053 2009 praetcrea
1085 1957 1230 1997 omnib.
1264 1956 1307 1996 Κ.
1339 1955 1487 2006 Nonis,
1526 1955 1656 1997 Idibus

54 2014 136 2055 suis
169 2014 349 2066 quibusq.
384 2014 546 2054 mensib.
589 2014 753 2055 lucerna
784 2013 924 2055 lucens
955 2015 1029 2056 sibi
1069 2019 1239 2067 ponatur
1271 2015 1434 2055 incenso
1475 2015 1657 2067 inposito.

54 2096 109 2101 ν-
142 2075 178 2111 In
211 2075 318 2123 cippo
350 2075 538 2123 sepulcrali
581 2076 691 2112 musei
735 2075 923 2112 Britannici
965 2087 1080 2124 prope
1112 2076 1255 2112 Romam
1288 2077 1445 2112 invento.
1490 2075 1657 2112 Zaccaria

54 2134 144 2170 Anu.
176 2134 251 2170 lelt.
284 2132 419 2170 &Italia
452 2134 489 2170 T.
521 2134 548 2170 1.
581 2135 615 2170 P.
648 2134 684 2170 2.
717 2147 749 2182 p.
784 2134 878 2171 208.
910 2134 1030 2170 Marin.
1061 2134 1152 2170 Frat.
1185 2146 1258 2170 arv.
1290 2146 1324 2181 p.
1359 2133 1452 2170 639.
1484 2134 1656 2182 Descrip-

53 2192 128 2229 tion
160 2192 200 2229 of
229 2192 290 2228 the
327 2192 468 2229 ancient
500 2193 651 2229 marbles
684 2193 724 2229 of
754 2194 813 2230 the
845 2192 928 2229 Brit.
961 2204 1046 2230 mus.
1077 2193 1113 2229 P.
1144 2193 1185 2229 V.
1218 2205 1250 2241 p.
1284 2192 1349 2229 29.

198 2285 321 2322 1805.
515 2284 555 2326 Si
588 2285 675 2336 quis
708 2297 760 2325 ex
790 2284 851 2336 iis,
885 2284 950 2337 qui
981 2284 1238 2337 suprascripti
1269 2288 1372 2335 sunt,
1405 2296 1492 2324 cum
1515 2283 1661 2323 moriar

56 2354 137 2383 non
170 2343 278 2383 vivet
308 2342 393 2382 sive
426 2347 517 2395 post
548 2347 714 2383 mortem
745 2355 872 2383 meam
905 2343 1113 2393 morietur,
1147 2347 1225 2382 tum
1259 2343 1324 2395 qui
1355 2342 1500 2394 reliqui
1532 2346 1660 2392 erunt,

53 2401 90 2441 in
124 2413 261 2442 eorum
292 2401 423 2442 locum
456 2402 520 2454 qui
553 2402 696 2442 mortui
718 2406 834 2442 erunt
864 2401 961 2442 alios
982 2413 1055 2454 per
1076 2400 1262 2454 suffragia
1283 2401 1531 2451 substituant,
1553 2411 1657 2452 quos

56 2459 309 2513 dignissimos
341 2464 594 2512 putaverunt,
627 2460 720 2500 dum
751 2472 828 2501 non
861 2460 989 2500 minus
1019 2460 1058 2500 in
1089 2465 1323 2513 perpetuum
1367 2460 1524 2513 triginta
1565 2458 1656 2508 sint,

52 2517 247 2571 liceatque
288 2518 358 2569 iis,
401 2519 466 2571 qui
508 2523 744 2572 praesentes
788 2530 879 2560 esse
922 2518 968 2558 iis
1000 2517 1137 2559 diebus
1169 2531 1247 2559 non
1289 2523 1485 2572 poterunt,
1526 2517 1563 2557 in
1595 2516 1662 2558 10-

198 2692 232 2737 1)
260 2694 324 2728 hoc
351 2701 602 2729 monumentum
629 2695 788 2729 heredem
815 2705 881 2728 non
908 2696 1070 2740 sequitur.
1105 2712 1148 2717 -—
1175 2695 1213 2736 2)
1241 2694 1375 2740 Aliquid
1403 2693 1568 2727 excidisse
1594 2705 1657 2738 ap-

55 2746 172 2781 paret;
198 2743 307 2782 uxori,
335 2747 370 2774 ut
395 2743 538 2776 videtur.
566 2760 606 2764 —-
635 2742 673 2784 3)
700 2743 789 2775 fecit..
818 2759 858 2764 —-
885 2740 924 2784 4)
951 2753 1050 2775 arcae
1075 2743 1261 2786 pontilicis,
1288 2744 1359 2775 sive
1386 2741 1587 2785 pontificiae.
1615 2758 1657 2762 —

56 2783 93 2826 5)
121 2786 219 2830 Apud
249 2788 442 2822 Gruterum:
468 2789 538 2821 L—S
564 2790 594 2825 ὀῗ
615 2790 647 2824 3.
674 2788 932 2833 Spangenberg.
959 2789 1021 2822 HS.
1041 2789 1068 2825 ἰῗ
1089 2790 1117 2825 ἶ,
1144 2806 1185 2810 —-
1212 2790 1249 2830 6)
1269 2794 1347 2821 nota
1366 2789 1553 2832 antiptosin.
1582 2788 1656 2822 Ha-

53 2832 139 2874 9enb.
165 2849 209 2854 —
234 2833 272 2875 7)
293 2834 355 2868 Titi
374 2836 474 2868 tiliae.
503 2853 544 2858 —
569 2834 608 2877 8)
627 2835 726 2869 tiliae.
753 2854 792 2858 —-
822 2836 860 2878 9)
887 2846 969 2879 pro:
992 2837 1162 2878 yraduum.
1189 2853 1231 2856 —-
1260 2833 1318 2876 10)
1338 2834 1515 2878 colligatis.
1541 2834 1656 2879 Span-

53 2878 140 2919 9enb.
176 2897 215 2902 —
251 2881 310 2923 11)
337 2882 440 2926 pedes
473 2894 504 2915 v.
530 2883 664 2925 pedum.
701 2900 741 2905 —
781 2881 838 2925 12)
864 2882 1041 2927 Inscriptio
1077 2884 1108 2916 in
1143 2883 1207 2915 line
1234 2881 1408 2916 manifesto
1441 2888 1601 2926 corrupta
1626 2888 1658 2916 et

58 2926 190 2959 omnino
215 2927 346 2962 turbata
371 2934 471 2973 atque
497 2940 630 2964 manea.
