1877 3313
298 163 328 205 §.
355 161 387 197 7.
436 161 691 206 Magistratuum
716 159 880 195 maiorum
904 161 1138 206 minorumque
1162 171 1290 197 roman.
1313 166 1348 196 et
1370 161 1531 205 municip.
1629 160 1714 204 103

251 271 345 309 890.
404 268 451 308 D.
481 268 533 309 Μ.
567 272 606 309 et
637 268 852 309 memoriae
883 271 1070 308 aeternae
1101 267 1248 321 Hylatis
1273 267 1513 322 dymaohero
1537 267 1622 309 sive
1643 279 1716 309 as-

110 327 256 370 sidario
287 329 328 368 P.
360 326 437 368 VII.
469 340 528 368 ru.
559 325 643 382 [4]
675 327 824 368 Ermais
857 327 1006 367 coniux
1037 327 1197 380 coniugi
1226 327 1434 369 karissimo
1463 326 1505 367 P.
1540 325 1582 368 C.
1611 330 1651 369 et
1675 325 1714 370 S.

110 385 179 428 As.
209 386 256 427 D.
273 383 314 441 ²)
349 410 399 416 —-
433 388 605 436 Lugduni.
653 389 738 425 Mur.
769 400 803 437 p.
837 387 933 424 613.
980 386 1075 423 Oret.
1108 387 1231 424 2584.

109 545 147 584 5.
179 540 211 579 7.
269 541 560 590 Maqtstratumn
589 541 775 577 malorum
804 541 1062 588 minorumque
1091 550 1332 578 romanorum
1358 546 1395 578 et
1417 539 1718 589 municipalium3

610 612 866 660 apparitorum
898 616 934 647 et
963 612 1228 648 minIstrorum.

252 727 347 766 891.
408 722 449 766 ff.
491 724 648 766 Cestius
690 726 734 766 L.
776 725 818 767 F.
860 722 1011 776 Pob.3]
1054 725 1179 779 Epulo
1211 726 1271 766 Pr.
1315 726 1379 766 Tr.
1411 722 1518 779 pist]
1561 725 1628 766 VH
1658 725 1719 766 vir

108 785 345 839 Epulonum.
377 783 487 837 Opus
519 784 743 837 apsolutum
776 796 827 824 ex
859 789 1094 825 testamento
1129 784 1265 825 diebus
1288 783 1505 825 CCCXXX.
1529 785 1719 826 arbitratu

108 845 222 885 Ponti
252 843 292 884 P.
324 843 365 884 F.
399 843 476 884 Cla.
494 840 534 897 5]
566 843 692 884 Melae
724 842 882 884 heredis
914 848 954 883 et
983 843 1094 884 Pollii
1125 843 1166 883 L.
1181 840 1222 898 ⁶)
1255 866 1309 872 —
1341 847 1498 894 Romae,
1537 846 1571 883 in
1602 857 1719 895 pyra-

109 905 203 942 mide
235 904 356 942 Cestii.
402 904 500 941 Grut.
532 916 566 952 p.
602 903 697 952 185,
733 904 766 941 1.
813 905 923 942 More.
956 904 1032 941 Stil.
1066 904 1197 941 CXLV.
1247 904 1339 941 Orel.
1372 905 1440 942 47.

249 979 344 1017 892.
405 977 449 1018 L.
491 977 688 1018 Munatius
720 977 761 1017 L.
794 977 834 1018 F.
869 977 910 1018 L.
943 978 988 1018 N.
1020 978 1063 1018 L.
1095 978 1210 1019 Pron.
1242 978 1434 1030 Plancus,
1477 978 1568 1020 Cos.
1601 976 1721 1021 Ceus.

70 1055 72 1057 >
108 1036 201 1091 Imp.
242 1036 330 1077 iter.
371 1035 437 1076 VII
476 1038 536 1076 vir
579 1036 684 1090 epul.
727 1037 882 1090 triump.
916 1049 967 1076 ex
996 1036 1154 1087 Raetis,
1187 1036 1326 1078 aedem
1357 1037 1516 1079 Saturni
1546 1037 1640 1079 fecit
1670 1037 1721 1078 de

109 1095 288 1146 manibis‚
319 1107 440 1149 agros
472 1094 602 1136 divisit
632 1095 671 1135 in
704 1094 810 1135 ltalia
842 1095 1081 1145 Beneventi,
1121 1096 1160 1135 in
1193 1095 1315 1136 Gallia
1346 1095 1523 1137 colonias
1556 1095 1722 1137 deduxit

109 1153 348 1208 Lugdunum
381 1158 419 1193 et
450 1154 671 1194 Rauricam.
704 1176 760 1182 —
803 1156 935 1192 Gaetae
967 1156 999 1193 in
1032 1157 1216 1193 mausoleo
1248 1155 1378 1194 Planci.
1427 1157 1523 1194 Grut.
1555 1170 1589 1206 p.
1620 1157 1719 1194 439.

110 1215 326 1263 Schoepflin.
358 1215 471 1251 Alsat.
502 1215 528 1251 1.
560 1227 595 1263 p.
631 1214 723 1252 154.
766 1215 912 1251 Morcei.
944 1215 1021 1251 Stil.
1054 1215 1328 1252 CCLXXXXIII.
1377 1215 1472 1253 Orel.
1506 1216 1601 1254 690.
1646 1216 1722 1253 Zell

109 1274 270 1321 Elogior.
302 1284 391 1310 rom.
424 1273 525 1321 reliq.
556 1286 590 1322 p.
625 1273 689 1309 30.
737 1274 829 1309 Roth
859 1273 995 1309 Inschr.
1029 1273 1062 1309 d.
1094 1273 1135 1309 K.
1166 1273 1279 1309 Basel.
1311 1286 1344 1322 p.
1380 1274 1446 1311 21.

251 1349 345 1386 893.
404 1346 455 1387 M.
498 1346 669 1387 Plautius
711 1346 761 1386 M.
794 1346 834 1385 F.
867 1345 916 1385 A.
949 1345 996 1385 N.
1030 1345 1209 1387 Silvanus
1243 1345 1334 1387 Cos.
1368 1345 1433 1387 VII
1462 1347 1523 1387 vir
1553 1347 1720 1401 Epulon.

108 1405 209 1447 Huic
241 1410 403 1446 senatus
435 1405 677 1457 triumphalia
709 1408 944 1444 ornamenta
977 1403 1154 1444 decrevit
1185 1404 1236 1444 ob
1268 1417 1335 1445 res
1366 1405 1404 1445 in
1437 1405 1594 1460 Illyrico
1619 1407 1721 1447 bene

110 1470 260 1519 gestas.
303 1464 430 1505 Satria
473 1463 543 1504 Cn.
585 1463 625 1503 F.
659 1475 775 1503 uxor.
807 1462 856 1503 A.
887 1462 1059 1503 Plautius
1090 1463 1140 1503 M.
1173 1462 1214 1503 F.
1250 1463 1489 1517 Urgulanius
1521 1465 1599 1506 vix.
1632 1477 1721 1506 ann.

109 1523 173 1565 IX.
206 1547 262 1552 —
293 1525 434 1561 Tibure.
483 1525 579 1561 Grut.
610 1536 645 1573 p.
678 1523 774 1561 452.
823 1524 918 1561 Orel.
953 1523 1048 1560 622.
1094 1524 1203 1562 More.
1238 1524 1303 1573 Op.
1335 1525 1376 1561 II.
1409 1538 1442 1574 p.
1477 1525 1542 1563 90.

249 1601 344 1638 894.
407 1598 447 1639 C.
490 1598 663 1639 Poblicio
706 1597 748 1638 L.
792 1598 833 1638 F.
875 1597 1016 1638 Bibulo
1057 1596 1157 1638 Aed.
1199 1597 1250 1651 pl.
1289 1597 1453 1639 honoris
1484 1599 1723 1652 virtutisque

108 1670 251 1700 caussa
283 1661 444 1698 senatus
477 1656 661 1698 consulto
694 1656 868 1709 populiq.
903 1657 1013 1697 iussu
1044 1655 1156 1697 locus
1188 1662 1472 1710 monumento,
1514 1670 1592 1710 quo
1635 1660 1721 1712 ipse

92 1717 339 1771 posterique
371 1717 458 1757 eius
491 1714 751 1767 inferrentur,
782 1715 940 1769 publice
974 1715 1085 1756 datus
1118 1719 1192 1756 est.
1234 1739 1290 1745 ——
1331 1719 1430 1756 Rom.
1468 1720 1613 1757 Morcel.
1645 1720 1722 1758 Stil.

109 1779 259 1816 CCXVI.
308 1777 403 1815 Orel.
436 1776 561 1814 4683.

250 1854 344 1891 895.
404 1851 449 1891 D.
491 1852 543 1892 M.
585 1849 623 1892 S.
666 1850 710 1891 L.
752 1850 897 1892 Sinicio
941 1850 1118 1905 Regino,
1161 1850 1364 1903 Praetori,
1395 1851 1572 1894 Tribuno
1601 1852 1722 1905 plebi,

109 1911 323 1960 Quaestori
352 1910 583 1963 provinciae
614 1909 884 1952 Macedoniae.
926 1931 982 1938 —-
1023 1912 1063 1949 In
1094 1912 1151 1949 via
1183 1912 1351 1952 Ostiensi.
1397 1913 1519 1950 Marini
1560 1913 1635 1951 Att.
1675 1914 1721 1952 II.

108 1985 142 2022 p.
177 1973 270 2010 780.
319 1971 415 2009 Orel.
449 1970 573 2008 3144.

251 2048 346 2085 896.
407 2046 450 2087 Τ.
493 2044 657 2086 Aurelio
697 2044 885 2086 Flaviano
916 2042 1043 2096 PP.⁷)
1081 2044 1160 2097 leg.
1193 2043 1253 2084 IV.
1285 2044 1442 2086 Flaviae
1473 2048 1565 2086 item
1595 2045 1722 2095 Prae-

108 2106 239 2160 posito
277 2104 410 2145 Umbr.
449 2104 581 2144 Picen.
625 2108 664 2144 et
704 2103 822 2158 Apul.
865 2103 1048 2144 Aurelius
1082 2103 1247 2151 Quietus
1290 2108 1329 2144 et
1359 2103 1547 2145 Aurelius
1578 2102 1722 2145 Audax

109 2165 212 2218 patri
243 2162 471 2204 dulcissimo
503 2166 542 2202 et
575 2161 735 2203 Claudia
768 2162 908 2210 Quieta
941 2163 1089 2203 coniux
1119 2163 1258 2203 marito
1286 2174 1374 2202 cuni
1400 2175 1478 2215 quo
1501 2163 1612 2204 annis
1631 2162 1718 2204 XX.

111 2223 214 2264 bene
245 2222 352 2263 vixit.
388 2243 443 2250 —-
474 2223 617 2260 Pisauri.
665 2224 752 2260 Gud.
783 2236 817 2272 p.
853 2222 946 2260 116.
993 2224 1078 2260 Mur.
1110 2235 1143 2271 p.
1179 2223 1272 2260 797.
1327 2223 1422 2261 Orel.
1456 2223 1580 2261 3175.

252 2300 347 2337 897.
408 2296 534 2338 Cottia
564 2295 613 2337 A.
647 2297 749 2338 Cotti
780 2295 822 2337 F.
856 2296 964 2338 Galla
997 2300 1232 2338 testamento
1266 2297 1351 2337 fieri
1378 2297 1489 2338 iussit
1514 2297 1563 2338 A.
1589 2297 1719 2340 Cottio

109 2357 211 2412 patri
240 2357 402 2398 Procos.
435 2356 647 2409 Hispaniae
689 2361 728 2396 et
760 2356 940 2397 Pacullae
973 2357 1085 2396 matri
1127 2360 1166 2396 et
1199 2355 1244 2395 A.
1279 2354 1407 2397 Cottio
1439 2355 1550 2397 fratri
1583 2356 1720 2404 Quae-

111 2417 209 2458 stori
240 2415 341 2456 Aed.
373 2414 479 2469 plebi
511 2419 549 2454 et
581 2414 788 2455 Memmiae
831 2414 967 2456 Gallae
999 2416 1121 2455 aviae.
1187 2414 1288 2455 Huic
1319 2421 1574 2456 monumento
1608 2419 1720 2455 tute-

110 2476 173 2516 lae
203 2474 362 2515 nomine
394 2472 540 2514 cedunt
571 2474 657 2527 agri
686 2474 774 2526 puri
805 2474 945 2528 iugera
977 2473 1115 2513 decem
1139 2477 1179 2512 et
1204 2473 1379 2524 taberna,
1411 2486 1513 2527 quae
1536 2474 1717 2527 proxime

112 2547 202 2575 eum
231 2533 365 2574 locum
397 2537 468 2573 est.
501 2555 558 2562 -—
589 2535 687 2571 Rom.
735 2535 875 2572 Gruter.
905 2548 940 2584 p.
975 2534 1069 2571 399.
1115 2534 1222 2570 More.
1255 2535 1331 2572 Stil.
1363 2535 1509 2572 CXLIII.

253 2612 348 2648 898.
409 2608 455 2649 Ti
494 2607 646 2650 Plautio
677 2608 727 2649 M.
759 2608 800 2649 F.
833 2608 960 2648 A....
993 2607 1152 2649 Silvano
1184 2606 1374 2660 Aeliano,
1414 2607 1555 2650 Pontis.
1587 2607 1716 2651 Sodal.

112 2668 216 2723 Aug.
248 2667 295 2709 ΠΙ
326 2667 386 2707 vir
416 2666 462 2708 A.
494 2666 543 2707 A.
575 2666 624 2707 A.
656 2667 697 2708 F.
729 2667 770 2708 F.
804 2664 905 2722 (λδ)
938 2667 994 2707 Τι’.
1029 2666 1209 2707 Caesaris
1240 2666 1376 2722 Legat.
1398 2667 1475 2721 leg.
1495 2668 1527 2708 V
1548 2667 1587 2709 in
1610 2667 1716 2710 Ger-

253 2817 291 2862 1)
318 2830 506 2864 pugnarum
531 2824 676 2862 septem,
702 2819 794 2852 rudis
819 2820 958 2863 primae.
985 2816 1075 2851 Oret.
1104 2790 1157 2840 ——l
1172 2816 1209 2861 2)
1236 2818 1428 2862 ponendum
1455 2821 1584 2853 curavit
1601 2826 1634 2855 et
1653 2820 1715 2855 sub

115 2869 204 2901 ascia
231 2866 411 2901 dedicavit.
439 2885 480 2890 -—
507 2865 546 2907 3)
571 2866 712 2899 Poblilia
737 2866 837 2899 tribu.
863 2883 907 2887 —
931 2863 970 2906 4)
996 2864 1148 2908 Praetor,
1166 2865 1329 2898 Tribunus
1348 2865 1467 2908 plebis.
1485 2880 1529 2888 --
1554 2865 1593 2909 5)
1611 2867 1716 2902 Clau-

115 2915 169 2947 dia
194 2914 294 2947 tribu.
322 2932 364 2937 --
391 2911 429 2956 6)
455 2913 575 2947 liberti.
603 2931 642 2935 —
670 2910 709 2955 7)
735 2914 949 2957 praeposiw3
981 2912 1042 2944 nisi
1067 2911 1132 2955 leg.
1157 2911 1193 2945 P.
1219 2912 1254 2945 F.
1281 2910 1408 2954 (Publii
1432 2910 1530 2956 filio).
1555 2913 1645 2950 Orel.
1672 2933 1714 2938 —

115 2959 154 3004 8)
181 2961 370 2996 Triumviro
397 2971 480 2996 auro
505 2965 646 3005 argento
672 2962 743 2994 aeri
766 2959 879 2994 flando
905 2958 1074 3003 seciundo,
1100 2959 1288 3002 Quaestori.
