1877 3313
661 157 690 200 §.
718 157 749 191 6.
800 156 982 202 Appendix
1017 157 1214 194 edictorum.
1669 161 1752 206 341

133 263 367 316 suetudine,
411 264 625 307 constituto
658 270 854 319 tempore,
886 266 925 306 in
957 267 1260 320 metropolitana
1291 268 1330 309 id
1363 273 1425 311 est
1456 269 1494 310 in
1527 268 1761 314 Arelatensi

133 323 258 374 urbe,
299 324 485 378 incipiant
524 329 677 378 septem
718 325 950 378 provinciae
981 325 1135 366 habere
1167 327 1389 369 concilium.
1452 329 1493 370 In
1526 342 1608 383 quo
1639 330 1759 384 plane

132 388 207 423 tam
241 383 430 435 singuiis,
476 396 592 437 quam
636 385 818 424 omnibus
850 385 888 424 in
922 396 1133 425 commune
1177 386 1434 428 consulimus.
1497 389 1684 440 Primum,
1715 393 1760 431 ut

132 441 370 495 optimorum
403 447 616 493 conventu,
648 443 722 483 sub
755 442 897 484 illustri
928 444 1154 496 praesentia
1177 445 1474 497 praefecturae,
1506 448 1540 489 si
1562 448 1602 488 id
1623 453 1759 490 tamen

130 501 231 542 ratio
263 501 444 554 publicae
476 501 746 554 dispositionis
780 502 990 553 obtulerit,
1034 502 1293 545 saluberrima
1329 505 1378 545 de
1421 506 1590 561 singulis
1633 508 1758 550 rebus

130 559 286 613 possint
318 573 410 601 esse
443 560 620 601 consilia.

270 631 386 683 Tum,
419 631 606 684 quicquid
639 635 844 672 tractatum
879 631 995 673 fuerit
1039 637 1078 674 ct
1122 633 1316 675 discussis
1348 635 1567 677 ratiociniis
1600 638 1758 680 consti-

79 719 82 722 .
130 693 278 742 tutum,
320 701 396 731 nec
430 689 556 730 latere
589 692 768 743 potiores
801 691 1026 744 provincias
1071 694 1219 746 poterit
1252 698 1290 734 et
1321 706 1456 747 parem
1489 707 1662 738 necesse
1694 703 1758 739 est:

128 749 233 789 inter
264 749 453 791 absentes
485 750 696 802 aequitatis
728 749 893 791 formam
925 751 1176 805 iustitiaeque
1199 754 1367 794 servari.
1410 752 1469 795 Ac
1491 754 1609 808 plane
1631 768 1757 810 prae-

129 812 192 848 ter
232 809 496 849 necessitates
538 808 719 862 publicas
762 809 878 849 etiam
932 810 1126 851 humanae
1158 811 1233 864 ipsi
1253 809 1287 865 ¹)
1334 814 1632 856 conversationi
1673 827 1756 858 non

126 879 266 920 parum
301 866 498 908 credimus
533 867 822 909 commoditatis
864 869 1086 921 accedere,
1132 870 1240 923 quod
1272 872 1311 911 in
1356 871 1615 915 Constantina
1657 874 1756 916 urbe

127 926 309 968 iubemus
341 927 454 967 annis
487 927 658 981 singulis
690 940 782 968 esse
816 928 1035 969 concilium.
1090 928 1215 969 Tanta
1249 930 1352 970 enim
1394 930 1471 971 loci
1514 933 1756 986 opportuni-

128 989 202 1036 tas,
234 990 340 1026 tanta
372 990 434 1026 est
465 986 576 1039 copia
610 987 963 1038 commerciorum,
1007 993 1116 1028 tanta
1149 988 1227 1030 illic
1259 988 1485 1042 frequentia
1517 1003 1755 1034 commean-

127 1045 236 1096 tium,
269 1050 309 1086 ut
341 1046 529 1098 quicquid
563 1058 727 1098 usquam
761 1046 951 1097 nascitur,
983 1046 1058 1086 illic
1090 1048 1339 1088 commodius
1372 1048 1623 1092 distrahatur.
1665 1051 1755 1092 Ne-

128 1116 205 1156 que
237 1105 342 1144 enim
369 1103 447 1144 ulla
479 1105 683 1157 provincia
715 1105 767 1144 ita
799 1105 990 1157 peculiari
1022 1105 1211 1146 felicitate
1243 1107 1437 1158 laetatur,
1469 1113 1511 1149 ut
1541 1121 1621 1151 non
1653 1109 1756 1152 haec

125 1167 286 1216 propria
319 1162 574 1204 Arelatensis
612 1163 689 1204 soli
733 1163 922 1204 credatur
954 1176 1046 1205 esse
1079 1164 1345 1206 foecunditas.
1409 1167 1605 1221 Quicquid
1649 1170 1755 1211 enim

128 1222 244 1263 dives
279 1221 438 1274 Oriens,
471 1222 657 1276 quicquid
691 1221 880 1263 odoratus
912 1224 1067 1274 Arabs,
1100 1224 1285 1277 quicquid
1319 1224 1510 1267 delicatus
1542 1226 1753 1282 Assyrius,

126 1280 234 1334 quod
266 1280 402 1322 Africa
434 1280 585 1332 fertilis,
618 1281 725 1335 quod
749 1282 932 1335 speciosa
958 1281 1157 1335 Hispania,
1190 1283 1297 1335 quod
1322 1282 1437 1324 fortis
1453 1281 1492 1338 ²)
1528 1285 1651 1327 Gallia
1672 1300 1754 1341 po-

126 1345 203 1381 test
235 1340 384 1381 babere
416 1340 680 1394 praeclarum,
716 1341 764 1379 ita
798 1340 875 1380 illic
907 1340 1050 1381 affatim
1084 1341 1304 1389 exuberat,
1347 1344 1458 1394 quasi
1490 1344 1543 1385 ibi
1575 1357 1753 1388 nascan-

126 1404 189 1440 tur
219 1400 364 1450 omnia,
397 1412 500 1453 quae
534 1400 681 1451 ubique
715 1403 872 1439 constat
905 1411 998 1440 esse
1031 1400 1252 1454 magnifica.
1311 1401 1389 1442 Iam
1421 1415 1520 1444 vero
1554 1403 1753 1448 decursus

124 1458 316 1509 Rhodani,
350 1462 389 1499 et
422 1459 573 1499 Turoni
588 1455 629 1512 ³)
662 1470 879 1508 recursus,
923 1471 1093 1499 necesse
1127 1465 1210 1511 est,
1243 1464 1285 1500 ut
1326 1461 1499 1502 vicinum
1529 1461 1675 1504 faciant
1705 1477 1753 1506 ac

124 1530 229 1572 pene
261 1518 551 1559 conterminum
585 1516 649 1557 vel
683 1519 789 1570 quod
822 1518 896 1557 iste
928 1518 1198 1571 praeterfluit,
1241 1519 1303 1559 vel
1347 1519 1412 1560 ille
1455 1520 1563 1573 quod
1596 1523 1751 1566 circuit.

125 1577 254 1625 Quum
297 1588 397 1631 ergo
430 1577 518 1617 huic
550 1577 700 1616 serviat
742 1577 887 1616 civitati
930 1577 1119 1630 quicquid
1162 1578 1281 1619 babet
1324 1583 1430 1620 terra
1473 1582 1751 1635 praecipuum,

122 1635 171 1676 ad
202 1635 303 1676 hanc
334 1636 438 1686 veto,
471 1647 600 1687 remo,
632 1635 840 1686 vehiculo,
874 1640 1005 1687 terra,
1037 1637 1157 1687 mari,
1188 1636 1351 1678 flumine
1382 1637 1600 1692 deferatur,
1633 1642 1752 1694 quic-

123 1694 216 1749 quid
257 1695 423 1749 singulis
465 1695 663 1735 nascitur:
708 1694 909 1747 quomodo
951 1707 1030 1735 non
1075 1696 1236 1737 multum
1280 1698 1354 1737 sibi
1396 1696 1544 1739 Galliae
1585 1705 1753 1742 nostrae

55 1756 58 1759 '
122 1754 357 1808 praestitum
390 1753 568 1804 credant,
602 1766 690 1794 cum
724 1755 762 1793 in
795 1766 842 1794 ca
877 1754 1034 1794 civitate
1061 1756 1352 1809 praecipiamus
1375 1768 1468 1798 esse
1492 1764 1752 1813 conventum,

121 1814 160 1854 in
192 1825 269 1867 qua
311 1812 445 1854 divino
489 1812 659 1866 quodam
675 1810 716 1867 ¹¹)
760 1825 925 1853 munere
968 1813 1288 1855 commoditatum
1333 1820 1371 1855 et
1413 1819 1750 1862 commerciorum

122 1873 396 1926 opportunitas
430 1877 536 1913 tanta
568 1872 826 1925 praestatur?
889 1870 1089 1925 Siquidem
1122 1873 1211 1924 hoc,
1245 1873 1468 1916 rationabili
1498 1876 1616 1929 plane
1645 1891 1751 1932 pro-

121 1933 296 1984 batoque
328 1931 518 1981 consilio,
558 1932 633 1972 iam
667 1935 706 1971 ct
737 1932 796 1971 vir
827 1930 989 1972 illustris
1022 1932 1250 1973 Praefectus
1283 1933 1493 1975 Petronius
1536 1936 1749 1979 observari

125 1990 279 2031 debere
311 1990 587 2044 praeceperit3
630 1989 738 2043 quod
780 1990 1057 2044 interpolatum
1101 1991 1164 2031 vcl
1206 1992 1357 2032 incuria
1401 1997 1649 2047 temporum,
1682 1995 1750 2038 vel

125 2049 276 2090 desidia
319 2055 604 2104 tyrannorum,
647 2050 822 2102 reparari
864 2049 980 2090 solita
1026 2049 1262 2102 prudentiae
1305 2056 1466 2092 nostrae
1508 2055 1748 2096 auctoritate

122 2108 397 2160 decernimus,
428 2108 642 2163 Agricola,
685 2109 832 2149 Parcns
876 2109 1080 2149 carissime
1123 2115 1241 2162 atque
1283 2111 1566 2152 amantissime.
1633 2113 1747 2155 Unde

120 2167 284 2209 illustris
317 2167 607 2221 magnificentia
643 2172 706 2208 tua
739 2173 778 2208 ct
811 2167 911 2208 lianc
943 2169 1271 2221 praeceptionem
1304 2174 1507 2223 nostram,
1549 2176 1589 2212 et
1629 2173 1747 2226 prio—

120 2240 206 2268 rem
237 2225 345 2268 sedis
377 2240 475 2268 suae
517 2227 819 2280 dispositionem
852 2231 1012 2278 secuta,
1055 2226 1093 2267 id
1138 2239 1210 2280 per
1249 2232 1405 2280 septem
1446 2231 1672 2282 provincias
1703 2232 1745 2274 in

120 2291 354 2341 perpetuum
386 2284 506 2326 faciet
537 2285 744 2335 custodiri,
781 2291 822 2327 ut
854 2286 902 2326 ab
935 2285 1065 2326 Idibus
1097 2286 1283 2340 Augusti,
1315 2287 1619 2343 quibuscunque
1651 2302 1744 2331 me-

121 2345 194 2387 diis
226 2345 383 2396 diebus,
416 2346 455 2385 in
488 2344 578 2386 Idus
611 2345 878 2398 Septembris,
911 2346 948 2385 in
981 2344 1209 2386 Arelatensi
1251 2346 1350 2387 urbe
1383 2348 1569 2390 noverint
1608 2348 1743 2391 hono-

121 2405 208 2456 rati,
239 2416 519 2458 possessores,
552 2405 614 2444 vel
646 2403 796 2445 iudices
829 2403 1070 2458 singularum
1102 2405 1408 2458 provinciarum,
1442 2408 1554 2448 annis
1575 2408 1742 2463 singulis

121 2464 327 2505 consilium
359 2476 450 2504 esse
493 2463 758 2513 servandum,
799 2465 851 2503 ita
893 2467 933 2503 ut
975 2461 1024 2502 de
1066 2463 1442 2518 Novempopulana,
1485 2471 1524 2506 et
1562 2468 1743 2510 secunda

120 2522 353 2576 Aquitania,
394 2535 496 2576 quae
528 2523 757 2576 provinciae
789 2523 946 2576 longius
980 2523 1218 2563 constitutae
1249 2528 1362 2575 sunt,
1396 2525 1430 2566 si
1462 2537 1598 2566 earum
1629 2525 1741 2567 iudi-

121 2594 188 2623 ces
219 2586 330 2622 certa
352 2582 558 2635 occupatio
583 2582 766 2632 tenuerit,
800 2582 938 2628 sciant,
971 2580 1128 2635 legatos
1153 2582 1263 2623 iuxta
1283 2583 1617 2625 consuetudinem
1644 2597 1739 2627 esse
1793 2635 1795 2637 ¹

122 2641 348 2682 mittendos.
412 2641 498 2689 Oua
529 2642 761 2694 provisione
792 2640 1000 2693 plurimum
1045 2645 1084 2680 et
1115 2642 1428 2694 provincialibus
1460 2644 1608 2684 nostris
1638 2657 1739 2698 gra-

122 2700 196 2740 tiae
228 2712 303 2742 nos
335 2699 590 2753 intelligimus
632 2700 886 2751 utilitatisque
918 2704 1151 2752 praestare,
1196 2706 1237 2742 et
1275 2700 1522 2743 Arelatensis
1557 2703 1669 2745 urbis
1684 2701 1739 2760 ⁵),

263 2885 299 2929 1)
326 2887 423 2921 abest
448 2887 490 2922 ab
516 2888 675 2932 exemplo
700 2887 823 2922 Cusan.
849 2893 884 2922 et
909 2887 1074 2933 Scaliger.
1111 2907 1152 2912 —
1180 2887 1219 2933 2)
1242 2889 1365 2933 fertilis
1392 2888 1511 2923 Gallia
1534 2889 1656 2926 Cusan.
1679 2893 1736 2935 fe-

122 2932 231 2966 cunda
257 2934 335 2968 Gal.
361 2935 486 2979 Scatig.
515 2954 554 2958 ——
588 2934 625 2978 3]
652 2935 700 2968 Ita
728 2934 850 2969 Cusan.
876 2942 910 2970 et
935 2936 1060 2981 Scalig.
1081 2936 1246 2970 Tiri-henr.
1272 2937 1438 2970 sirmond.
1465 2954 1508 2959 -
1534 2936 1574 2981 4)
1598 2940 1647 2973 sic
1664 2938 1737 2973 Cu-

122 2989 197 3012 san.
223 2985 257 3013 et
282 2980 407 3027 Scalig.
433 2983 572 3026 quodam
597 2984 688 3016 modo
713 2982 880 3018 sirmond.
908 3002 948 3007 -
976 2982 1014 3026 5)
1040 2984 1089 3018 lta
1114 2983 1236 3019 Cusan.
1261 2983 1453 3018 Arelatensi
1471 2983 1543 3019 urba·
1567 2985 1737 3023 Sirmond.
