1877 3313
531 103 563 146 §.
592 103 647 138 11.
697 104 847 140 Tabulae
871 105 1087 149 negotiorum
1112 105 1326 140 solemnium.
1663 105 1745 148 391

266 215 429 254 Pertinet
460 214 646 264 inscriptio
679 216 725 253 ad
756 215 1017 253 institutionem
1051 227 1097 253 ex
1129 216 1350 264 indulgentia
1391 215 1622 265 Imperatoris
1656 216 1749 253 Tra-

124 276 196 315 iani
230 276 374 322 factam,
409 286 479 323 qua
511 280 613 312 certo
645 287 840 323 puerorum
873 280 909 311 et
940 276 1136 324 puellarum
1169 287 1366 323 egenorum
1398 287 1548 313 numero
1580 275 1750 313 alimenta

127 337 162 374 in
194 336 359 382 singulos
391 346 532 372 menses
563 334 753 381 largienda
785 334 1068 382 assignabantur.
1130 335 1282 371 Pecunia
1315 336 1360 372 ad
1390 336 1481 372 hanc
1512 346 1588 372 rem
1617 346 1748 372 neees-

125 395 218 433 saria
250 396 298 432 ita
333 395 636 442 comparabatur,
679 398 717 430 ut
747 406 882 430 summa
914 394 1093 430 sufficiens
1127 395 1275 431 daretur
1307 394 1498 431 fundorum
1531 394 1683 432 dominis
1714 394 1751 431 iu

125 466 217 503 agro
250 453 454 499 Velleiate,
494 454 553 502 qui
579 465 642 489 sua
668 453 814 501 praedia
848 464 915 502 pro
947 458 1024 490 rata
1056 458 1158 503 parte
1192 458 1364 502 acceptae
1396 453 1570 502 pecuniae
1602 454 1749 500 obliga-

124 516 212 553 bant
243 517 280 551 et
311 524 455 550 usuram
498 513 735 560 quincuncem
767 513 843 549 sive
875 512 1059 560 quinarum
1091 514 1364 550 centesimarum
1394 524 1461 561 per
1493 524 1623 549 annum
1654 524 1750 561 pen-

125 574 281 619 debant,
323 572 419 608 unde
476 572 641 608 alimenta
686 572 806 619 pueris
850 577 1132 620 praestarentur.
1194 573 1316 621 Neque
1368 583 1458 608 vero
1498 572 1589 609 haec
1629 572 1751 609 tabula

123 633 405 670 instrumentum
436 630 551 679 ipsum
593 630 776 677 continet,
818 643 889 679 quo
934 631 1107 669 institutio
1147 631 1366 669 alimentaria
1398 631 1643 677 condebatur,
1684 631 1751 668 sed

78 708 79 711 ¹
126 691 267 730 nonnisi
299 691 416 728 album
448 688 718 738 professionum
753 702 772 727 a
804 690 955 728 dominis
986 691 1215 740 praediorum
1249 692 1436 737 factarum,
1469 690 1593 738 quibus
1617 690 1752 727 domini

125 751 259 789 fundos
294 749 513 796 obligandos
546 749 816 798 profiterentur,
847 751 966 798 pretio
1000 751 1191 788 fundorum
1217 755 1253 788 et
1285 762 1418 787 summa
1450 749 1484 786 in
1517 760 1622 796 quam
1649 748 1749 786 obli-

127 814 302 859 garentur
334 808 476 846 additis.
537 809 657 856 Atque
691 809 761 845 hoc
793 810 905 857 ipsum
938 811 1055 847 album
1088 811 1222 859 duplex
1253 815 1317 847 est.
1371 808 1468 846 Prius
1499 808 1607 856 idque
1638 808 1750 846 multo

123 869 268 917 longius
308 869 426 906 album
469 867 704 915 obligationis
755 869 1002 917 professiones
1042 870 1203 907 continet
1244 873 1329 919 post
1369 879 1496 904 annum
1539 868 1622 904 Chr.
1668 867 1746 905 101

126 930 257 974 factae,
290 928 424 977 quippe
458 938 529 975 quo
562 939 656 964 anno
689 928 859 964 Traianus
892 929 1013 966 Dacici
1045 941 1225 977 agnomen
1257 927 1441 974 assumsit,
1472 927 1624 964 alterum
1651 927 1750 975 quod

123 988 285 1037 sequitur
315 987 352 1024 in
378 987 500 1024 tabula
543 986 661 1023 album
704 987 935 1035 obligationis
967 989 1211 1037 professiones
1257 988 1418 1026 continet
1447 998 1513 1035 per
1545 986 1752 1024 Cornelium

125 1048 342 1086 Gallicanum
375 1047 518 1092 factae,
561 1057 664 1094 quam
697 1051 779 1083 ante
813 1059 940 1084 annum
978 1047 1054 1084 101
1092 1061 1125 1097 p.
1159 1049 1220 1086 Cli.
1254 1048 1383 1085 factam
1414 1057 1495 1082 esse
1527 1044 1612 1082 inde
1643 1045 1750 1083 colli·-

123 1108 245 1156 gitur,
290 1106 371 1155 quia
405 1105 526 1143 Dacici
559 1105 755 1154 appellatio
798 1106 845 1143 ibi
877 1107 1036 1144 nondum
1068 1108 1211 1144 additur
1242 1105 1477 1155 Imperatoris
1510 1104 1653 1150 nomini,
1686 1104 1752 1141 nisi

124 1166 314 1216 scalptoris
346 1166 404 1202 vel
436 1164 576 1202 scribae
608 1165 834 1212 negligentia
867 1166 1046 1204 excidisse
1077 1172 1223 1204 statuas.
1284 1167 1339 1203 Ex
1371 1163 1487 1214 priori
1517 1165 1600 1202 albo
1632 1176 1750 1213 appa-

124 1231 203 1273 ret,
250 1237 420 1263 summam
453 1224 575 1262 decies
609 1229 751 1261 centum
786 1225 930 1262 millium
962 1227 1165 1263 sestertium
1197 1226 1362 1263 dominos
1394 1223 1626 1272 praediorum
1658 1235 1749 1271 qua-

127 1287 313 1334 dragenos
346 1295 454 1321 senos
487 1283 697 1332 accepisse,
730 1296 821 1332 quae
853 1285 997 1333 quidem
1028 1297 1108 1323 sors
1140 1285 1304 1323 universa
1337 1294 1478 1320 usuram
1510 1283 1752 1332 quincuncem

125 1357 191 1395 per
224 1356 356 1382 annum
391 1343 649 1391 quinquaginta
682 1344 754 1380 duo
787 1344 894 1380 millia
926 1345 1129 1381 sestertium
1162 1345 1285 1390 efficit,
1317 1354 1366 1380 cx
1389 1354 1459 1390 qua
1489 1354 1625 1380 summa
1647 1343 1752 1391 pueri

123 1403 274 1452 legitimi
306 1403 468 1440 CCXLV.
500 1403 536 1439 iu
569 1403 732 1450 singulos
764 1414 907 1440 meuses
948 1405 1139 1441 sestertios
1171 1404 1289 1449 XVI,
1331 1401 1486 1439 universi
1516 1401 1625 1449 igitur
1657 1414 1752 1450 qua-

131 1463 298 1512 draginta
331 1467 470 1511 septem
503 1461 610 1498 millia
643 1462 881 1509 quadraginta
925 1463 1151 1510 sestertium,
1193 1462 1440 1511 accipiebant3
1480 1461 1621 1509 puellae
1652 1461 1750 1509 legi-

126 1524 234 1561 timae
265 1522 426 1560 XXXIV.
458 1521 492 1557 iu
513 1520 676 1568 singulos
709 1533 850 1559 menses
881 1523 1072 1560 sestertios
1105 1524 1196 1570 ML,
1228 1523 1418 1559 universae
1457 1520 1567 1568 igilur
1600 1525 1754 1568 quat-nor

131 1582 239 1620 millia
272 1582 505 1628 octingentos
538 1580 710 1628 nonagita
753 1593 818 1618 sex
850 1583 1079 1630 sestertium,
1119 1594 1230 1632 porro
1262 1582 1403 1631 spurius
1445 1591 1536 1629 puer
1567 1591 1656 1617 unus
1688 1592 1755 1629 per

126 1653 255 1680 annum
287 1641 437 1678 CXLIV.
478 1640 680 1686 sestertios,
711 1641 831 1689 spuria
859 1643 978 1690 puella
1012 1655 1078 1680 una
1112 1643 1217 1680 CXX.
1249 1641 1453 1678 sestertios,
1500 1639 1662 1677 Alterum
1695 1641 1753 1677 al-

126 1703 210 1739 bum
241 1699 474 1748 obligationis
507 1711 572 1748 per
605 1700 808 1737 Cornelium
842 1702 1060 1739 Gallicanum
1102 1702 1220 1739 factae
1265 1701 1413 1738 exhibet
1451 1710 1622 1737 summam
1662 1711 1751 1748 sep·—

127 1761 289 1809 tuaginta
321 1761 473 1797 duorum
505 1759 651 1796 millium
684 1761 887 1797 sestertium
920 1774 938 1798 a
962 1762 1075 1810 quinis
1106 1762 1336 1810 praediorum
1370 1759 1522 1796 dominis
1554 1763 1752 1808 acceptam,

127 1833 148 1858 e
190 1820 288 1858 cuius
321 1831 479 1857 summae
510 1830 616 1856 usura
649 1830 765 1856 annua
797 1821 1021 1867 quincunce,
1055 1832 1148 1869 quae
1189 1823 1228 1858 lit
1268 1821 1372 1858 trium
1404 1818 1548 1856 millium
1591 1830 1751 1856 sexcen-

126 1885 244 1918 torum
282 1879 512 1925 sestertium,
554 1878 722 1915 alimenta
764 1881 972 1929 acciperent
1013 1881 1114 1929 pueri
1156 1880 1305 1928 legitimi
1344 1878 1471 1916 XVIII.
1513 1877 1547 1914 in
1588 1877 1752 1925 singulos

127 1951 268 1977 menses
310 1939 499 1976 sestertios
541 1938 648 1984 XVI„
688 1938 844 1976 universi
876 1940 985 1986 igitur
1027 1941 1091 1976 tria
1144 1939 1249 1976 millia
1301 1937 1585 1987 quadringentos
1640 1936 1752 1984 quin-

127 1999 300 2048 quaginta
341 2010 406 2035 sex
438 1998 666 2044 sestertium,
707 1999 826 2047 puella
859 2011 926 2035 uua
959 1999 1120 2045 legitima
1151 1998 1340 2036 sestertios
1372 1997 1450 2033 XII.

267 2059 305 2096 In
339 2070 463 2095 causas
487 2058 588 2095 liuius
611 2057 840 2095 institutionis
865 2071 1053 2096 universae
1075 2058 1275 2095 accuratius
1307 2057 1488 2105 inquirere
1508 2055 1551 2092 ab
1576 2056 1646 2093 hoc
1666 2055 1751 2093 loco

127 2124 184 2157 est
215 2118 392 2165 alienum,
425 2130 530 2166 quum
565 2128 636 2154 non
669 2117 732 2154 nisi
767 2123 1015 2166 argumentum
1048 2119 1192 2155 tabulae
1226 2122 1262 2154 et
1293 2117 1450 2154 virorum
1482 2114 1674 2152 doctorum
1706 2116 1752 2152 de

130 2178 258 2217 eadem
291 2178 614 2216 commentationes
647 2176 807 2214 breviter
839 2179 997 2215 indicare
1030 2177 1132 2214 nobis
1166 2176 1390 2226 propositum
1422 2174 1491 2219 sit3
1523 2174 1586 2211 sed
1618 2186 1753 2211 summa

131 2249 250 2275 rerum
283 2238 402 2287 capita
436 2237 482 2274 de
526 2236 652 2285 quibus
698 2237 879 2284 quaeritur
910 2238 1115 2284 significare
1147 2237 1246 2274 libet.
1311 2234 1501 2279 Quaeritur
1532 2233 1643 2281 igitur
1672 2234 1752 2283 pri-

128 2310 244 2345 mum,
291 2298 369 2345 quis
412 2308 582 2334 summam
626 2296 658 2332 in
702 2308 805 2343 (guam
847 2297 996 2345 praedia
1039 2297 1290 2343 obligarentur
1321 2293 1470 2341 largitus
1502 2293 1566 2339 sit,
1607 2293 1752 2339 deinde,

132 2357 343 2406 quibusnam
375 2357 497 2405 pueris
530 2361 566 2393 et
598 2355 724 2404 puellis
753 2357 823 2393 IlOO
850 2357 1098 2393 alimentorum
1126 2355 1337 2392 beneficium
1365 2357 1613 2400 competeret,
1643 2357 1750 2401 post-

128 2428 287 2463 remum,
334 2428 403 2464 qua
459 2415 598 2453 ratione
639 2415 870 2462 praediorum
914 2414 1090 2463 obligatio
1129 2414 1223 2451 facta
1262 2413 1317 2451 sit.
1364 2413 1438 2450 Iam
1477 2412 1522 2448 dc
1565 2412 1750 2459 largientis

129 2487 288 2525 persona
321 2475 517 2513 eommunis
550 2474 674 2523 opinio
707 2474 858 2520 obtinet,
890 2475 1150 2523 Imperatorem
1183 2473 1370 2510 Traianum
1401 2473 1492 2508 hauc
1522 2471 1751 2520 largitionem

129 2536 283 2583 fecisse,
317 2535 456 2572 etiamsi
488 2546 559 2572 non
593 2534 784 2580 deessent,
828 2534 885 2582 qui
914 2546 931 2569 a
965 2533 1198 2570 Velleiatibus
1241 2533 1300 2569 vel
1333 2532 1478 2568 aliarum
1511 2531 1751 2568 adiacentium

130 2596 268 2633 urbium
305 2595 413 2632 rebus
446 2594 596 2644 publicis
630 2594 722 2629 lianc
753 2593 940 2642 pecuniam
973 2593 1090 2629 datam
1123 2604 1204 2629 esse
1242 2590 1527 2636 contenderent,
1570 2595 1607 2627 ut
1638 2591 1674 2627 F.
1708 2590 1751 2628 V.

131 2655 177 2692 de
208 2655 377 2704 Poggio,
409 2654 534 2691 Petrus
567 2654 612 2690 de
644 2653 769 2698 Lama,
803 2652 950 2689 Vitalius
983 2651 1042 2700 qui
1074 2651 1320 2688 confirmatam
1352 2654 1487 2687 tantum
1519 2648 1628 2686 fuisse
1660 2651 1751 2687 hanc

131 2713 359 2761 largitionem
391 2725 509 2762 neque
541 2713 672 2750 factam
704 2723 722 2747 a
751 2711 902 2749 Traiano
931 2712 1158 2748 arbitrantur.
1205 2711 1340 2747 Pueros
1368 2714 1405 2747 et
1430 2708 1568 2757 puellas
1596 2709 1749 2746 alimen-

131 2773 244 2811 iarios
275 2773 472 2810 Velleiates
504 2772 613 2810 fuisse
646 2775 682 2808 et
713 2770 868 2808 fortasse
901 2770 1005 2808 eliam
1034 2769 1170 2807 urbium
1194 2769 1402 2815 vicinarum,
1434 2769 1468 2805 In
1494 2780 1641 2816 quarum
1668 2773 1748 2806 ter-

134 2831 259 2870 ritorio
290 2832 438 2882 praedia
469 2832 741 2879 obligarentur,
772 2841 829 2867 res
862 2830 938 2878 ipsa
970 2830 1091 2866 docet.
1155 2829 1392 2876 Obligationis
1424 2828 1658 2876 peragendae
1684 2840 1748 2865 ra-

134 2889 269 2930 tionem
301 2892 452 2930 eandem
484 2891 593 2929 fuisse
625 2901 690 2938 par
722 2894 800 2937 est,
834 2901 926 2937 quae
956 2889 991 2927 in
1022 2887 1126 2926 simili
1157 2888 1381 2927 instituti0ne
1413 2899 1432 2924 a
1463 2887 1577 2926 Plinio
1607 2888 1748 2925 iunlore
