<?xml version="1.0" encoding="UTF-8"?>
<!DOCTYPE html PUBLIC "-//W3C//DTD XHTML 1.0 Transitional//EN"
    "http://www.w3.org/TR/xhtml1/DTD/xhtml1-transitional.dtd">
<html xmlns="http://www.w3.org/1999/xhtml" xml:lang="en" lang="en">
 <head>
  <title>
</title>
<meta http-equiv="Content-Type" content="text/html;charset=utf-8" />
  <meta name='ocr-system' content='tesseract 3.04.00' />
  <meta name='ocr-capabilities' content='ocr_page ocr_carea ocr_par ocr_line ocrx_word'/>
</head>
<body>
  <div class='ocr_page' id='page_1' title='image "./handbuchderrmi0103zelluoft_0328.png"; bbox 0 0 1877 3313; ppageno 0'>
   <div class='ocr_carea' id='block_1_1' title="bbox 201 214 1355 261">
    <p class='ocr_par' dir='ltr' id='par_1_1' title="bbox 201 214 1355 261">
     <span class='ocr_line' id='line_1_1' title="bbox 201 214 1355 261; baseline -0.01 0"><span class='ocrx_word' id='word_1_1' title='bbox 201 218 287 261; x_wconf 83' lang='lat'>308</span> <span class='ocrx_word' id='word_1_2' title='bbox 650 215 754 250; x_wconf 89' lang='lat' dir='ltr'>Inscr.</span> <span class='ocrx_word' id='word_1_3' title='bbox 778 215 952 259; x_wconf 82' lang='lat' dir='ltr'><strong>profanae.</strong></span> <span class='ocrx_word' id='word_1_4' title='bbox 1001 214 1085 259; x_wconf 85' lang='lat' dir='ltr'>Cap.</span> <span class='ocrx_word' id='word_1_5' title='bbox 1110 215 1151 250; x_wconf 89' lang='grc' dir='ltr'>ΙΙ.</span> <span class='ocrx_word' id='word_1_6' title='bbox 1198 215 1355 250; x_wconf 85' lang='lat' dir='ltr'>Tabulae.</span> 
     </span>
    </p>
   </div>
   <div class='ocr_carea' id='block_1_2' title="bbox 201 319 1796 434">
    <p class='ocr_par' dir='ltr' id='par_1_2' title="bbox 201 319 1796 434">
     <span class='ocr_line' id='line_1_2' title="bbox 201 319 1796 375; baseline -0.001 -10"><span class='ocrx_word' id='word_1_7' title='bbox 201 323 300 364; x_wconf 86' lang='lat' dir='ltr'>masi</span> <span class='ocrx_word' id='word_1_8' title='bbox 317 322 356 362; x_wconf 90' lang='lat' dir='ltr'>F.</span> <span class='ocrx_word' id='word_1_9' title='bbox 378 320 529 362; x_wconf 83' lang='lat' dir='ltr'>sacerd.</span> <span class='ocrx_word' id='word_1_10' title='bbox 561 319 663 375; x_wconf 84' lang='lat' dir='ltr'>Aug.</span> <span class='ocrx_word' id='word_1_11' title='bbox 698 321 739 362; x_wconf 93' lang='lat' dir='ltr'>C.</span> <span class='ocrx_word' id='word_1_12' title='bbox 767 321 956 363; x_wconf 85' lang='lat' dir='ltr'><strong>Arruntio</strong></span> <span class='ocrx_word' id='word_1_13' title='bbox 991 321 1137 362; x_wconf 84' lang='lat' dir='ltr'>Catello</span> <span class='ocrx_word' id='word_1_14' title='bbox 1170 321 1324 373; x_wconf 82' lang='lat' dir='ltr'>Celere,</span> <span class='ocrx_word' id='word_1_15' title='bbox 1356 320 1409 362; x_wconf 94' lang='lat' dir='ltr'>M.</span> <span class='ocrx_word' id='word_1_16' title='bbox 1433 320 1624 362; x_wconf 79' lang='lat' dir='ltr'>Arruntio</span> <span class='ocrx_word' id='word_1_17' title='bbox 1654 320 1796 374; x_wconf 85' lang='lat' dir='ltr'>Aquila</span> 
     </span>
     <span class='ocr_line' id='line_1_3' title="bbox 203 377 756 434; baseline -0.004 -12"><span class='ocrx_word' id='word_1_18' title='bbox 203 382 292 422; x_wconf 90' lang='lat' dir='ltr'>Cos.</span> <span class='ocrx_word' id='word_1_19' title='bbox 312 377 347 434; x_wconf 83' lang='grc'>1)</span> <span class='ocrx_word' id='word_1_20' title='bbox 380 379 444 420; x_wconf 93' lang='lat' dir='ltr'>IIII</span> <span class='ocrx_word' id='word_1_21' title='bbox 473 378 561 420; x_wconf 90' lang='lat' dir='ltr'>Idus</span> <span class='ocrx_word' id='word_1_22' title='bbox 595 379 756 420; x_wconf 85' lang='lat' dir='ltr'><strong>Octobr.</strong></span> 
     </span>
    </p>
   </div>
   <div class='ocr_carea' id='block_1_3' title="bbox 200 506 1796 588">
    <p class='ocr_par' dir='ltr' id='par_1_3' title="bbox 200 506 1796 588">
     <span class='ocr_line' id='line_1_4' title="bbox 200 506 1796 552; baseline -0.001 -10"><span class='ocrx_word' id='word_1_23' title='bbox 200 508 404 552; x_wconf 80' lang='lat' dir='ltr'>Epistola</span> <span class='ocrx_word' id='word_1_24' title='bbox 429 507 673 541; x_wconf 89' lang='lat' dir='ltr'>Domitiani</span> <span class='ocrx_word' id='word_1_25' title='bbox 700 513 909 552; x_wconf 84' lang='lat' dir='ltr'>spectans</span> <span class='ocrx_word' id='word_1_26' title='bbox 934 507 984 541; x_wconf 90' lang='lat' dir='ltr'>ad</span> <span class='ocrx_word' id='word_1_27' title='bbox 1011 507 1134 541; x_wconf 85' lang='lat' dir='ltr'>litem</span> <span class='ocrx_word' id='word_1_28' title='bbox 1168 509 1287 541; x_wconf 89' lang='lat' dir='ltr'>inter</span> <span class='ocrx_word' id='word_1_29' title='bbox 1319 506 1604 541; x_wconf 88' lang='lat' dir='ltr'>Falerienses</span> <span class='ocrx_word' id='word_1_30' title='bbox 1630 513 1672 542; x_wconf 87' lang='lat' dir='ltr'>et</span> <span class='ocrx_word' id='word_1_31' title='bbox 1696 507 1796 542; x_wconf 82' lang='lat' dir='ltr'>Fir-</span> 
     </span>
     <span class='ocr_line' id='line_1_5' title="bbox 732 555 1261 588; baseline 0.002 -1"><span class='ocrx_word' id='word_1_32' title='bbox 732 565 879 588; x_wconf 86' lang='lat' dir='ltr'>manos</span> <span class='ocrx_word' id='word_1_33' title='bbox 905 555 955 588; x_wconf 87' lang='lat' dir='ltr'>de</span> <span class='ocrx_word' id='word_1_34' title='bbox 983 555 1261 588; x_wconf 86' lang='lat' dir='ltr'>subsecivis.</span> 
     </span>
    </p>
   </div>
   <div class='ocr_carea' id='block_1_4' title="bbox 196 646 1798 1398">
    <p class='ocr_par' dir='ltr' id='par_1_4' title="bbox 196 646 1798 1398">
     <span class='ocr_line' id='line_1_6' title="bbox 343 646 1794 702; baseline 0 -15"><span class='ocrx_word' id='word_1_35' title='bbox 343 651 463 687; x_wconf 80' lang='lat'>1705.</span> <span class='ocrx_word' id='word_1_36' title='bbox 524 652 562 687; x_wconf 92' lang='lat' dir='ltr'>In</span> <span class='ocrx_word' id='word_1_37' title='bbox 594 651 714 688; x_wconf 86' lang='lat' dir='ltr'>tabula</span> <span class='ocrx_word' id='word_1_38' title='bbox 747 663 856 687; x_wconf 82' lang='lat' dir='ltr'>aenea</span> <span class='ocrx_word' id='word_1_39' title='bbox 889 651 1017 687; x_wconf 75' lang='lat' dir='ltr'>effossa</span> <span class='ocrx_word' id='word_1_40' title='bbox 1049 651 1082 687; x_wconf 90' lang='lat' dir='ltr'>in</span> <span class='ocrx_word' id='word_1_41' title='bbox 1116 651 1244 687; x_wconf 89' lang='lat' dir='ltr'>Piceno</span> <span class='ocrx_word' id='word_1_42' title='bbox 1277 651 1369 699; x_wconf 87' lang='lat' dir='ltr'>apud</span> <span class='ocrx_word' id='word_1_43' title='bbox 1411 651 1630 688; x_wconf 86' lang='lat' dir='ltr'>Falerienses</span> <span class='ocrx_word' id='word_1_44' title='bbox 1663 646 1794 702; x_wconf 80' lang='lat' dir='ltr'>(Fale-</span> 
     </span>
     <span class='ocr_line' id='line_1_7' title="bbox 198 703 1794 761; baseline -0.001 -15"><span class='ocrx_word' id='word_1_45' title='bbox 198 703 315 761; x_wconf 78' lang='lat' dir='ltr'>rone]</span> <span class='ocrx_word' id='word_1_46' title='bbox 350 709 473 754; x_wconf 70' lang='lat'>1599.</span> <span class='ocrx_word' id='word_1_47' title='bbox 507 720 597 756; x_wconf 88' lang='lat' dir='ltr'>quae</span> <span class='ocrx_word' id='word_1_48' title='bbox 630 721 648 745; x_wconf 88' lang='lat' dir='ltr'>a</span> <span class='ocrx_word' id='word_1_49' title='bbox 681 710 822 746; x_wconf 86' lang='lat' dir='ltr'>civitate</span> <span class='ocrx_word' id='word_1_50' title='bbox 853 709 1046 746; x_wconf 86' lang='lat' dir='ltr'>Faleriensi</span> <span class='ocrx_word' id='word_1_51' title='bbox 1078 710 1363 746; x_wconf 87' lang='lat' dir='ltr'>Aldobrandinio</span> <span class='ocrx_word' id='word_1_52' title='bbox 1391 709 1567 746; x_wconf 84' lang='lat' dir='ltr'>Cardinali</span> <span class='ocrx_word' id='word_1_53' title='bbox 1596 721 1650 746; x_wconf 84' lang='lat' dir='ltr'>an.</span> <span class='ocrx_word' id='word_1_54' title='bbox 1685 709 1794 745; x_wconf 81' lang='lat'>1604</span> 
     </span>
     <span class='ocr_line' id='line_1_8' title="bbox 201 767 1796 814; baseline -0.001 -10"><span class='ocrx_word' id='word_1_55' title='bbox 201 769 300 804; x_wconf 85' lang='lat' dir='ltr'>dono</span> <span class='ocrx_word' id='word_1_56' title='bbox 333 769 413 804; x_wconf 91' lang='lat' dir='ltr'>data</span> <span class='ocrx_word' id='word_1_57' title='bbox 447 769 650 814; x_wconf 80' lang='lat' dir='ltr'>Romaeque</span> <span class='ocrx_word' id='word_1_58' title='bbox 683 768 765 804; x_wconf 89' lang='lat' dir='ltr'>olim</span> <span class='ocrx_word' id='word_1_59' title='bbox 798 772 977 804; x_wconf 86' lang='lat' dir='ltr'>asservata</span> <span class='ocrx_word' id='word_1_60' title='bbox 1010 767 1068 804; x_wconf 93' lang='lat' dir='ltr'>ubi</span> <span class='ocrx_word' id='word_1_61' title='bbox 1101 779 1191 804; x_wconf 90' lang='lat' dir='ltr'>nunc</span> <span class='ocrx_word' id='word_1_62' title='bbox 1223 768 1268 803; x_wconf 86' lang='lat' dir='ltr'>sit</span> <span class='ocrx_word' id='word_1_63' title='bbox 1298 768 1508 814; x_wconf 54' lang='lat' dir='ltr'>ignoratum</span> <span class='ocrx_word' id='word_1_64' title='bbox 1539 768 1602 804; x_wconf 88' lang='lat' dir='ltr'>sed</span> <span class='ocrx_word' id='word_1_65' title='bbox 1634 768 1668 804; x_wconf 91' lang='lat' dir='ltr'>in</span> <span class='ocrx_word' id='word_1_66' title='bbox 1703 768 1796 804; x_wconf 89' lang='lat' dir='ltr'>Por-</span> 
     </span>
     <span class='ocr_line' id='line_1_9' title="bbox 202 826 1798 874; baseline 0 -12"><span class='ocrx_word' id='word_1_67' title='bbox 202 826 387 873; x_wconf 85' lang='lat' dir='ltr'>tugalliam</span> <span class='ocrx_word' id='word_1_68' title='bbox 421 827 529 862; x_wconf 85' lang='lat' dir='ltr'>Roma</span> <span class='ocrx_word' id='word_1_69' title='bbox 562 838 632 862; x_wconf 90' lang='lat' dir='ltr'>non</span> <span class='ocrx_word' id='word_1_70' title='bbox 664 826 778 862; x_wconf 89' lang='lat' dir='ltr'>multis</span> <span class='ocrx_word' id='word_1_71' title='bbox 810 826 935 862; x_wconf 86' lang='lat' dir='ltr'>abhinc</span> <span class='ocrx_word' id='word_1_72' title='bbox 967 826 1064 862; x_wconf 87' lang='lat' dir='ltr'>annis</span> <span class='ocrx_word' id='word_1_73' title='bbox 1096 826 1298 862; x_wconf 75' lang='lat' dir='ltr'>translatam</span> <span class='ocrx_word' id='word_1_74' title='bbox 1331 838 1408 862; x_wconf 86' lang='lat' dir='ltr'>esse</span> <span class='ocrx_word' id='word_1_75' title='bbox 1439 826 1655 873; x_wconf 84' lang='lat' dir='ltr'>Borghesius</span> <span class='ocrx_word' id='word_1_76' title='bbox 1677 826 1798 874; x_wconf 76' lang='lat' dir='ltr'>suspi-</span> 
     </span>
     <span class='ocr_line' id='line_1_10' title="bbox 198 879 1796 935; baseline -0.001 -14"><span class='ocrx_word' id='word_1_77' title='bbox 198 889 300 921; x_wconf 83' lang='lat' dir='ltr'>catur</span> <span class='ocrx_word' id='word_1_78' title='bbox 332 879 487 935; x_wconf 79' lang='lat' dir='ltr'>[Annali</span> <span class='ocrx_word' id='word_1_79' title='bbox 519 883 602 920; x_wconf 87' lang='lat' dir='ltr'>dcll&#39;</span> <span class='ocrx_word' id='word_1_80' title='bbox 634 883 792 920; x_wconf 87' lang='lat' dir='ltr'>instituto</span> <span class='ocrx_word' id='word_1_81' title='bbox 826 884 860 920; x_wconf 90' lang='lat' dir='ltr'>di</span> <span class='ocrx_word' id='word_1_82' title='bbox 893 885 1115 932; x_wconf 88' lang='lat' dir='ltr'>corrispond.</span> <span class='ocrx_word' id='word_1_83' title='bbox 1148 885 1242 920; x_wconf 91' lang='lat' dir='ltr'>arch.</span> <span class='ocrx_word' id='word_1_84' title='bbox 1274 885 1370 920; x_wconf 90' lang='lat' dir='ltr'>Tom.</span> <span class='ocrx_word' id='word_1_85' title='bbox 1403 884 1461 920; x_wconf 92' lang='lat' dir='ltr'>XI.</span> <span class='ocrx_word' id='word_1_86' title='bbox 1492 897 1526 932; x_wconf 91' lang='lat' dir='ltr'>p.</span> <span class='ocrx_word' id='word_1_87' title='bbox 1559 879 1652 935; x_wconf 80' lang='lat'>40).</span> <span class='ocrx_word' id='word_1_88' title='bbox 1705 884 1796 920; x_wconf 89' lang='lat' dir='ltr'>Edi·-</span> 
     </span>
     <span class='ocr_line' id='line_1_11' title="bbox 199 942 1794 990; baseline -0.001 -11"><span class='ocrx_word' id='word_1_89' title='bbox 199 942 345 979; x_wconf 87' lang='lat' dir='ltr'>derunt:</span> <span class='ocrx_word' id='word_1_90' title='bbox 397 942 508 979; x_wconf 84' lang='lat' dir='ltr'>Nicol.</span> <span class='ocrx_word' id='word_1_91' title='bbox 547 942 720 989; x_wconf 81' lang='lat' dir='ltr'>Rigaltius</span> <span class='ocrx_word' id='word_1_92' title='bbox 763 942 910 978; x_wconf 81' lang='lat' dir='ltr'>observ.</span> <span class='ocrx_word' id='word_1_93' title='bbox 953 943 995 978; x_wconf 85' lang='lat' dir='ltr'>ad</span> <span class='ocrx_word' id='word_1_94' title='bbox 1028 943 1220 990; x_wconf 77' lang='lat' dir='ltr'>scriptores</span> <span class='ocrx_word' id='word_1_95' title='bbox 1262 942 1313 978; x_wconf 90' lang='lat' dir='ltr'>rei</span> <span class='ocrx_word' id='word_1_96' title='bbox 1354 954 1469 989; x_wconf 79' lang='lat' dir='ltr'>agrar.</span> <span class='ocrx_word' id='word_1_97' title='bbox 1510 955 1545 990; x_wconf 91' lang='lat' dir='ltr'>p.</span> <span class='ocrx_word' id='word_1_98' title='bbox 1576 943 1642 978; x_wconf 85' lang='lat'>45.</span> <span class='ocrx_word' id='word_1_99' title='bbox 1673 942 1730 979; x_wconf 86' lang='lat' dir='ltr'>vel</span> <span class='ocrx_word' id='word_1_100' title='bbox 1761 954 1794 990; x_wconf 90' lang='lat' dir='ltr'>p.</span> 
     </span>
     <span class='ocr_line' id='line_1_12' title="bbox 200 999 1795 1049; baseline -0.001 -12"><span class='ocrx_word' id='word_1_101' title='bbox 200 1000 285 1037; x_wconf 85' lang='lat'>230</span> <span class='ocrx_word' id='word_1_102' title='bbox 318 1001 382 1037; x_wconf 87' lang='lat' dir='ltr'>Ed.</span> <span class='ocrx_word' id='word_1_103' title='bbox 415 1001 555 1046; x_wconf 74' lang='lat' dir='ltr'>Goesii3</span> <span class='ocrx_word' id='word_1_104' title='bbox 596 1001 765 1037; x_wconf 84' lang='lat' dir='ltr'>Gruterus</span> <span class='ocrx_word' id='word_1_105' title='bbox 807 1001 908 1037; x_wconf 87' lang='lat' dir='ltr'>Thes.</span> <span class='ocrx_word' id='word_1_106' title='bbox 939 1013 972 1048; x_wconf 89' lang='lat' dir='ltr'>p.</span> <span class='ocrx_word' id='word_1_107' title='bbox 1008 1000 1139 1045; x_wconf 68' lang='lat'>10333</span> <span class='ocrx_word' id='word_1_108' title='bbox 1180 1000 1294 1036; x_wconf 81' lang='lat' dir='ltr'>lllaffei</span> <span class='ocrx_word' id='word_1_109' title='bbox 1334 1001 1459 1036; x_wconf 87' lang='lat' dir='ltr'>Istoria</span> <span class='ocrx_word' id='word_1_110' title='bbox 1502 1001 1632 1048; x_wconf 91' lang='lat' dir='ltr'>diplom</span> <span class='ocrx_word' id='word_1_111' title='bbox 1663 1012 1696 1049; x_wconf 88' lang='lat' dir='ltr'>p.</span> <span class='ocrx_word' id='word_1_112' title='bbox 1730 999 1795 1036; x_wconf 84' lang='lat'>23.</span> 
     </span>
     <span class='ocr_line' id='line_1_13' title="bbox 198 1058 1795 1106; baseline -0.001 -11"><span class='ocrx_word' id='word_1_113' title='bbox 198 1058 257 1095; x_wconf 83' lang='lat' dir='ltr'>alii</span> <span class='ocrx_word' id='word_1_114' title='bbox 303 1070 391 1106; x_wconf 88' lang='lat' dir='ltr'>quos</span> <span class='ocrx_word' id='word_1_115' title='bbox 434 1059 591 1095; x_wconf 85' lang='lat' dir='ltr'>nominat</span> <span class='ocrx_word' id='word_1_116' title='bbox 631 1059 815 1103; x_wconf 72' lang='lat' dir='ltr'>Hauboffl,</span> <span class='ocrx_word' id='word_1_117' title='bbox 868 1058 924 1105; x_wconf 88' lang='lat' dir='ltr'>qui</span> <span class='ocrx_word' id='word_1_118' title='bbox 979 1058 1114 1105; x_wconf 87' lang='lat' dir='ltr'>recepit</span> <span class='ocrx_word' id='word_1_119' title='bbox 1152 1059 1243 1093; x_wconf 88' lang='lat' dir='ltr'>inter</span> <span class='ocrx_word' id='word_1_120' title='bbox 1283 1058 1434 1094; x_wconf 84' lang='lat' dir='ltr'>Monum.</span> <span class='ocrx_word' id='word_1_121' title='bbox 1475 1059 1582 1105; x_wconf 85' lang='lat' dir='ltr'>legal.</span> <span class='ocrx_word' id='word_1_122' title='bbox 1623 1071 1658 1106; x_wconf 88' lang='lat' dir='ltr'>p.</span> <span class='ocrx_word' id='word_1_123' title='bbox 1701 1058 1795 1094; x_wconf 83' lang='lat'>230.</span> 
     </span>
     <span class='ocr_line' id='line_1_14' title="bbox 196 1116 1796 1163; baseline -0.001 -10"><span class='ocrx_word' id='word_1_124' title='bbox 196 1116 364 1154; x_wconf 86' lang='lat' dir='ltr'>Addendi</span> <span class='ocrx_word' id='word_1_125' title='bbox 403 1121 482 1153; x_wconf 90' lang='lat' dir='ltr'>sunt</span> <span class='ocrx_word' id='word_1_126' title='bbox 523 1117 722 1154; x_wconf 79' lang='lat' dir='ltr'>Illorcellius</span> <span class='ocrx_word' id='word_1_127' title='bbox 764 1116 881 1163; x_wconf 82' lang='lat' dir='ltr'>Opera</span> <span class='ocrx_word' id='word_1_128' title='bbox 923 1116 1106 1163; x_wconf 81' lang='lat' dir='ltr'>epigraph.</span> <span class='ocrx_word' id='word_1_129' title='bbox 1138 1116 1235 1152; x_wconf 92' lang='lat' dir='ltr'>Tom.</span> <span class='ocrx_word' id='word_1_130' title='bbox 1267 1116 1292 1152; x_wconf 92' lang='lat'>1.</span> <span class='ocrx_word' id='word_1_131' title='bbox 1324 1128 1357 1163; x_wconf 89' lang='lat' dir='ltr'>p.</span> <span class='ocrx_word' id='word_1_132' title='bbox 1392 1116 1484 1152; x_wconf 79' lang='lat'>304.</span> <span class='ocrx_word' id='word_1_133' title='bbox 1533 1116 1640 1152; x_wconf 90' lang='lat' dir='ltr'>Orell.</span> <span class='ocrx_word' id='word_1_134' title='bbox 1672 1116 1796 1153; x_wconf 88' lang='lat'>3118.</span> 
     </span>
     <span class='ocr_line' id='line_1_15' title="bbox 203 1168 1797 1226; baseline -0.001 -14"><span class='ocrx_word' id='word_1_135' title='bbox 203 1175 352 1212; x_wconf 86' lang='lat' dir='ltr'>Gaetan.</span> <span class='ocrx_word' id='word_1_136' title='bbox 385 1176 435 1212; x_wconf 91' lang='lat' dir='ltr'>De</span> <span class='ocrx_word' id='word_1_137' title='bbox 466 1175 597 1211; x_wconf 84' lang='lat' dir='ltr'>lllinicis</span> <span class='ocrx_word' id='word_1_138' title='bbox 630 1171 686 1226; x_wconf 80' lang='lat' dir='ltr'>(in</span> <span class='ocrx_word' id='word_1_139' title='bbox 720 1175 845 1212; x_wconf 83' lang='lat' dir='ltr'>Annali</span> <span class='ocrx_word' id='word_1_140' title='bbox 879 1174 962 1210; x_wconf 73' lang='lat' dir='ltr'>deu&#39;</span> <span class='ocrx_word' id='word_1_141' title='bbox 992 1174 1151 1210; x_wconf 86' lang='lat' dir='ltr'>instituto</span> <span class='ocrx_word' id='word_1_142' title='bbox 1185 1173 1280 1210; x_wconf 89' lang='lat' dir='ltr'>arch.</span> <span class='ocrx_word' id='word_1_143' title='bbox 1311 1174 1347 1210; x_wconf 89' lang='lat' dir='ltr'>T.</span> <span class='ocrx_word' id='word_1_144' title='bbox 1369 1174 1427 1210; x_wconf 90' lang='lat' dir='ltr'>XI.</span> <span class='ocrx_word' id='word_1_145' title='bbox 1459 1187 1492 1222; x_wconf 92' lang='lat' dir='ltr'>p.</span> <span class='ocrx_word' id='word_1_146' title='bbox 1515 1168 1595 1226; x_wconf 78' lang='lat'>38)</span> <span class='ocrx_word' id='word_1_147' title='bbox 1626 1175 1684 1221; x_wconf 89' lang='lat' dir='ltr'>qui</span> <span class='ocrx_word' id='word_1_148' title='bbox 1707 1175 1797 1211; x_wconf 87' lang='lat' dir='ltr'>hanc</span> 
     </span>
     <span class='ocr_line' id='line_1_16' title="bbox 202 1225 1795 1283; baseline -0.001 -13"><span class='ocrx_word' id='word_1_149' title='bbox 202 1234 390 1281; x_wconf 87' lang='lat' dir='ltr'>epistolam</span> <span class='ocrx_word' id='word_1_150' title='bbox 423 1234 468 1269; x_wconf 92' lang='lat' dir='ltr'>de</span> <span class='ocrx_word' id='word_1_151' title='bbox 500 1234 666 1281; x_wconf 79' lang='lat' dir='ltr'>exemplo</span> <span class='ocrx_word' id='word_1_152' title='bbox 701 1233 744 1268; x_wconf 91' lang='lat' dir='ltr'>ad</span> <span class='ocrx_word' id='word_1_153' title='bbox 776 1233 1010 1268; x_wconf 85' lang='lat' dir='ltr'>authenticam</span> <span class='ocrx_word' id='word_1_154' title='bbox 1042 1233 1198 1268; x_wconf 82' lang='lat' dir='ltr'>tabulam</span> <span class='ocrx_word' id='word_1_155' title='bbox 1230 1237 1394 1268; x_wconf 87' lang='lat' dir='ltr'>accurate</span> <span class='ocrx_word' id='word_1_156' title='bbox 1426 1243 1600 1280; x_wconf 85' lang='lat' dir='ltr'>expresso</span> <span class='ocrx_word' id='word_1_157' title='bbox 1628 1225 1711 1283; x_wconf 77' lang='lat' dir='ltr'>[fac</span> <span class='ocrx_word' id='word_1_158' title='bbox 1742 1232 1795 1268; x_wconf 90' lang='lat' dir='ltr'>si-</span> 
     </span>
     <span class='ocr_line' id='line_1_17' title="bbox 198 1287 1795 1344; baseline -0.001 -16"><span class='ocrx_word' id='word_1_159' title='bbox 198 1287 311 1344; x_wconf 79' lang='lat' dir='ltr'>mile]</span> <span class='ocrx_word' id='word_1_160' title='bbox 345 1292 442 1339; x_wconf 91' lang='lat' dir='ltr'>quod</span> <span class='ocrx_word' id='word_1_161' title='bbox 473 1292 506 1328; x_wconf 89' lang='lat' dir='ltr'>in</span> <span class='ocrx_word' id='word_1_162' title='bbox 540 1292 675 1339; x_wconf 89' lang='lat' dir='ltr'>oppido</span> <span class='ocrx_word' id='word_1_163' title='bbox 717 1291 891 1327; x_wconf 85' lang='lat' dir='ltr'>Falerone</span> <span class='ocrx_word' id='word_1_164' title='bbox 933 1295 1134 1326; x_wconf 84' lang='lat' dir='ltr'>asservatur</span> <span class='ocrx_word' id='word_1_165' title='bbox 1175 1291 1422 1339; x_wconf 85' lang='lat' dir='ltr'>transcriptum</span> <span class='ocrx_word' id='word_1_166' title='bbox 1465 1291 1575 1327; x_wconf 82' lang='lat' dir='ltr'>edidit</span> <span class='ocrx_word' id='word_1_167' title='bbox 1605 1295 1642 1327; x_wconf 88' lang='lat' dir='ltr'>et</span> <span class='ocrx_word' id='word_1_168' title='bbox 1672 1295 1795 1328; x_wconf 88' lang='lat' dir='ltr'>contra</span> 
     </span>
     <span class='ocr_line' id='line_1_18' title="bbox 198 1349 1280 1398; baseline -0.003 -11"><span class='ocrx_word' id='word_1_169' title='bbox 198 1350 436 1398; x_wconf 84' lang='lat' dir='ltr'>suspicionem</span> <span class='ocrx_word' id='word_1_170' title='bbox 470 1350 636 1386; x_wconf 87' lang='lat' dir='ltr'>falsitatis</span> <span class='ocrx_word' id='word_1_171' title='bbox 668 1350 710 1385; x_wconf 84' lang='lat' dir='ltr'>ab</span> <span class='ocrx_word' id='word_1_172' title='bbox 744 1349 915 1395; x_wconf 82' lang='lat' dir='ltr'>aliquibus</span> <span class='ocrx_word' id='word_1_173' title='bbox 947 1353 1076 1384; x_wconf 86' lang='lat' dir='ltr'>motam</span> <span class='ocrx_word' id='word_1_174' title='bbox 1109 1349 1280 1385; x_wconf 85' lang='lat' dir='ltr'>defendit.</span> 
     </span>
    </p>
   </div>
   <div class='ocr_carea' id='block_1_5' title="bbox 197 1415 1797 2515">
    <p class='ocr_par' dir='ltr' id='par_1_5' title="bbox 197 1415 1796 1574">
     <span class='ocr_line' id='line_1_19' title="bbox 337 1415 1796 1469; baseline 0 -13"><span class='ocrx_word' id='word_1_175' title='bbox 337 1417 430 1469; x_wconf 90' lang='lat' dir='ltr'>Imp.</span> <span class='ocrx_word' id='word_1_176' title='bbox 465 1417 610 1457; x_wconf 85' lang='lat' dir='ltr'>Caesar</span> <span class='ocrx_word' id='word_1_177' title='bbox 642 1416 718 1455; x_wconf 82' lang='lat' dir='ltr'>divi</span> <span class='ocrx_word' id='word_1_178' title='bbox 755 1416 987 1468; x_wconf 75' lang='lat' dir='ltr'>Vespasiani</span> <span class='ocrx_word' id='word_1_179' title='bbox 1018 1416 1059 1455; x_wconf 88' lang='lat' dir='ltr'>F.</span> <span class='ocrx_word' id='word_1_180' title='bbox 1092 1416 1333 1456; x_wconf 89' lang='lat' dir='ltr'>Domitianus</span> <span class='ocrx_word' id='word_1_181' title='bbox 1374 1415 1582 1468; x_wconf 84' lang='lat' dir='ltr'>Augustus</span> <span class='ocrx_word' id='word_1_182' title='bbox 1612 1415 1796 1457; x_wconf 83' lang='lat' dir='ltr'>Pontifex</span> 
     </span>
     <span class='ocr_line' id='line_1_20' title="bbox 197 1473 1794 1528; baseline -0.001 -13"><span class='ocrx_word' id='word_1_183' title='bbox 197 1487 300 1515; x_wconf 80' lang='lat' dir='ltr'>max,</span> <span class='ocrx_word' id='word_1_184' title='bbox 333 1475 436 1514; x_wconf 88' lang='lat' dir='ltr'>Trib.</span> <span class='ocrx_word' id='word_1_185' title='bbox 476 1479 619 1528; x_wconf 87' lang='lat' dir='ltr'>potest.</span> <span class='ocrx_word' id='word_1_186' title='bbox 661 1475 751 1526; x_wconf 87' lang='lat' dir='ltr'>Imp.</span> <span class='ocrx_word' id='word_1_187' title='bbox 794 1473 835 1514; x_wconf 91' lang='lat' dir='ltr'>II.</span> <span class='ocrx_word' id='word_1_188' title='bbox 871 1474 959 1514; x_wconf 87' lang='lat' dir='ltr'>Cos.</span> <span class='ocrx_word' id='word_1_189' title='bbox 1003 1473 1083 1512; x_wconf 83' lang='lat' dir='ltr'>VIII</span> <span class='ocrx_word' id='word_1_190' title='bbox 1116 1474 1304 1528; x_wconf 79' lang='lat' dir='ltr'>designat.</span> <span class='ocrx_word' id='word_1_191' title='bbox 1347 1474 1456 1514; x_wconf 88' lang='lat' dir='ltr'>VIIII.</span> <span class='ocrx_word' id='word_1_192' title='bbox 1487 1475 1527 1514; x_wconf 90' lang='lat' dir='ltr'>P.</span> <span class='ocrx_word' id='word_1_193' title='bbox 1560 1475 1599 1515; x_wconf 89' lang='lat' dir='ltr'>P.</span> <span class='ocrx_word' id='word_1_194' title='bbox 1632 1475 1794 1515; x_wconf 86' lang='lat' dir='ltr'>salutem</span> 
     </span>
     <span class='ocr_line' id='line_1_21' title="bbox 201 1531 1472 1574; baseline -0.001 -1"><span class='ocrx_word' id='word_1_195' title='bbox 201 1533 294 1574; x_wconf 88' lang='lat' dir='ltr'>dicit</span> <span class='ocrx_word' id='word_1_196' title='bbox 324 1531 386 1572; x_wconf 91' lang='lat' dir='ltr'>IIII</span> <span class='ocrx_word' id='word_1_197' title='bbox 402 1533 496 1572; x_wconf 80' lang='lat' dir='ltr'>viris</span> <span class='ocrx_word' id='word_1_198' title='bbox 528 1538 567 1572; x_wconf 88' lang='lat' dir='ltr'>ct</span> <span class='ocrx_word' id='word_1_199' title='bbox 598 1533 888 1572; x_wconf 83' lang='lat' dir='ltr'>Decurionibus</span> <span class='ocrx_word' id='word_1_200' title='bbox 921 1532 1201 1572; x_wconf 83' lang='lat' dir='ltr'>Faleriensium</span> <span class='ocrx_word' id='word_1_201' title='bbox 1233 1544 1284 1571; x_wconf 86' lang='lat' dir='ltr'>ex</span> <span class='ocrx_word' id='word_1_202' title='bbox 1315 1532 1472 1572; x_wconf 82' lang='lat' dir='ltr'>Piceno.</span> 
     </span>
    </p>

    <p class='ocr_par' dir='ltr' id='par_1_6' title="bbox 199 1589 1794 1702">
     <span class='ocr_line' id='line_1_22' title="bbox 337 1589 1794 1644; baseline 0.001 -13"><span class='ocrx_word' id='word_1_203' title='bbox 337 1590 436 1639; x_wconf 84' lang='lat' dir='ltr'>Quid</span> <span class='ocrx_word' id='word_1_204' title='bbox 468 1591 738 1631; x_wconf 87' lang='lat' dir='ltr'>constituerim</span> <span class='ocrx_word' id='word_1_205' title='bbox 771 1590 819 1629; x_wconf 88' lang='lat' dir='ltr'>de</span> <span class='ocrx_word' id='word_1_206' title='bbox 849 1591 1056 1630; x_wconf 85' lang='lat' dir='ltr'>subsicivis</span> <span class='ocrx_word' id='word_1_207' title='bbox 1088 1591 1246 1644; x_wconf 78' lang='lat' dir='ltr'>cognita</span> <span class='ocrx_word' id='word_1_208' title='bbox 1279 1603 1397 1630; x_wconf 79' lang='lat' dir='ltr'>causa</span> <span class='ocrx_word' id='word_1_209' title='bbox 1421 1590 1522 1630; x_wconf 85' lang='lat' dir='ltr'>inter</span> <span class='ocrx_word' id='word_1_210' title='bbox 1545 1602 1617 1632; x_wconf 93' lang='lat' dir='ltr'>vos</span> <span class='ocrx_word' id='word_1_211' title='bbox 1639 1595 1679 1632; x_wconf 90' lang='lat' dir='ltr'>et</span> <span class='ocrx_word' id='word_1_212' title='bbox 1704 1589 1794 1632; x_wconf 78' lang='lat' dir='ltr'>Fir-</span> 
     </span>
     <span class='ocr_line' id='line_1_23' title="bbox 199 1646 1525 1702; baseline 0 -13"><span class='ocrx_word' id='word_1_213' title='bbox 199 1660 339 1690; x_wconf 89' lang='lat' dir='ltr'>manos</span> <span class='ocrx_word' id='word_1_214' title='bbox 372 1654 413 1689; x_wconf 83' lang='lat' dir='ltr'>ut</span> <span class='ocrx_word' id='word_1_215' title='bbox 443 1653 576 1689; x_wconf 89' lang='lat' dir='ltr'>notum</span> <span class='ocrx_word' id='word_1_216' title='bbox 608 1648 802 1688; x_wconf 85' lang='lat' dir='ltr'>haberetis</span> <span class='ocrx_word' id='word_1_217' title='bbox 817 1646 872 1702; x_wconf 77' lang='lat'>2),</span> <span class='ocrx_word' id='word_1_218' title='bbox 903 1648 990 1688; x_wconf 92' lang='lat' dir='ltr'>huic</span> <span class='ocrx_word' id='word_1_219' title='bbox 1022 1649 1211 1700; x_wconf 84' lang='lat' dir='ltr'>epistulae</span> <span class='ocrx_word' id='word_1_220' title='bbox 1243 1649 1382 1688; x_wconf 87' lang='lat' dir='ltr'>subiici</span> <span class='ocrx_word' id='word_1_221' title='bbox 1412 1649 1525 1689; x_wconf 89' lang='lat' dir='ltr'>iussi.</span> 
     </span>
    </p>

    <p class='ocr_par' dir='ltr' id='par_1_7' title="bbox 339 1704 1626 1760">
     <span class='ocr_line' id='line_1_24' title="bbox 339 1704 1626 1760; baseline 0.001 -14"><span class='ocrx_word' id='word_1_222' title='bbox 339 1707 379 1746; x_wconf 93' lang='lat' dir='ltr'>P.</span> <span class='ocrx_word' id='word_1_223' title='bbox 412 1706 569 1747; x_wconf 88' lang='lat' dir='ltr'>Valerio</span> <span class='ocrx_word' id='word_1_224' title='bbox 601 1707 784 1747; x_wconf 80' lang='lat' dir='ltr'>Patruino</span> <span class='ocrx_word' id='word_1_225' title='bbox 800 1737 948 1746; x_wconf 90' lang='lat'>.......</span> <span class='ocrx_word' id='word_1_226' title='bbox 983 1706 1072 1746; x_wconf 88' lang='lat' dir='ltr'>Cos.</span> <span class='ocrx_word' id='word_1_227' title='bbox 1090 1704 1130 1760; x_wconf 73' lang='lat'>3)</span> <span class='ocrx_word' id='word_1_228' title='bbox 1163 1707 1273 1747; x_wconf 83' lang='lat' dir='ltr'>XIIII.</span> <span class='ocrx_word' id='word_1_229' title='bbox 1306 1706 1379 1746; x_wconf 83' lang='lat' dir='ltr'>kal.</span> <span class='ocrx_word' id='word_1_230' title='bbox 1411 1706 1626 1760; x_wconf 85' lang='lat' dir='ltr'>Augustas.</span> 
     </span>
    </p>

    <p class='ocr_par' dir='ltr' id='par_1_8' title="bbox 198 1764 1797 1934">
     <span class='ocr_line' id='line_1_25' title="bbox 339 1764 1795 1818; baseline 0.001 -13"><span class='ocrx_word' id='word_1_231' title='bbox 339 1766 433 1818; x_wconf 90' lang='lat' dir='ltr'>Imp.</span> <span class='ocrx_word' id='word_1_232' title='bbox 466 1764 609 1805; x_wconf 86' lang='lat' dir='ltr'>Caesar</span> <span class='ocrx_word' id='word_1_233' title='bbox 648 1764 724 1804; x_wconf 84' lang='lat' dir='ltr'>‹Iivi</span> <span class='ocrx_word' id='word_1_234' title='bbox 756 1765 983 1816; x_wconf 81' lang='lat' dir='ltr'>Vespasiani</span> <span class='ocrx_word' id='word_1_235' title='bbox 1024 1765 1063 1804; x_wconf 89' lang='lat' dir='ltr'>F.</span> <span class='ocrx_word' id='word_1_236' title='bbox 1096 1765 1335 1806; x_wconf 85' lang='lat' dir='ltr'>Domitianus</span> <span class='ocrx_word' id='word_1_237' title='bbox 1366 1764 1469 1818; x_wconf 84' lang='lat' dir='ltr'>Aug.</span> <span class='ocrx_word' id='word_1_238' title='bbox 1512 1765 1694 1806; x_wconf 87' lang='lat' dir='ltr'>adhibitis</span> <span class='ocrx_word' id='word_1_239' title='bbox 1726 1770 1795 1806; x_wconf 88' lang='lat' dir='ltr'>ut-</span> 
     </span>
     <span class='ocr_line' id='line_1_26' title="bbox 198 1821 1797 1877; baseline -0.002 -12"><span class='ocrx_word' id='word_1_240' title='bbox 198 1825 363 1877; x_wconf 84' lang='lat' dir='ltr'>riusque</span> <span class='ocrx_word' id='word_1_241' title='bbox 395 1822 543 1864; x_wconf 86' lang='lat' dir='ltr'>ordinis</span> <span class='ocrx_word' id='word_1_242' title='bbox 584 1821 798 1875; x_wconf 85' lang='lat' dir='ltr'>splendidis</span> <span class='ocrx_word' id='word_1_243' title='bbox 840 1823 934 1862; x_wconf 88' lang='lat' dir='ltr'>viris</span> <span class='ocrx_word' id='word_1_244' title='bbox 975 1823 1129 1876; x_wconf 84' lang='lat' dir='ltr'>cognita</span> <span class='ocrx_word' id='word_1_245' title='bbox 1172 1835 1292 1863; x_wconf 87' lang='lat' dir='ltr'>causa</span> <span class='ocrx_word' id='word_1_246' title='bbox 1332 1823 1436 1863; x_wconf 87' lang='lat' dir='ltr'>inter</span> <span class='ocrx_word' id='word_1_247' title='bbox 1476 1823 1725 1864; x_wconf 87' lang='lat' dir='ltr'>Falerienses</span> <span class='ocrx_word' id='word_1_248' title='bbox 1757 1828 1797 1863; x_wconf 87' lang='lat' dir='ltr'>et</span> 
     </span>
     <span class='ocr_line' id='line_1_27' title="bbox 199 1880 1218 1934; baseline -0.002 -12"><span class='ocrx_word' id='word_1_249' title='bbox 199 1882 404 1923; x_wconf 90' lang='lat' dir='ltr'>Firmanos</span> <span class='ocrx_word' id='word_1_250' title='bbox 435 1881 684 1934; x_wconf 86' lang='lat' dir='ltr'>pronuntiavi</span> <span class='ocrx_word' id='word_1_251' title='bbox 716 1880 819 1933; x_wconf 85' lang='lat' dir='ltr'>quod</span> <span class='ocrx_word' id='word_1_252' title='bbox 851 1881 1114 1932; x_wconf 87' lang='lat' dir='ltr'>subscriptum</span> <span class='ocrx_word' id='word_1_253' title='bbox 1147 1886 1218 1920; x_wconf 83' lang='lat' dir='ltr'>cst.</span> 
     </span>
    </p>

    <p class='ocr_par' dir='ltr' id='par_1_9' title="bbox 198 1939 1795 2341">
     <span class='ocr_line' id='line_1_28' title="bbox 338 1939 1795 1991; baseline 0 -11"><span class='ocrx_word' id='word_1_254' title='bbox 338 1939 386 1980; x_wconf 88' lang='lat' dir='ltr'>Et</span> <span class='ocrx_word' id='word_1_255' title='bbox 419 1944 595 1980; x_wconf 80' lang='lat' dir='ltr'>vetustas</span> <span class='ocrx_word' id='word_1_256' title='bbox 629 1939 727 1988; x_wconf 81' lang='lat' dir='ltr'>litis,</span> <span class='ocrx_word' id='word_1_257' title='bbox 770 1951 870 1991; x_wconf 86' lang='lat' dir='ltr'>quae</span> <span class='ocrx_word' id='word_1_258' title='bbox 910 1943 1001 1991; x_wconf 84' lang='lat' dir='ltr'>post</span> <span class='ocrx_word' id='word_1_259' title='bbox 1040 1944 1095 1979; x_wconf 87' lang='lat' dir='ltr'>tot</span> <span class='ocrx_word' id='word_1_260' title='bbox 1126 1951 1249 1979; x_wconf 88' lang='lat' dir='ltr'>annos</span> <span class='ocrx_word' id='word_1_261' title='bbox 1290 1943 1525 1980; x_wconf 85' lang='lat' dir='ltr'>retractatur</span> <span class='ocrx_word' id='word_1_262' title='bbox 1556 1952 1577 1979; x_wconf 87' lang='lat' dir='ltr'>a</span> <span class='ocrx_word' id='word_1_263' title='bbox 1608 1939 1795 1980; x_wconf 88' lang='lat' dir='ltr'>Firmanis</span> 
     </span>
     <span class='ocr_line' id='line_1_29' title="bbox 199 1997 1795 2050; baseline -0.001 -11"><span class='ocrx_word' id='word_1_264' title='bbox 199 1998 394 2039; x_wconf 86' lang='lat' dir='ltr'>adversus</span> <span class='ocrx_word' id='word_1_265' title='bbox 425 1997 672 2038; x_wconf 85' lang='lat' dir='ltr'>Falerienses</span> <span class='ocrx_word' id='word_1_266' title='bbox 704 1997 960 2037; x_wconf 86' lang='lat' dir='ltr'>vehementer</span> <span class='ocrx_word' id='word_1_267' title='bbox 999 2009 1061 2036; x_wconf 90' lang='lat' dir='ltr'>me</span> <span class='ocrx_word' id='word_1_268' title='bbox 1094 2002 1248 2047; x_wconf 69' lang='lat' dir='ltr'>movet,</span> <span class='ocrx_word' id='word_1_269' title='bbox 1291 2010 1379 2037; x_wconf 88' lang='lat' dir='ltr'>cum</span> <span class='ocrx_word' id='word_1_270' title='bbox 1411 2010 1691 2050; x_wconf 91' lang='lat' dir='ltr'>possessorum</span> <span class='ocrx_word' id='word_1_271' title='bbox 1723 2010 1795 2038; x_wconf 92' lang='lat' dir='ltr'>se-</span> 
     </span>
     <span class='ocr_line' id='line_1_30' title="bbox 199 2054 1795 2109; baseline 0 -13"><span class='ocrx_word' id='word_1_272' title='bbox 199 2057 358 2097; x_wconf 87' lang='lat' dir='ltr'>curitati</span> <span class='ocrx_word' id='word_1_273' title='bbox 390 2056 454 2096; x_wconf 85' lang='lat' dir='ltr'>vel</span> <span class='ocrx_word' id='word_1_274' title='bbox 486 2056 611 2096; x_wconf 91' lang='lat' dir='ltr'>minus</span> <span class='ocrx_word' id='word_1_275' title='bbox 642 2055 749 2095; x_wconf 86' lang='lat' dir='ltr'>multi</span> <span class='ocrx_word' id='word_1_276' title='bbox 781 2056 870 2095; x_wconf 86' lang='lat' dir='ltr'>anni</span> <span class='ocrx_word' id='word_1_277' title='bbox 901 2054 1086 2094; x_wconf 75' lang='lat' dir='ltr'>sufficere</span> <span class='ocrx_word' id='word_1_278' title='bbox 1118 2056 1290 2107; x_wconf 85' lang='lat' dir='ltr'>possint,</span> <span class='ocrx_word' id='word_1_279' title='bbox 1323 2060 1363 2094; x_wconf 87' lang='lat' dir='ltr'>et</span> <span class='ocrx_word' id='word_1_280' title='bbox 1394 2055 1471 2095; x_wconf 89' lang='lat' dir='ltr'>divi</span> <span class='ocrx_word' id='word_1_281' title='bbox 1502 2055 1672 2109; x_wconf 82' lang='lat' dir='ltr'>Augusti</span> <span class='ocrx_word' id='word_1_282' title='bbox 1703 2055 1795 2096; x_wconf 92' lang='lat' dir='ltr'>dili-</span> 
     </span>
     <span class='ocr_line' id='line_1_31' title="bbox 198 2113 1794 2168; baseline 0 -14"><span class='ocrx_word' id='word_1_283' title='bbox 198 2115 416 2168; x_wconf 87' lang='lat' dir='ltr'>gentissimi</span> <span class='ocrx_word' id='word_1_284' title='bbox 448 2119 488 2154; x_wconf 88' lang='lat' dir='ltr'>et</span> <span class='ocrx_word' id='word_1_285' title='bbox 517 2113 847 2166; x_wconf 70' lang='lat' dir='ltr'>indulgentissimi</span> <span class='ocrx_word' id='word_1_286' title='bbox 878 2125 973 2165; x_wconf 82' lang='lat' dir='ltr'>erga</span> <span class='ocrx_word' id='word_1_287' title='bbox 1007 2113 1228 2160; x_wconf 83' lang='lat' dir='ltr'>Quartanos</span> <span class='ocrx_word' id='word_1_288' title='bbox 1260 2125 1356 2153; x_wconf 86' lang='lat' dir='ltr'>suos</span> <span class='ocrx_word' id='word_1_289' title='bbox 1387 2113 1574 2166; x_wconf 80' lang='lat' dir='ltr'>Principis</span> <span class='ocrx_word' id='word_1_290' title='bbox 1614 2113 1794 2165; x_wconf 86' lang='lat' dir='ltr'>epistula,</span> 
     </span>
     <span class='ocr_line' id='line_1_32' title="bbox 199 2168 1794 2224; baseline 0 -12"><span class='ocrx_word' id='word_1_291' title='bbox 199 2185 278 2224; x_wconf 90' lang='lat' dir='ltr'>qua</span> <span class='ocrx_word' id='word_1_292' title='bbox 309 2171 509 2214; x_wconf 86' lang='lat' dir='ltr'>admonuit</span> <span class='ocrx_word' id='word_1_293' title='bbox 541 2184 612 2212; x_wconf 92' lang='lat' dir='ltr'>eos</span> <span class='ocrx_word' id='word_1_294' title='bbox 644 2177 685 2211; x_wconf 88' lang='lat' dir='ltr'>ut</span> <span class='ocrx_word' id='word_1_295' title='bbox 717 2173 845 2212; x_wconf 88' lang='lat' dir='ltr'>omnia</span> <span class='ocrx_word' id='word_1_296' title='bbox 865 2172 1061 2211; x_wconf 86' lang='lat' dir='ltr'>subsiciva</span> <span class='ocrx_word' id='word_1_297' title='bbox 1074 2168 1115 2224; x_wconf 81' lang='lat'>4)</span> <span class='ocrx_word' id='word_1_298' title='bbox 1148 2184 1219 2210; x_wconf 87' lang='lat' dir='ltr'>sua</span> <span class='ocrx_word' id='word_1_299' title='bbox 1242 2171 1476 2224; x_wconf 85' lang='lat' dir='ltr'>colligerent</span> <span class='ocrx_word' id='word_1_300' title='bbox 1501 2178 1540 2212; x_wconf 85' lang='lat' dir='ltr'>ct</span> <span class='ocrx_word' id='word_1_301' title='bbox 1562 2171 1794 2222; x_wconf 86' lang='lat' dir='ltr'>venderent,</span> 
     </span>
     <span class='ocr_line' id='line_1_33' title="bbox 199 2228 1793 2283; baseline -0.001 -12"><span class='ocrx_word' id='word_1_302' title='bbox 199 2242 303 2282; x_wconf 88' lang='lat' dir='ltr'>quos</span> <span class='ocrx_word' id='word_1_303' title='bbox 335 2235 412 2270; x_wconf 88' lang='lat' dir='ltr'>tam</span> <span class='ocrx_word' id='word_1_304' title='bbox 444 2230 590 2270; x_wconf 83' lang='lat' dir='ltr'>salubri</span> <span class='ocrx_word' id='word_1_305' title='bbox 621 2229 874 2270; x_wconf 89' lang='lat' dir='ltr'>admonitioni</span> <span class='ocrx_word' id='word_1_306' title='bbox 895 2230 1075 2282; x_wconf 88' lang='lat' dir='ltr'>paruisse</span> <span class='ocrx_word' id='word_1_307' title='bbox 1097 2241 1175 2269; x_wconf 86' lang='lat' dir='ltr'>non</span> <span class='ocrx_word' id='word_1_308' title='bbox 1198 2228 1357 2277; x_wconf 85' lang='lat' dir='ltr'>dubito;</span> <span class='ocrx_word' id='word_1_309' title='bbox 1388 2234 1550 2282; x_wconf 86' lang='lat' dir='ltr'>propter</span> <span class='ocrx_word' id='word_1_310' title='bbox 1571 2242 1673 2282; x_wconf 85' lang='lat' dir='ltr'>quae</span> <span class='ocrx_word' id='word_1_311' title='bbox 1693 2242 1793 2283; x_wconf 89' lang='lat' dir='ltr'>pos-</span> 
     </span>
     <span class='ocr_line' id='line_1_34' title="bbox 199 2284 1627 2341; baseline -0.001 -11"><span class='ocrx_word' id='word_1_312' title='bbox 199 2299 403 2330; x_wconf 88' lang='lat' dir='ltr'>sessorum</span> <span class='ocrx_word' id='word_1_313' title='bbox 433 2289 494 2328; x_wconf 90' lang='lat' dir='ltr'>ius</span> <span class='ocrx_word' id='word_1_314' title='bbox 529 2287 730 2329; x_wconf 82' lang='lat' dir='ltr'>confirmo.</span> <span class='ocrx_word' id='word_1_315' title='bbox 772 2288 918 2327; x_wconf 83' lang='lat' dir='ltr'>Valetc.</span> <span class='ocrx_word' id='word_1_316' title='bbox 957 2287 1001 2327; x_wconf 94' lang='lat' dir='ltr'>D.</span> <span class='ocrx_word' id='word_1_317' title='bbox 1018 2284 1057 2341; x_wconf 71' lang='grc'>5)</span> <span class='ocrx_word' id='word_1_318' title='bbox 1090 2286 1153 2326; x_wconf 88' lang='lat' dir='ltr'>XI.</span> <span class='ocrx_word' id='word_1_319' title='bbox 1184 2286 1222 2326; x_wconf 79' lang='lat' dir='ltr'>k.</span> <span class='ocrx_word' id='word_1_320' title='bbox 1254 2287 1359 2340; x_wconf 83' lang='lat' dir='ltr'>Aug.</span> <span class='ocrx_word' id='word_1_321' title='bbox 1389 2288 1428 2326; x_wconf 88' lang='lat' dir='ltr'>in</span> <span class='ocrx_word' id='word_1_322' title='bbox 1459 2287 1627 2328; x_wconf 85' lang='lat' dir='ltr'>Albano.</span> 
     </span>
    </p>

    <p class='ocr_par' dir='ltr' id='par_1_10' title="bbox 337 2345 1079 2400">
     <span class='ocr_line' id='line_1_35' title="bbox 337 2345 1079 2400; baseline -0.003 -13"><span class='ocrx_word' id='word_1_323' title='bbox 337 2346 495 2400; x_wconf 88' lang='lat' dir='ltr'>Agente</span> <span class='ocrx_word' id='word_1_324' title='bbox 527 2358 681 2386; x_wconf 87' lang='lat' dir='ltr'>curam:</span> <span class='ocrx_word' id='word_1_325' title='bbox 731 2346 774 2386; x_wconf 92' lang='lat' dir='ltr'>T.</span> <span class='ocrx_word' id='word_1_326' title='bbox 807 2346 929 2386; x_wconf 89' lang='lat' dir='ltr'>Bovio</span> <span class='ocrx_word' id='word_1_327' title='bbox 962 2345 1079 2385; x_wconf 85' lang='lat' dir='ltr'>Vero.</span> 
     </span>
    </p>

    <p class='ocr_par' dir='ltr' id='par_1_11' title="bbox 338 2402 1112 2459">
     <span class='ocr_line' id='line_1_36' title="bbox 338 2402 1112 2459; baseline -0.001 -14"><span class='ocrx_word' id='word_1_328' title='bbox 338 2404 520 2459; x_wconf 85' lang='lat' dir='ltr'>Legatis:</span> <span class='ocrx_word' id='word_1_329' title='bbox 729 2404 768 2443; x_wconf 93' lang='lat' dir='ltr'>P.</span> <span class='ocrx_word' id='word_1_330' title='bbox 801 2403 924 2444; x_wconf 88' lang='lat' dir='ltr'>Bovio</span> <span class='ocrx_word' id='word_1_331' title='bbox 955 2402 1112 2454; x_wconf 84' lang='lat' dir='ltr'>Sabino,</span> 
     </span>
    </p>

    <p class='ocr_par' dir='ltr' id='par_1_12' title="bbox 724 2457 1508 2515">
     <span class='ocr_line' id='line_1_37' title="bbox 724 2457 1508 2515; baseline 0 -14"><span class='ocrx_word' id='word_1_332' title='bbox 724 2462 764 2502; x_wconf 88' lang='lat' dir='ltr'>P.</span> <span class='ocrx_word' id='word_1_333' title='bbox 796 2461 979 2502; x_wconf 88' lang='lat' dir='ltr'>Petronio</span> <span class='ocrx_word' id='word_1_334' title='bbox 1011 2460 1165 2502; x_wconf 87' lang='lat' dir='ltr'>Achille</span> <span class='ocrx_word' id='word_1_335' title='bbox 1196 2461 1241 2501; x_wconf 93' lang='lat' dir='ltr'>D.</span> <span class='ocrx_word' id='word_1_336' title='bbox 1274 2460 1378 2502; x_wconf 87' lang='lat' dir='ltr'>D...</span> <span class='ocrx_word' id='word_1_337' title='bbox 1411 2461 1451 2501; x_wconf 92' lang='lat' dir='ltr'>P.</span> <span class='ocrx_word' id='word_1_338' title='bbox 1467 2457 1508 2515; x_wconf 76' lang='lat'>⁶)</span> 
     </span>
    </p>
   </div>
   <div class='ocr_carea' id='block_1_6' title="bbox 198 2587 1793 2680">
    <p class='ocr_par' dir='ltr' id='par_1_13' title="bbox 198 2587 1793 2680">
     <span class='ocr_line' id='line_1_38' title="bbox 198 2587 1793 2634; baseline -0.003 -9"><span class='ocrx_word' id='word_1_339' title='bbox 198 2589 395 2634; x_wconf 84' lang='lat' dir='ltr'>Exempl.</span> <span class='ocrx_word' id='word_1_340' title='bbox 421 2589 649 2634; x_wconf 87' lang='lat' dir='ltr'>epistolae</span> <span class='ocrx_word' id='word_1_341' title='bbox 675 2590 960 2634; x_wconf 85' lang='lat' dir='ltr'>Imperatoris</span> <span class='ocrx_word' id='word_1_342' title='bbox 986 2588 1197 2622; x_wconf 87' lang='lat' dir='ltr'>Hadriani</span> <span class='ocrx_word' id='word_1_343' title='bbox 1223 2589 1422 2631; x_wconf 87' lang='lat' dir='ltr'>scriptae</span> <span class='ocrx_word' id='word_1_344' title='bbox 1447 2587 1717 2630; x_wconf 85' lang='lat' dir='ltr'>adQuietum</span> <span class='ocrx_word' id='word_1_345' title='bbox 1743 2587 1793 2621; x_wconf 87' lang='lat' dir='ltr'>de</span> 
     </span>
     <span class='ocr_line' id='line_1_39' title="bbox 567 2635 1429 2680; baseline 0 -12"><span class='ocrx_word' id='word_1_346' title='bbox 567 2636 705 2669; x_wconf 88' lang='lat' dir='ltr'>cleris</span> <span class='ocrx_word' id='word_1_347' title='bbox 731 2638 827 2680; x_wconf 85' lang='lat' dir='ltr'>agri</span> <span class='ocrx_word' id='word_1_348' title='bbox 854 2635 1104 2669; x_wconf 90' lang='lat' dir='ltr'>Aezanensi</span> <span class='ocrx_word' id='word_1_349' title='bbox 1129 2635 1223 2668; x_wconf 92' lang='lat' dir='ltr'>Iovi</span> <span class='ocrx_word' id='word_1_350' title='bbox 1249 2635 1429 2668; x_wconf 82' lang='lat' dir='ltr'>dicatis.</span> 
     </span>
    </p>
   </div>
   <div class='ocr_carea' id='block_1_7' title="bbox 199 2727 1794 2842">
    <p class='ocr_par' dir='ltr' id='par_1_14' title="bbox 199 2727 1794 2842">
     <span class='ocr_line' id='line_1_40' title="bbox 342 2727 1794 2782; baseline -0.001 -14"><span class='ocrx_word' id='word_1_351' title='bbox 342 2732 463 2768; x_wconf 75' lang='lat'>1706.</span> <span class='ocrx_word' id='word_1_352' title='bbox 495 2729 534 2771; x_wconf 91' lang='lat' dir='ltr'>Si</span> <span class='ocrx_word' id='word_1_353' title='bbox 565 2729 603 2769; x_wconf 91' lang='lat' dir='ltr'>in</span> <span class='ocrx_word' id='word_1_354' title='bbox 645 2734 810 2781; x_wconf 79' lang='lat' dir='ltr'>quantas</span> <span class='ocrx_word' id='word_1_355' title='bbox 855 2728 1086 2782; x_wconf 84' lang='lat' dir='ltr'>particulas,</span> <span class='ocrx_word' id='word_1_356' title='bbox 1127 2739 1226 2781; x_wconf 84' lang='lat' dir='ltr'>quos</span> <span class='ocrx_word' id='word_1_357' title='bbox 1268 2728 1399 2768; x_wconf 83' lang='lat' dir='ltr'>cleros</span> <span class='ocrx_word' id='word_1_358' title='bbox 1440 2727 1658 2781; x_wconf 83' lang='lat' dir='ltr'>appellant,</span> <span class='ocrx_word' id='word_1_359' title='bbox 1697 2739 1794 2781; x_wconf 84' lang='lat' dir='ltr'>ager</span> 
     </span>
     <span class='ocr_line' id='line_1_41' title="bbox 199 2785 1791 2842; baseline -0.001 -14"><span class='ocrx_word' id='word_1_360' title='bbox 199 2785 424 2829; x_wconf 90' lang='lat' dir='ltr'>Aezanensi</span> <span class='ocrx_word' id='word_1_361' title='bbox 453 2786 536 2828; x_wconf 86' lang='lat' dir='ltr'>Iovi</span> <span class='ocrx_word' id='word_1_362' title='bbox 567 2786 718 2828; x_wconf 87' lang='lat' dir='ltr'>dicatus</span> <span class='ocrx_word' id='word_1_363' title='bbox 751 2800 773 2828; x_wconf 87' lang='lat' dir='ltr'>a</span> <span class='ocrx_word' id='word_1_364' title='bbox 803 2787 966 2842; x_wconf 78' lang='lat' dir='ltr'>regibus</span> <span class='ocrx_word' id='word_1_365' title='bbox 998 2786 1146 2828; x_wconf 85' lang='lat' dir='ltr'>divisus</span> <span class='ocrx_word' id='word_1_366' title='bbox 1175 2787 1240 2839; x_wconf 74' lang='lat' dir='ltr'>sit,</span> <span class='ocrx_word' id='word_1_367' title='bbox 1272 2798 1350 2827; x_wconf 90' lang='lat' dir='ltr'>non</span> <span class='ocrx_word' id='word_1_368' title='bbox 1382 2790 1565 2839; x_wconf 85' lang='lat' dir='ltr'>apparet:</span> <span class='ocrx_word' id='word_1_369' title='bbox 1606 2785 1791 2839; x_wconf 89' lang='lat' dir='ltr'>optimum</span> 
     </span>
    </p>
   </div>
   <div class='ocr_carea' id='block_1_8' title="bbox 200 2900 1792 3042">
    <p class='ocr_par' dir='ltr' id='par_1_15' title="bbox 200 2900 1792 3042">
     <span class='ocr_line' id='line_1_42' title="bbox 340 2900 1792 2948; baseline -0.003 -10"><span class='ocrx_word' id='word_1_370' title='bbox 340 2904 377 2948; x_wconf 88' lang='lat'>1)</span> <span class='ocrx_word' id='word_1_371' title='bbox 403 2906 493 2938; x_wconf 87' lang='lat' dir='ltr'>Intra</span> <span class='ocrx_word' id='word_1_372' title='bbox 519 2916 570 2938; x_wconf 89' lang='lat' dir='ltr'>an.</span> <span class='ocrx_word' id='word_1_373' title='bbox 597 2916 630 2938; x_wconf 90' lang='lat' dir='ltr'>u.</span> <span class='ocrx_word' id='word_1_374' title='bbox 657 2915 685 2938; x_wconf 90' lang='lat' dir='ltr'>c.</span> <span class='ocrx_word' id='word_1_375' title='bbox 711 2903 904 2937; x_wconf 83' lang='lat'>822—832.</span> <span class='ocrx_word' id='word_1_376' title='bbox 940 2914 972 2946; x_wconf 94' lang='lat' dir='ltr'>p.</span> <span class='ocrx_word' id='word_1_377' title='bbox 997 2902 1057 2936; x_wconf 87' lang='lat' dir='ltr'>Ch.</span> <span class='ocrx_word' id='word_1_378' title='bbox 1093 2903 1239 2936; x_wconf 80' lang='lat'>69—79.</span> <span class='ocrx_word' id='word_1_379' title='bbox 1284 2902 1400 2936; x_wconf 78' lang='lat' dir='ltr'>Illarin.</span> <span class='ocrx_word' id='word_1_380' title='bbox 1427 2901 1495 2935; x_wconf 79' lang='lat' dir='ltr'>Att.</span> <span class='ocrx_word' id='word_1_381' title='bbox 1521 2911 1592 2935; x_wconf 86' lang='lat' dir='ltr'>arv.</span> <span class='ocrx_word' id='word_1_382' title='bbox 1617 2901 1640 2934; x_wconf 95' lang='lat' dir='ltr'>I.</span> <span class='ocrx_word' id='word_1_383' title='bbox 1666 2912 1698 2945; x_wconf 90' lang='lat' dir='ltr'>p.</span> <span class='ocrx_word' id='word_1_384' title='bbox 1726 2900 1792 2934; x_wconf 80' lang='lat'>149</span> 
     </span>
     <span class='ocr_line' id='line_1_43' title="bbox 200 2947 1792 2994; baseline -0.002 -11"><span class='ocrx_word' id='word_1_385' title='bbox 200 2960 288 2983; x_wconf 83' lang='lat' dir='ltr'>anno</span> <span class='ocrx_word' id='word_1_386' title='bbox 312 2962 343 2994; x_wconf 90' lang='lat' dir='ltr'>p.</span> <span class='ocrx_word' id='word_1_387' title='bbox 368 2950 426 2985; x_wconf 87' lang='lat' dir='ltr'>Ch.</span> <span class='ocrx_word' id='word_1_388' title='bbox 452 2952 491 2984; x_wconf 82' lang='lat'>71</span> <span class='ocrx_word' id='word_1_389' title='bbox 520 2952 675 2993; x_wconf 79' lang='lat' dir='ltr'>assignat.</span> <span class='ocrx_word' id='word_1_390' title='bbox 701 2968 744 2973; x_wconf 77' lang='lat'>—-</span> <span class='ocrx_word' id='word_1_391' title='bbox 770 2948 807 2993; x_wconf 85' lang='lat'>2)</span> <span class='ocrx_word' id='word_1_392' title='bbox 833 2950 994 2983; x_wconf 77' lang='lat' dir='ltr'>haberitis.</span> <span class='ocrx_word' id='word_1_393' title='bbox 1021 2949 1160 2983; x_wconf 82' lang='lat' dir='ltr'>Minici&#39;s.</span> <span class='ocrx_word' id='word_1_394' title='bbox 1197 2966 1238 2971; x_wconf 81' lang='lat'>—</span> <span class='ocrx_word' id='word_1_395' title='bbox 1271 2947 1310 2990; x_wconf 86' lang='lat'>3)</span> <span class='ocrx_word' id='word_1_396' title='bbox 1336 2947 1454 2982; x_wconf 86' lang='lat' dir='ltr'>consul</span> <span class='ocrx_word' id='word_1_397' title='bbox 1478 2947 1636 2981; x_wconf 82' lang='lat' dir='ltr'>suffectus</span> <span class='ocrx_word' id='word_1_398' title='bbox 1662 2957 1738 2981; x_wconf 81' lang='lat' dir='ltr'>ann.</span> <span class='ocrx_word' id='word_1_399' title='bbox 1759 2958 1792 2980; x_wconf 93' lang='lat' dir='ltr'>u.</span> 
     </span>
     <span class='ocr_line' id='line_1_44' title="bbox 200 2991 1791 3042; baseline -0.002 -11"><span class='ocrx_word' id='word_1_400' title='bbox 200 2995 285 3041; x_wconf 79' lang='lat'><strong>8353</strong></span> <span class='ocrx_word' id='word_1_401' title='bbox 302 3002 337 3033; x_wconf 86' lang='lat' dir='ltr'>at</span> <span class='ocrx_word' id='word_1_402' title='bbox 353 2997 483 3042; x_wconf 86' lang='lat' dir='ltr'>collega</span> <span class='ocrx_word' id='word_1_403' title='bbox 502 2998 648 3042; x_wconf 83' lang='lat' dir='ltr'>ignotus.</span> <span class='ocrx_word' id='word_1_404' title='bbox 662 2994 757 3039; x_wconf 68' lang='lat'>—&#39;43</span> <span class='ocrx_word' id='word_1_405' title='bbox 771 2995 1089 3042; x_wconf 69' lang='lat' dir='ltr'>subpsiciva.1t11nic.</span> <span class='ocrx_word' id='word_1_406' title='bbox 1104 3013 1143 3019; x_wconf 90' lang='lat'><em>-</em></span> <span class='ocrx_word' id='word_1_407' title='bbox 1160 2992 1198 3038; x_wconf 84' lang='lat'>5)</span> <span class='ocrx_word' id='word_1_408' title='bbox 1212 2995 1337 3030; x_wconf 85' lang='lat' dir='ltr'>datum.</span> <span class='ocrx_word' id='word_1_409' title='bbox 1355 3012 1396 3019; x_wconf 93' lang='lat'>—</span> <span class='ocrx_word' id='word_1_410' title='bbox 1417 2991 1454 3037; x_wconf 84' lang='lat'>6)</span> <span class='ocrx_word' id='word_1_411' title='bbox 1474 2994 1515 3029; x_wconf 90' lang='lat' dir='ltr'>de</span> <span class='ocrx_word' id='word_1_412' title='bbox 1533 2994 1650 3029; x_wconf 84' lang='lat' dir='ltr'>decem</span> <span class='ocrx_word' id='word_1_413' title='bbox 1662 2994 1791 3038; x_wconf 85' lang='lat' dir='ltr'>primis.</span> 
     </span>
    </p>
   </div>
  </div>
 </body>
</html>
