1877 3313
648 143 680 186 §.
705 144 737 180 2.
786 142 887 178 Tituli
910 141 1127 188 sepulcrales.
1611 136 1696 183 437

233 255 354 293 1949.
414 250 571 294 Pudens
602 250 652 293 M.
690 249 826 305 Lepidi
855 249 898 292 L.
929 249 1217 305 grammaticus.

229 312 470 354 Procurator
512 324 619 353 eram
650 310 823 364 Lepidae
857 321 1068 362 moresque
1099 310 1301 362 regebam.

370 371 472 412 Dum
503 370 585 411 vixi
615 371 756 411 mansit
787 369 968 410 Caesaris
999 368 1061 409 illa
1091 380 1228 409 nurus.

227 429 455 483 Philologus
487 428 727 482 Discipulus.
760 451 815 458 ———
847 430 1026 477 Bergomi.
1058 428 1157 466 Grut.
1180 442 1215 478 p.
1239 428 1333 466 653.
1354 427 1490 465 Serass.
1511 426 1545 464 in
1569 426 1698 475 Opusc.

91 491 261 541 Caloger.
279 492 378 528 Tom.
394 491 464 528 41.
481 503 515 539 p.
534 490 629 527 372.
647 490 741 527 Oret.
762 489 855 527 639.
872 489 1074 537 Antholog.
1090 489 1204 525 Burm.
1221 489 1284 534 lv,
1306 487 1400 524 325.
1418 488 1554 533 Meyer.
1576 485 1699 524 1415.

231 567 353 604 1950,
414 565 622 613 Quaerere
653 564 809 604 cessavi
839 575 1059 616 nunquam,
1089 574 1165 604 nec
1196 561 1369 615 perdere
1401 559 1508 602 desi:

410 622 519 664 Mors
551 623 784 670 intervenit,
825 634 930 663 nunc
972 623 1020 663 ab
1062 626 1231 674 utroque
1272 632 1384 661 vaco.
1427 622 1552 659 —In
1584 620 1699 658 multis

60 715 63 717 -
89 685 196 726 titulis
227 684 483 733 sepulcralibus
514 684 700 721 invenitur.
732 684 930 730 Antholog.
979 684 1096 722 Burm.
1128 684 1190 729 lv,
1223 682 1289 719 21.
1321 682 1455 728 Meyer.
1490 679 1613 718 1175.

236 761 360 799 1951.
423 759 535 800 Have
566 758 750 813 Septima.
797 758 852 800 Sit
884 758 951 799 tibi
983 763 1088 799 terra
1120 757 1233 807 leviS,

228 818 417 871 Quisquis
449 818 538 858 huic
570 817 758 858 tummulo
790 818 923 871 posuit
954 817 1117 858 ardente
1138 814 1173 871 ¹)
1205 816 1406 857 lucernam

411 877 516 918 Illius
548 877 704 917 cineres
737 889 859 917 aurea
891 882 999 917 terra
1031 881 1151 930 tegat.
1186 900 1236 906 —
1270 875 1419 914 Salerni.
1451 874 1547 914 Grut.
1577 872 1699 912 1148.

88 940 186 978 Orel.
216 938 343 976 4838.
373 938 578 986 Antholog.
608 939 723 974 Burm.
755 939 816 983 IV,
850 938 916 974 SG.
948 938 1083 984 Meyer.
1120 937 1242 974 1223.

235 1014 360 1052 1952.
419 1011 561 1052 Ninnia
594 1011 760 1052 Chronis
791 1011 869 1052 vix.
903 1023 963 1051 an.
996 1010 1054 1051 III.
1088 1011 1138 1051 M.
1170 1010 1219 1051 X.
1251 1009 1297 1051 D.
1329 1008 1452 1050 XXV.

228 1071 345 1120 Quod
376 1070 509 1111 decuit
541 1075 669 1111 natam
700 1071 804 1111 Patri
835 1074 1042 1123 praestare
1073 1070 1244 1123 sepulto,

413 1129 498 1170 Hoc
529 1134 667 1171 contra
699 1134 813 1169 natae
845 1129 1039 1182 praestitit
1069 1130 1154 1181 ipse
1186 1132 1310 1182 pater.
1347 1151 1396 1157 —-
1430 1129 1573 1165 Romae.
1607 1126 1699 1176 Lips.

87 1192 233 1231 Auctar.
264 1192 376 1229 Smet.
408 1203 442 1241 p.
475 1191 542 1227 47.
575 1191 670 1227 Grut.
705 1191 802 1237 697,
830 1191 866 1227 9.
898 1191 1044 1227 Anthol.
1078 1191 1181 1227 Burm
1202 1190 1264 1237 lv,
1288 1189 1384 1226 231.
1416 1188 1550 1235 Meyer.
1576 1186 1698 1224 1337.

236 1268 358 1306 1953.
420 1263 560 1306 Caesia
593 1263 768 1305 Gemella
800 1263 1009 1306 Successo.

228 1324 347 1373 Quod
376 1323 434 1366 fas
466 1324 619 1377 parenti
650 1322 944 1364 facere-fuerat
975 1323 1119 1375 filium,

228 1384 339 1425 Mors
370 1384 576 1423 immatura
607 1381 723 1433 fecit,
766 1385 807 1421 ut
839 1380 991 1422 faceret
1021 1381 1181 1423 Parens.
1213 1403 1269 1410 —
1301 1384 1445 1421 Romae.
1476 1382 1634 1420 mazech.
1664 1394 1700 1432 p.

92 1446 184 1484 159.
231 1445 329 1483 Grut.
363 1444 460 1490 707,
494 1444 532 1480 8.
565 1443 624 1479 ubi
655 1441 892 1491 praescriptio
925 1441 1072 1489 longior
1097 1447 1133 1480 et
1154 1442 1342 1491 integrior.
1363 1442 1563 1491 Antholog.
1584 1442 1700 1480 Burm.

87 1506 147 1544 IV.
179 1505 276 1542 255.
308 1504 445 1550 Meyer.
481 1502 604 1538 1357.

229 1580 352 1617 1954.
414 1575 459 1616 D.
491 1579 535 1616 M.
570 1574 608 1618 S.
625 1572 666 1630 2)

225 1637 319 1679 Sum
351 1640 484 1677 castae
515 1635 692 1675 cinerum
724 1633 822 1687 lapis
854 1633 1010 1687 puellae

227 1696 383 1736 Custos.
416 1695 480 1736 Me
512 1694 700 1747 relegens
732 1693 820 1746 pius
856 1693 998 1746 viator,

223 1754 347 1795 Huius
381 1753 540 1806 cognita
571 1753 603 1793 si
634 1752 703 1792 tibi
734 1751 878 1791 fuisset

225 1813 382 1863 Virtus,
414 1811 641 1865 lacrymulis
673 1811 751 1851 tuis
781 1811 952 1864 rigares.

223 1870 401 1913 Euodiae
435 1870 613 1924 Cyparae
644 1882 734 1910 ann.
768 1869 831 1909 VI.
864 1892 919 1898 —-
958 1871 1137 1909 Viterbiis.
1178 1872 1281 1910 Fabr.
1322 1884 1357 1922 p.
1391 1872 1456 1912 64.
1487 1872 1596 1911 More.
1629 1872 1698 1922 Op.

86 1934 127 1972 Π.
159 1932 256 1971 225.
287 1932 489 1978 Antholog.
520 1931 636 1968 Burm.
668 1931 729 1977 IV,
766 1929 859 1966 120.
892 1931 1023 1977 Meyer.
1059 1930 1180 1968 1249.

229 2009 351 2046 1955.
411 2004 503 2047 sex.
535 2004 616 2046 Iuli.
648 2003 859 2059 Agathopi.
890 2004 1067 2057 Epheho.
1101 2017 1161 2046 an.
1194 2005 1271 2046 VII.

225 2065 283 2106 Te
315 2065 414 2118 lapis
448 2064 630 2105 obtestor
660 2064 803 2103 leviter
834 2076 956 2116 super
986 2075 1079 2104 ossa
1111 2064 1296 2117 quiescas

298 2123 347 2165 Et
380 2129 544 2163 tenerae
576 2123 692 2163 aetati
724 2135 774 2162 no
806 2122 940 2176 gravis
973 2134 1064 2162 esse
1106 2123 1218 2164 velis.
1255 2146 1311 2152 --
1343 2125 1458 2162 Fortis
1491 2125 1631 2173 Saggio
1662 2139 1696 2175 p.

91 2185 182 2223 140.
225 2185 321 2223 Orel.
352 2184 479 2221 4835.
520 2184 654 2231 Meyer.
691 2183 811 2221 1529.
852 2184 947 2220 Haec
979 2184 1037 2220 vel
1068 2183 1184 2221 similis
1217 2184 1368 2222 formula
1399 2184 1434 2222 in
1464 2185 1579 2222 multis
1614 2185 1696 2234 epi-

87 2245 217 2294 taphiis
248 2244 391 2292 legitur.

230 2320 356 2357 1956.
419 2315 591 2371 Chryses
622 2317 665 2358 B.
697 2316 749 2358 M.

227 2377 308 2429 Te,
339 2377 461 2430 lapis,
494 2377 697 2428 obtestor,
729 2375 872 2416 leviter
903 2386 1025 2428 super
1055 2387 1148 2415 ossa
1179 2375 1346 2428 residas‚

415 2434 476 2475 Ne
515 2439 655 2476 nostro
699 2434 830 2475 doleat
871 2433 1050 2475 conditus
1084 2434 1228 2475 officio.
1276 2458 1325 2463 ——
1371 2437 1466 2475 Grut.
1512 2438 1618 2487 984,
1661 2440 1697 2477 6.

88 2497 287 2544 Antholog.
319 2497 434 2534 Burm.
466 2496 563 2533 203.
604 2497 740 2543 Meyer.
776 2494 898 2532 1317.
950 2495 1027 2532 Hoc
1061 2495 1245 2533 distichum
1276 2497 1311 2534 in
1342 2497 1460 2535 multis
1492 2498 1598 2536 titulis
1631 2510 1695 2536 se·-

88 2556 304 2605 pulcralibus
335 2556 483 2603 legitur.

232 2631 357 2669 1957.
417 2629 476 2670 Tu
509 2628 575 2681 qui
607 2640 749 2670 secura
779 2627 973 2681 spatiarus
990 2623 1029 2681 3)
1060 2632 1193 2668 mente
1224 2628 1354 2670 viator

483 2687 532 2728 Et
563 2687 690 2728 nostri
703 2684 742 2740 4)
775 2687 903 2727 voltus
936 2685 1085 2741 derigis
1116 2686 1307 2739 inferieis‚

356 2745 398 2790 Si
430 2746 587 2799 quaeris
618 2758 720 2798 quae
750 2746 822 2786 sim
856 2745 953 2786 cinis
985 2757 1034 2786 en
1067 2750 1106 2787 et
1136 2751 1240 2787 tosta
1270 2746 1419 2788 favilla:

231 2910 269 2954 1)
294 2913 378 2946 Pro:
405 2912 590 2947 ardentem.
623 2928 667 2934 -
700 2909 739 2955 2)
765 2912 826 2945 diis
852 2911 1002 2945 Manibus
1028 2923 1171 2947 sacrum.
1207 2930 1248 2936 —
1282 2910 1321 2954 3)
1347 2924 1427 2958 pro:
1458 2915 1624 2959 spatiaris.
1652 2934 1693 2941 --

94 2954 134 3000 4)
159 2956 215 2992 vel
237 2959 415 2995 scribentis
440 2970 556 2995 errore
580 2969 657 3004 pro:
683 2960 827 3003 nostris,
852 2959 909 2994 vel
931 2960 1084 2995 consulto
1109 2961 1254 3006 positum
1279 2966 1437 3007 tanquam
1461 2964 1626 3008 genitivo.
