1918 3313
184 179 243 222 44
653 176 756 210 Inscr.
782 187 910 212 sacrae.
959 175 1109 223 cap.11.
1159 175 1319 211 Tabulae.

183 291 280 338 tres,
311 287 375 340 qui
404 284 553 326 funeris
585 283 670 323 eius
703 295 836 325 curam
864 289 983 338 agant
1014 288 1054 324 et
1083 284 1280 324 rationem
1340 283 1487 337 populo
1507 281 1679 324 reddere
1708 282 1787 324 de-

183 346 330 386 bebunt
360 345 445 386 sine
486 343 574 383 dolo
607 341 732 391 malo;
775 347 814 382 et
854 344 886 384 si
931 343 1013 396 quit
1049 343 1087 383 in
1129 343 1186 382 eis
1228 341 1378 383 fraudis
1421 354 1540 382 eausa
1581 343 1787 383 inventum

184 403 325 455 fuerit,
368 405 425 443 eis
465 401 583 442 multa
624 405 712 441 esto
754 400 1024 455 quadruplum.
1087 402 1236 450 Quibus
1267 402 1369 453 δίης.
1407 413 1590 442 nummus
1632 401 1787 442 dabitur

183 462 259 503 hoc
300 461 461 515 amplius
507 459 634 498 viatici
666 460 823 500 nomine
865 460 968 502 ultro
1011 461 1110 501 citro
1149 461 1261 513 sing:
1302 459 1374 499 HS.
1406 459 1493 499 XX.
1526 459 1573 499 N.
1606 459 1722 507 Quod
1753 460 1788 500 si

181 521 339 575 longius
370 532 485 572 quam
516 518 619 557 intra
680 517 771 558 mill.
803 518 890 559 XX.
923 519 1145 560 decesserit
1188 524 1226 559 et
1267 519 1436 558 nuntiari
1476 530 1556 558 non
1599 518 1786 571 potuerit,

182 584 263 621 turn
294 581 327 620 is
360 579 422 631 qui
455 589 542 616 eum
586 575 850 628 funeraverit,
894 583 1035 619 testato
1076 577 1223 618 tabulis
1262 577 1427 630 signatis
1470 576 1608 630 sigillis
1641 577 1786 618 civium

181 648 432 680 romanorum
464 633 528 674 VII
561 640 599 674 et
630 635 794 687 probata
826 649 945 677 causa
978 636 1253 677 funeraticium
1277 637 1363 676 eius
1394 636 1495 676 satis
1524 635 1619 676 dato
1650 635 1703 676 ab
1728 636 1787 676 eis

185 698 378 738 neminem
408 693 619 746 petiturum
653 693 832 736 deductis
875 695 1092 736 commodis
1126 699 1165 734 et
1196 695 1428 748 exequiario
1461 706 1483 733 e
1514 693 1608 748 lege
1639 693 1785 748 collegi

186 756 267 796 dari
298 754 375 795 sibi
395 756 519 804 petat.
543 751 579 792 A
609 751 780 806 collegio
804 752 916 795 dolus
937 754 1061 794 malus
1083 753 1244 803 abesto;
1277 765 1409 806 neque
1440 758 1621 806 patrono,
1653 765 1785 807 neque

182 819 368 868 patronae
401 823 531 862 neque
564 810 723 851 domino
756 824 886 865 neque
910 812 1090 854 dominae
1123 825 1253 865 neque
1285 811 1470 853 creditori
1502 824 1554 852 ex
1585 812 1661 853 hoc
1693 811 1784 852 col-

181 873 285 927 legio
324 870 399 910 ulla
449 869 586 922 petitio
629 875 718 910 esto
759 870 832 911 nisi
865 873 932 924 qui
973 877 1210 912 testamento
1241 871 1351 911 here.
1374 869 1409 925 ¹)
1442 871 1664 911 nominatus
1696 871 1782 912 erit.

183 931 222 974 Si
256 930 340 983 quis
382 929 590 968 intestatus
634 928 876 981 decesserit,
908 931 941 971 is
974 930 1136 971 arbitrio
1169 930 1310 982 Quinq.
1345 934 1383 970 et
1415 929 1547 983 populi
1578 928 1784 970 funerabi-

180 995 254 1030 tur.
313 987 406 1028 Item
449 986 614 1040 placuit,
658 988 839 1041 quisquis
872 1001 923 1028 ex
965 988 1039 1028 hoc
1083 987 1254 1041 collegio
1296 1001 1439 1029 servus
1472 987 1683 1029 defunctus
1714 987 1782 1029 fu-

179 1048 252 1088 erit
282 1051 318 1086 et
351 1057 495 1098 corpus
529 1046 614 1086 eius
644 1059 665 1086 a
698 1045 856 1088 domino
890 1047 1097 1088 dominare
1138 1047 1340 1099 iniquitate
1382 1047 1610 1100 sepulturae
1653 1046 1784 1088 datum

177 1118 254 1146 non
287 1105 426 1155 fucrit,
458 1117 589 1158 neque
622 1104 787 1146 tabellas
820 1105 975 1156 feccrit,
1008 1106 1044 1144 ei
1078 1104 1194 1146 sunus
1236 1106 1510 1158 imaginarium
1549 1105 1626 1146 fiet.
1688 1105 1784 1146 Item

176 1164 342 1218 placuit,
376 1163 553 1216 quisquis
595 1177 646 1203 ex
679 1176 915 1217 quacunque
950 1176 1068 1205 causa
1101 1169 1267 1204 mortem
1308 1164 1381 1205 sibi
1424 1163 1657 1216 adsciverit,
1698 1166 1784 1206 eius

176 1224 275 1264 ratio
317 1222 470 1262 funeris
513 1235 590 1263 non
633 1223 852 1263 habebitur.
915 1224 1008 1264 Item
1051 1223 1219 1276 placuit,
1262 1227 1303 1263 ut
1336 1222 1515 1275 quisquis
1557 1235 1700 1264 servus
1732 1237 1785 1264 ex

176 1283 251 1323 hoe
283 1281 453 1335 collegio
485 1280 584 1322 liber
616 1280 745 1322 factus
777 1282 907 1333 suerit,
939 1283 971 1322 is
1005 1281 1100 1322 dare
1134 1282 1291 1322 debebit
1314 1282 1394 1321 vini
1415 1281 1654 1334 amphoram.
1685 1281 1784 1323 Item

179 1341 346 1395 placuit,
381 1339 558 1392 quisquis
591 1342 780 1393 magister
811 1353 883 1381 suo
916 1354 1018 1380 anno
1054 1341 1126 1381 erit
1159 1354 1210 1380 ex
1242 1340 1380 1381 ordine
1422 1339 1470 1380 ad
1502 1352 1641 1380 cenam
1683 1339 1784 1381 saci-

177 1399 316 1440 endam
349 1403 386 1438 et
419 1411 498 1439 non
532 1399 810 1439 observaverit
833 1412 962 1451 neque
997 1399 1152 1449 fecerit,
1184 1400 1216 1439 is
1239 1412 1354 1439 arcae
1378 1398 1522 1439 inferet
1552 1399 1624 1440 HS.
1657 1399 1781 1440 XXX.

176 1458 223 1499 N.
255 1459 473 1510 insequens
506 1459 590 1498 eius
632 1458 727 1498 dare
770 1458 929 1498 debebit.
971 1463 1009 1498 et
1040 1459 1073 1498 is
1107 1459 1192 1498 cius
1225 1457 1314 1498 loco
1353 1458 1568 1498 restituere
1610 1457 1782 1499 debebit.

313 1515 419 1557 Ordo
456 1529 667 1557 cenarum:
702 1517 793 1557 VllI.
828 1517 880 1556 ld.
917 1517 1012 1558 Mar.
1048 1517 1165 1557 natali
1208 1517 1403 1557 Caesenni
1436 1516 1530 1569 Rufi
1563 1517 1699 1558 Patris.
1734 1518 1780 1557 V.

174 1575 219 1616 K.
251 1576 346 1616 Dec.
379 1580 459 1615 nat.
492 1576 683 1624 Antinoz';
726 1576 820 1616 ldib.
855 1575 957 1629 Aug.
992 1575 1109 1616 natali
1151 1576 1300 1615 Dianae
1333 1579 1371 1615 et
1413 1574 1572 1627 collegl.
1607 1575 1702 1616 Xlll.
1736 1575 1780 1616 Κ.

176 1635 280 1688 Sept.
314 1639 390 1675 nat.
425 1632 617 1674 Caesenni
650 1634 809 1684 Silvani,
845 1634 976 1675 fratris
1010 1635 1069 1674 l'r.
1103 1632 1204 1688 N.²]
1238 1634 1355 1674 natali
1388 1633 1595 1675 Corneliae
1627 1635 1782 1676 Procu-

175 1693 236 1734 lae
266 1694 412 1735 Matris.
447 1693 548 1734 xlx.
583 1693 625 1732 Κ.
658 1693 733 1734 lan.
768 1699 846 1733 nat.
881 1692 1079 1734 Caesennl
1111 1693 1197 1733 Ruti
1231 1698 1326 1746 patr.
1360 1693 1476 1733 muni.
1495 1689 1549 1747 ³).

317 1752 492 1806 Magistri
540 1765 727 1792 cenarum
771 1766 822 1792 ex
871 1752 1009 1793 ordine
1051 1752 1124 1791 albi
1168 1751 1257 1791 sacti
1301 1763 1378 1804 quo
1422 1751 1561 1792 ordine
1603 1751 1781 1794 homines

178 1813 354 1863 quaterni
387 1823 538 1864 ponere
571 1810 710 1851 debeb.
725 1809 767 1866 ⁴]
801 1811 879 1852 vini
918 1811 1010 1851 boni
1052 1811 1259 1864 amphoras
1292 1810 1470 1865 singulas
1503 1815 1542 1851 et
1574 1823 1698 1864 panes
1730 1812 1778 1852 A.

176 1869 217 1910 II.
251 1870 317 1922 qui
351 1882 538 1910 numerus
572 1869 716 1923 collegi
750 1869 867 1910 fuerit
900 1874 938 1909 et
970 1869 1109 1909 sardas
1142 1867 1362 1924 numer05)
1397 1874 1587 1922 quatuor,
1617 1871 1781 1912 stratio-

175 1940 275 1980 nem,
308 1928 454 1969 caldam
489 1941 576 1969 cum
611 1929 839 1970 ministerio.

312 1988 404 2028 Item
437 1987 594 2041 placuit,
628 1993 667 2028 ut
701 1989 876 2041 quisquis
909 1987 1223 2040 Quinquennalis
1255 1988 1292 2027 in
1325 1986 1399 2027 hoe
1442 1987 1612 2043 collegio
1655 1987 1780 2029 Iactus

175 2044 292 2086 suerit
323 2059 343 2086 a
375 2047 509 2100 sigillis
541 2047 625 2087 eius
659 2052 851 2100 tempore,
885 2058 962 2099 quo
997 2046 1308 2098 Quinquennalis
1341 2047 1438 2096 erit,
1471 2047 1653 2087 immunis
1687 2059 1780 2088 esse

177 2103 334 2144 debebit
367 2110 404 2144 et
437 2106 472 2145 ei
504 2118 555 2145 ex
588 2107 767 2146 omnibus
801 2105 1056 2146 divisionibus
1089 2109 1220 2158 partes
1255 2104 1356 2158 (lupi.
1391 2104 1486 2145 dari.
1523 2106 1641 2146 .Item
1673 2107 1780 2146 scri-

177 2163 251 2202 bae
283 2168 319 2203 et
351 2164 488 2204 viatori
521 2177 542 2204 a
582 2164 719 2217 sigillis
739 2164 967 2205 vacantibus
987 2168 1120 2217 partes
1144 2176 1194 2203 ex
1215 2165 1319 2204 omni
1353 2163 1545 2205 divisione
1573 2165 1720 2217 sesqui.
1737 2162 1777 2219 ⁶)

179 2220 262 2261 dari
293 2221 444 2273 placuit.
496 2221 590 2262 Item
624 2223 777 2276 placuit,
809 2227 851 2264 ut
882 2223 1058 2275 quisquis
1091 2223 1480 2274 quinquennalitaten
1512 2225 1684 2276 gesserit
1715 2224 1781 2264 in-

179 2283 292 2333 tegre
316 2282 351 2319 ei
383 2281 433 2319 ob
466 2281 655 2321 honorem
682 2288 813 2335 partes
836 2281 1040 2334 sescuplus
1073 2294 1125 2321 ex
1157 2281 1261 2321 omni
1295 2293 1338 2321 re
1371 2280 1468 2332 dari,
1501 2287 1541 2322 ut
1573 2286 1613 2321 et
1638 2281 1780 2335 reliqui

178 2341 288 2378 recte
318 2338 496 2379 faciendo
528 2339 628 2380 idem
660 2345 834 2393 sperent.

316 2397 410 2436 Item
443 2397 595 2449 placuit,
628 2401 658 2439 si
692 2401 780 2452 quis
813 2399 904 2452 quid
938 2399 1051 2451 queri
1083 2404 1148 2438 aut
1178 2397 1332 2439 referre
1364 2398 1482 2449 volet,
1516 2399 1553 2439 in
1577 2403 1778 2442 conventu

176 2453 372 2506 referant,
405 2460 443 2495 ut
475 2458 594 2508 quieti
625 2464 661 2497 et
695 2458 838 2498 hilares
871 2457 1008 2498 diebus
1041 2457 1283 2497 solemnibus
1317 2457 1535 2510 epulemur.

315 2513 407 2553 Item
438 2514 593 2567 placuit,
627 2523 665 2556 ut
700 2517 879 2569 quisquis
907 2515 1109 2557 seditionis
1135 2528 1253 2556 causa
1288 2515 1336 2555 de
1368 2516 1460 2557 loco
1492 2518 1530 2557 in
1563 2516 1679 2557 alium
1710 2517 1778 2559 lo-

176 2584 263 2612 cum
295 2572 504 2622 transierit,
537 2574 573 2612 ei
606 2575 720 2615 multa
753 2581 839 2616 esto
871 2575 944 2617 HS.
977 2574 1038 2614 lV.
1072 2574 1115 2614 N.
1149 2575 1279 2626 Siquis
1303 2579 1434 2615 autem
1457 2576 1495 2615 in
1518 2576 1776 2629 obprobrium

175 2630 437 2672 alteralterius
469 2630 610 2672 dixerit
654 2639 721 2674 aut
762 2634 1018 2675 tumultuatus
1062 2632 1205 2684 suerit,
1248 2634 1284 2672 ei
1317 2633 1436 2674 multa
1469 2639 1556 2675 esto
1588 2634 1661 2675 HS.
1696 2634 1775 2675 XII.

173 2689 218 2729 N.
251 2689 378 2743 Siquis
401 2689 689 2743 Quinquennali
722 2694 824 2733 inter
852 2692 956 2746 epul.
991 2692 1246 2746 obprobrium
1279 2697 1344 2733 aut
1369 2691 1462 2745 quid
1486 2693 1777 2736 contumeliose

177 2746 329 2800 dixerit,
362 2749 398 2790 ei
430 2749 547 2790 multa
578 2755 664 2790 esto
696 2751 766 2793 IIS.
803 2751 885 2793 XX.
919 2751 964 2792 N.

316 2916 353 2959 1)
380 2917 486 2952 heres.
526 2937 565 2943 —
607 2917 644 2961 2)
670 2921 772 2961 patris
798 2923 911 2955 nostri.
946 2939 985 2945 —
1023 2918 1060 2963 3)
1086 2922 1216 2965 patroni
1244 2921 1425 2964 municipii.
1455 2937 1495 2942 —
1522 2918 1561 2962 4)
1588 2919 1772 2956 debebunt.
1874 2828 1918 2978 ιτ

179 2981 219 2986 --
247 2961 285 3006 5)
310 2963 396 2998 Rata
422 2967 451 2998 in
481 2972 587 3000 textu:
614 2979 719 3008 mci-0,
746 2969 776 3000 in
803 2975 1020 3003 commentar.
1045 2979 1131 3002 vero.
1158 2986 1198 2990 —
1227 2965 1264 3009 6)
1289 2966 1491 3012 sesquiplas.
