<?xml version="1.0" encoding="UTF-8"?>
<!DOCTYPE html PUBLIC "-//W3C//DTD XHTML 1.0 Transitional//EN"
    "http://www.w3.org/TR/xhtml1/DTD/xhtml1-transitional.dtd">
<html xmlns="http://www.w3.org/1999/xhtml" xml:lang="en" lang="en">
 <head>
  <title>
</title>
<meta http-equiv="Content-Type" content="text/html;charset=utf-8" />
  <meta name='ocr-system' content='tesseract 3.04.00' />
  <meta name='ocr-capabilities' content='ocr_page ocr_carea ocr_par ocr_line ocrx_word'/>
</head>
<body>
  <div class='ocr_page' id='page_1' title='image "./handbuchderrmi0103zelluoft_0206.png"; bbox 0 0 1877 3313; ppageno 0'>
   <div class='ocr_carea' id='block_1_1' title="bbox 137 181 1574 230">
    <p class='ocr_par' dir='ltr' id='par_1_1' title="bbox 137 181 1574 230">
     <span class='ocr_line' id='line_1_1' title="bbox 137 181 1574 230; baseline 0 -11"><span class='ocrx_word' id='word_1_1' title='bbox 137 185 220 228; x_wconf 81' lang='lat'>186</span> <span class='ocrx_word' id='word_1_2' title='bbox 290 184 391 220; x_wconf 81' lang='lat' dir='ltr'>Inser.</span> <span class='ocrx_word' id='word_1_3' title='bbox 417 183 591 230; x_wconf 81' lang='lat' dir='ltr'><strong>profanae.</strong></span> <span class='ocrx_word' id='word_1_4' title='bbox 641 181 722 229; x_wconf 85' lang='lat' dir='ltr'>Cap.</span> <span class='ocrx_word' id='word_1_5' title='bbox 747 183 772 219; x_wconf 91' lang='lat' dir='ltr'>I.</span> <span class='ocrx_word' id='word_1_6' title='bbox 821 183 918 219; x_wconf 79' lang='lat' dir='ltr'><strong>Tituli</strong></span> <span class='ocrx_word' id='word_1_7' title='bbox 943 193 1084 230; x_wconf 87' lang='lat' dir='ltr'>operum</span> <span class='ocrx_word' id='word_1_8' title='bbox 1108 183 1274 229; x_wconf 87' lang='lat' dir='ltr'>publicor.</span> <span class='ocrx_word' id='word_1_9' title='bbox 1299 194 1366 218; x_wconf 93' lang='lat' dir='ltr'>non</span> <span class='ocrx_word' id='word_1_10' title='bbox 1390 193 1574 219; x_wconf 79' lang='lat' dir='ltr'>sacrorum.</span> 
     </span>
    </p>
   </div>
   <div class='ocr_carea' id='block_1_2' title="bbox 133 289 1732 681">
    <p class='ocr_par' dir='ltr' id='par_1_2' title="bbox 133 289 1731 462">
     <span class='ocr_line' id='line_1_2' title="bbox 134 289 1730 345; baseline 0 -13"><span class='ocrx_word' id='word_1_11' title='bbox 134 292 275 332; x_wconf 85' lang='lat' dir='ltr'>taniam</span> <span class='ocrx_word' id='word_1_12' title='bbox 314 290 535 333; x_wconf 85' lang='lat' dir='ltr'><strong>Sitifensem</strong></span> <span class='ocrx_word' id='word_1_13' title='bbox 577 295 615 331; x_wconf 90' lang='lat' dir='ltr'>et</span> <span class='ocrx_word' id='word_1_14' title='bbox 657 290 978 342; x_wconf 80' lang='lat' dir='ltr'>Caesariensem,</span> <span class='ocrx_word' id='word_1_15' title='bbox 1031 289 1243 345; x_wconf 87' lang='lat' dir='ltr'>perfuncto</span> <span class='ocrx_word' id='word_1_16' title='bbox 1284 290 1414 332; x_wconf 78' lang='lat' dir='ltr'>officio</span> <span class='ocrx_word' id='word_1_17' title='bbox 1452 289 1730 343; x_wconf 80' lang='lat' dir='ltr'>praefecturae</span> 
     </span>
     <span class='ocr_line' id='line_1_3' title="bbox 136 348 1731 404; baseline -0.001 -13"><span class='ocrx_word' id='word_1_18' title='bbox 136 350 349 404; x_wconf 86' lang='lat' dir='ltr'>praetorio,</span> <span class='ocrx_word' id='word_1_19' title='bbox 381 348 518 390; x_wconf 91' lang='lat' dir='ltr'>Comiti</span> <span class='ocrx_word' id='word_1_20' title='bbox 550 350 691 390; x_wconf 89' lang='lat' dir='ltr'>iterum</span> <span class='ocrx_word' id='word_1_21' title='bbox 723 350 871 391; x_wconf 86' lang='lat' dir='ltr'>ordinis</span> <span class='ocrx_word' id='word_1_22' title='bbox 902 350 1015 404; x_wconf 88' lang='lat' dir='ltr'>primi</span> <span class='ocrx_word' id='word_1_23' title='bbox 1045 350 1143 389; x_wconf 85' lang='lat' dir='ltr'>intra</span> <span class='ocrx_word' id='word_1_24' title='bbox 1176 349 1370 402; x_wconf 83' lang='lat' dir='ltr'>palatium,</span> <span class='ocrx_word' id='word_1_25' title='bbox 1402 348 1611 391; x_wconf 83' lang='lat' dir='ltr'>Praefecto</span> <span class='ocrx_word' id='word_1_26' title='bbox 1642 350 1731 390; x_wconf 86' lang='lat' dir='ltr'>urbi</span> 
     </span>
     <span class='ocr_line' id='line_1_4' title="bbox 133 406 1251 462; baseline -0.001 -13"><span class='ocrx_word' id='word_1_27' title='bbox 133 409 219 449; x_wconf 89' lang='lat' dir='ltr'>vice</span> <span class='ocrx_word' id='word_1_28' title='bbox 251 421 362 450; x_wconf 88' lang='lat' dir='ltr'>sacra</span> <span class='ocrx_word' id='word_1_29' title='bbox 393 409 534 449; x_wconf 88' lang='lat' dir='ltr'>iterum</span> <span class='ocrx_word' id='word_1_30' title='bbox 567 408 762 460; x_wconf 88' lang='lat' dir='ltr'>iudicanti,</span> <span class='ocrx_word' id='word_1_31' title='bbox 794 409 953 450; x_wconf 91' lang='lat' dir='ltr'>Consuli</span> <span class='ocrx_word' id='word_1_32' title='bbox 984 407 1195 449; x_wconf 88' lang='lat' dir='ltr'>ordinario.</span> <span class='ocrx_word' id='word_1_33' title='bbox 1216 406 1251 462; x_wconf 83' lang='lat'>¹)</span> 
     </span>
    </p>

    <p class='ocr_par' dir='ltr' id='par_1_3' title="bbox 133 465 1732 681">
     <span class='ocr_line' id='line_1_5' title="bbox 271 465 1731 519; baseline 0.001 -13"><span class='ocrx_word' id='word_1_34' title='bbox 271 467 367 506; x_wconf 87' lang='lat' dir='ltr'>Huic</span> <span class='ocrx_word' id='word_1_35' title='bbox 399 479 545 519; x_wconf 88' lang='lat' dir='ltr'>corpus</span> <span class='ocrx_word' id='word_1_36' title='bbox 576 467 801 508; x_wconf 88' lang='lat' dir='ltr'>suariorum</span> <span class='ocrx_word' id='word_1_37' title='bbox 834 473 873 507; x_wconf 90' lang='lat' dir='ltr'>et</span> <span class='ocrx_word' id='word_1_38' title='bbox 907 465 1287 508; x_wconf 88' lang='lat' dir='ltr'>confecturariorum</span> <span class='ocrx_word' id='word_1_39' title='bbox 1309 466 1534 507; x_wconf 83' lang='lat' dir='ltr'>auctoribus</span> <span class='ocrx_word' id='word_1_40' title='bbox 1556 466 1731 519; x_wconf 90' lang='lat' dir='ltr'>patronis</span> 
     </span>
     <span class='ocr_line' id='line_1_6' title="bbox 134 524 1732 578; baseline -0.001 -12"><span class='ocrx_word' id='word_1_41' title='bbox 134 538 186 566; x_wconf 83' lang='lat' dir='ltr'>ex</span> <span class='ocrx_word' id='word_1_42' title='bbox 216 525 357 566; x_wconf 79' lang='lat' dir='ltr'>affectu</span> <span class='ocrx_word' id='word_1_43' title='bbox 389 524 514 565; x_wconf 88' lang='lat' dir='ltr'>eidem</span> <span class='ocrx_word' id='word_1_44' title='bbox 548 525 634 565; x_wconf 89' lang='lat' dir='ltr'>iure</span> <span class='ocrx_word' id='word_1_45' title='bbox 666 524 796 566; x_wconf 90' lang='lat' dir='ltr'>debito</span> <span class='ocrx_word' id='word_1_46' title='bbox 827 531 992 567; x_wconf 88' lang='lat' dir='ltr'>statuam</span> <span class='ocrx_word' id='word_1_47' title='bbox 1025 529 1190 577; x_wconf 86' lang='lat' dir='ltr'>patrono</span> <span class='ocrx_word' id='word_1_48' title='bbox 1225 524 1344 578; x_wconf 85' lang='lat' dir='ltr'>digno</span> <span class='ocrx_word' id='word_1_49' title='bbox 1377 525 1598 578; x_wconf 89' lang='lat' dir='ltr'>ponendam</span> <span class='ocrx_word' id='word_1_50' title='bbox 1629 537 1732 566; x_wconf 90' lang='lat' dir='ltr'>cen-</span> 
     </span>
     <span class='ocr_line' id='line_1_7' title="bbox 133 584 1732 634; baseline -0.001 -10"><span class='ocrx_word' id='word_1_51' title='bbox 133 584 220 624; x_wconf 80' lang='lat' dir='ltr'>suit.</span> <span class='ocrx_word' id='word_1_52' title='bbox 253 606 308 613; x_wconf 81' lang='lat'>--</span> <span class='ocrx_word' id='word_1_53' title='bbox 340 586 482 623; x_wconf 89' lang='lat' dir='ltr'>Romae.</span> <span class='ocrx_word' id='word_1_54' title='bbox 517 586 612 622; x_wconf 87' lang='lat' dir='ltr'>Grut.</span> <span class='ocrx_word' id='word_1_55' title='bbox 645 598 678 634; x_wconf 90' lang='lat' dir='ltr'>p.</span> <span class='ocrx_word' id='word_1_56' title='bbox 711 586 804 623; x_wconf 89' lang='grc'><strong>361.</strong></span> <span class='ocrx_word' id='word_1_57' title='bbox 846 586 1003 624; x_wconf 76' lang='lat' dir='ltr'>Marcelli</span> <span class='ocrx_word' id='word_1_58' title='bbox 1042 585 1164 622; x_wconf 86' lang='lat' dir='ltr'>Africa</span> <span class='ocrx_word' id='word_1_59' title='bbox 1197 586 1390 623; x_wconf 78' lang='lat' dir='ltr'>christiana.</span> <span class='ocrx_word' id='word_1_60' title='bbox 1432 586 1512 622; x_wconf 90' lang='lat' dir='ltr'>Vol.</span> <span class='ocrx_word' id='word_1_61' title='bbox 1542 586 1569 622; x_wconf 96' lang='lat' dir='ltr'>I.</span> <span class='ocrx_word' id='word_1_62' title='bbox 1599 598 1633 634; x_wconf 88' lang='lat' dir='ltr'>p.</span> <span class='ocrx_word' id='word_1_63' title='bbox 1665 585 1732 623; x_wconf 90' lang='lat'>21.</span> 
     </span>
     <span class='ocr_line' id='line_1_8' title="bbox 134 643 385 681; baseline 0 0"><span class='ocrx_word' id='word_1_64' title='bbox 134 644 228 681; x_wconf 86' lang='lat' dir='ltr'>Orel.</span> <span class='ocrx_word' id='word_1_65' title='bbox 262 643 385 681; x_wconf 79' lang='lat'>3672.</span> 
     </span>
    </p>
   </div>
   <div class='ocr_carea' id='block_1_3' title="bbox 125 714 1735 1526">
    <p class='ocr_par' dir='ltr' id='par_1_4' title="bbox 125 714 1735 1526">
     <span class='ocr_line' id='line_1_9' title="bbox 277 714 1731 772; baseline 0.002 -17"><span class='ocrx_word' id='word_1_66' title='bbox 277 719 398 756; x_wconf 79' lang='lat'>1581.</span> <span class='ocrx_word' id='word_1_67' title='bbox 459 716 499 756; x_wconf 90' lang='lat' dir='ltr'>C.</span> <span class='ocrx_word' id='word_1_68' title='bbox 533 715 650 758; x_wconf 88' lang='lat' dir='ltr'>Arrio</span> <span class='ocrx_word' id='word_1_69' title='bbox 683 717 721 758; x_wconf 89' lang='lat' dir='ltr'>C.</span> <span class='ocrx_word' id='word_1_70' title='bbox 755 717 794 758; x_wconf 89' lang='lat' dir='ltr'>F.</span> <span class='ocrx_word' id='word_1_71' title='bbox 828 715 999 770; x_wconf 80' lang='lat' dir='ltr'>Corn.²)</span> <span class='ocrx_word' id='word_1_72' title='bbox 1031 717 1234 768; x_wconf 83' lang='lat' dir='ltr'>Clementi,</span> <span class='ocrx_word' id='word_1_73' title='bbox 1264 717 1373 758; x_wconf 83' lang='lat' dir='ltr'>Militi</span> <span class='ocrx_word' id='word_1_74' title='bbox 1406 717 1492 758; x_wconf 79' lang='lat' dir='ltr'>coli.</span> <span class='ocrx_word' id='word_1_75' title='bbox 1525 717 1588 757; x_wconf 89' lang='lat' dir='ltr'>IX.</span> <span class='ocrx_word' id='word_1_76' title='bbox 1620 729 1678 770; x_wconf 88' lang='lat' dir='ltr'>pr.</span> <span class='ocrx_word' id='word_1_77' title='bbox 1692 714 1731 772; x_wconf 78' lang='lat'>3)</span> 
     </span>
     <span class='ocr_line' id='line_1_10' title="bbox 132 775 1734 829; baseline -0.001 -12"><span class='ocrx_word' id='word_1_78' title='bbox 132 775 260 828; x_wconf 85' lang='lat' dir='ltr'>Equiti</span> <span class='ocrx_word' id='word_1_79' title='bbox 291 775 377 816; x_wconf 79' lang='lat' dir='ltr'>coli.</span> <span class='ocrx_word' id='word_1_80' title='bbox 412 775 614 825; x_wconf 86' lang='lat' dir='ltr'>eiusdem,</span> <span class='ocrx_word' id='word_1_81' title='bbox 650 775 762 817; x_wconf 88' lang='lat' dir='ltr'>donis</span> <span class='ocrx_word' id='word_1_82' title='bbox 796 776 939 817; x_wconf 84' lang='lat' dir='ltr'>donato</span> <span class='ocrx_word' id='word_1_83' title='bbox 972 776 1019 816; x_wconf 89' lang='lat' dir='ltr'>ab</span> <span class='ocrx_word' id='word_1_84' title='bbox 1049 776 1142 829; x_wconf 85' lang='lat' dir='ltr'><strong>Imp.</strong></span> <span class='ocrx_word' id='word_1_85' title='bbox 1177 776 1367 826; x_wconf 88' lang='lat' dir='ltr'>Traiano,</span> <span class='ocrx_word' id='word_1_86' title='bbox 1408 776 1633 829; x_wconf 78' lang='lat' dir='ltr'>torquibus,</span> <span class='ocrx_word' id='word_1_87' title='bbox 1663 787 1734 816; x_wconf 89' lang='lat' dir='ltr'>ar-</span> 
     </span>
     <span class='ocr_line' id='line_1_11' title="bbox 134 832 1732 889; baseline -0.001 -14"><span class='ocrx_word' id='word_1_88' title='bbox 134 834 274 885; x_wconf 89' lang='lat' dir='ltr'>millis,</span> <span class='ocrx_word' id='word_1_89' title='bbox 314 833 507 887; x_wconf 80' lang='lat' dir='ltr'>phaleris,</span> <span class='ocrx_word' id='word_1_90' title='bbox 551 834 600 875; x_wconf 85' lang='lat' dir='ltr'>ob</span> <span class='ocrx_word' id='word_1_91' title='bbox 632 833 776 874; x_wconf 88' lang='lat' dir='ltr'>bellum</span> <span class='ocrx_word' id='word_1_92' title='bbox 818 834 1016 885; x_wconf 83' lang='lat' dir='ltr'>dacicum,</span> <span class='ocrx_word' id='word_1_93' title='bbox 1059 835 1253 888; x_wconf 81' lang='lat' dir='ltr'>Singulari</span> <span class='ocrx_word' id='word_1_94' title='bbox 1286 833 1580 875; x_wconf 75' lang='lat' dir='ltr'>praefectorum</span> <span class='ocrx_word' id='word_1_95' title='bbox 1612 832 1732 889; x_wconf 80' lang='lat' dir='ltr'>Pr.4)</span> 
     </span>
     <span class='ocr_line' id='line_1_12' title="bbox 133 890 1732 946; baseline 0 -14"><span class='ocrx_word' id='word_1_96' title='bbox 133 893 378 943; x_wconf 88' lang='lat' dir='ltr'>Tesserario,</span> <span class='ocrx_word' id='word_1_97' title='bbox 411 892 580 945; x_wconf 89' lang='lat' dir='ltr'>Optioni,</span> <span class='ocrx_word' id='word_1_98' title='bbox 613 892 698 932; x_wconf 83' lang='lat' dir='ltr'>fisci</span> <span class='ocrx_word' id='word_1_99' title='bbox 720 893 912 942; x_wconf 87' lang='lat' dir='ltr'>Curatori,</span> <span class='ocrx_word' id='word_1_100' title='bbox 945 892 1140 933; x_wconf 89' lang='lat' dir='ltr'>Cornicul.</span> <span class='ocrx_word' id='word_1_101' title='bbox 1160 890 1198 946; x_wconf 81' lang='lat'>⁵)</span> <span class='ocrx_word' id='word_1_102' title='bbox 1232 893 1406 941; x_wconf 89' lang='lat' dir='ltr'>Tribuni,</span> <span class='ocrx_word' id='word_1_103' title='bbox 1429 893 1604 933; x_wconf 88' lang='lat' dir='ltr'>Evocato</span> <span class='ocrx_word' id='word_1_104' title='bbox 1628 894 1732 946; x_wconf 84' lang='lat' dir='ltr'>Aug.</span> 
     </span>
     <span class='ocr_line' id='line_1_13' title="bbox 129 947 1733 1007; baseline -0.001 -15"><span class='ocrx_word' id='word_1_105' title='bbox 129 948 164 1007; x_wconf 83' lang='lat'>7</span> <span class='ocrx_word' id='word_1_106' title='bbox 194 951 279 992; x_wconf 87' lang='lat' dir='ltr'>coh.</span> <span class='ocrx_word' id='word_1_107' title='bbox 311 950 324 990; x_wconf 91' lang='lat'><strong>1</strong></span> <span class='ocrx_word' id='word_1_108' title='bbox 356 950 461 1004; x_wconf 82' lang='lat' dir='ltr'>vigil.</span> <span class='ocrx_word' id='word_1_109' title='bbox 493 947 527 1000; x_wconf 86' lang='lat'>7</span> <span class='ocrx_word' id='word_1_110' title='bbox 558 955 761 999; x_wconf 84' lang='lat' dir='ltr'>statorum,</span> <span class='ocrx_word' id='word_1_111' title='bbox 794 947 827 1005; x_wconf 83' lang='lat'>7</span> <span class='ocrx_word' id='word_1_112' title='bbox 847 952 933 991; x_wconf 78' lang='lat' dir='ltr'>coli.</span> <span class='ocrx_word' id='word_1_113' title='bbox 966 950 1065 990; x_wconf 87' lang='lat' dir='ltr'>Xllll</span> <span class='ocrx_word' id='word_1_114' title='bbox 1097 951 1181 991; x_wconf 89' lang='lat' dir='ltr'>urb.</span> <span class='ocrx_word' id='word_1_115' title='bbox 1206 947 1241 1006; x_wconf 78' lang='lat'><strong>7</strong></span> <span class='ocrx_word' id='word_1_116' title='bbox 1265 951 1348 991; x_wconf 76' lang='lat' dir='ltr'>coli.</span> <span class='ocrx_word' id='word_1_117' title='bbox 1382 950 1448 991; x_wconf 88' lang='lat' dir='ltr'>Vll</span> <span class='ocrx_word' id='word_1_118' title='bbox 1479 963 1537 1003; x_wconf 89' lang='lat' dir='ltr'>pr.</span> <span class='ocrx_word' id='word_1_119' title='bbox 1554 947 1594 1004; x_wconf 75' lang='lat'>3)</span> <span class='ocrx_word' id='word_1_120' title='bbox 1627 950 1733 991; x_wconf 88' lang='lat' dir='ltr'>Tre-</span> 
     </span>
     <span class='ocr_line' id='line_1_14' title="bbox 129 1008 1733 1062; baseline -0.001 -13"><span class='ocrx_word' id='word_1_121' title='bbox 129 1010 304 1059; x_wconf 88' lang='lat' dir='ltr'>cenario,</span> <span class='ocrx_word' id='word_1_122' title='bbox 337 1008 449 1050; x_wconf 89' lang='lat' dir='ltr'>donis</span> <span class='ocrx_word' id='word_1_123' title='bbox 481 1009 625 1050; x_wconf 88' lang='lat' dir='ltr'>donato</span> <span class='ocrx_word' id='word_1_124' title='bbox 657 1010 703 1049; x_wconf 89' lang='lat' dir='ltr'>ab</span> <span class='ocrx_word' id='word_1_125' title='bbox 734 1010 824 1062; x_wconf 87' lang='lat' dir='ltr'>Imp.</span> <span class='ocrx_word' id='word_1_126' title='bbox 855 1008 1077 1058; x_wconf 88' lang='lat' dir='ltr'>Hadriano,</span> <span class='ocrx_word' id='word_1_127' title='bbox 1109 1008 1218 1049; x_wconf 89' lang='lat' dir='ltr'>hasta</span> <span class='ocrx_word' id='word_1_128' title='bbox 1250 1021 1368 1061; x_wconf 86' lang='lat' dir='ltr'>pura,</span> <span class='ocrx_word' id='word_1_129' title='bbox 1409 1021 1558 1050; x_wconf 89' lang='lat' dir='ltr'>corona</span> <span class='ocrx_word' id='word_1_130' title='bbox 1589 1020 1733 1058; x_wconf 85' lang='lat' dir='ltr'>aurea3</span> 
     </span>
     <span class='ocr_line' id='line_1_15' title="bbox 125 1064 1734 1124; baseline -0.001 -16"><span class='ocrx_word' id='word_1_131' title='bbox 125 1064 161 1124; x_wconf 82' lang='grc'>7</span> <span class='ocrx_word' id='word_1_132' title='bbox 191 1069 269 1122; x_wconf 81' lang='lat' dir='ltr'>leg.</span> <span class='ocrx_word' id='word_1_133' title='bbox 302 1067 358 1108; x_wconf 87' lang='lat'>111.</span> <span class='ocrx_word' id='word_1_134' title='bbox 392 1067 494 1121; x_wconf 79' lang='lat' dir='ltr'>Aug.</span> <span class='ocrx_word' id='word_1_135' title='bbox 527 1067 768 1121; x_wconf 89' lang='lat' dir='ltr'>I&#39;rimipilari,</span> <span class='ocrx_word' id='word_1_136' title='bbox 799 1067 829 1107; x_wconf 91' lang='grc' dir='ltr'>ΙΙ</span> <span class='ocrx_word' id='word_1_137' title='bbox 861 1068 961 1117; x_wconf 90' lang='lat' dir='ltr'>viro,</span> <span class='ocrx_word' id='word_1_138' title='bbox 996 1066 1297 1118; x_wconf 85' lang='lat' dir='ltr'>Quinquennali,</span> <span class='ocrx_word' id='word_1_139' title='bbox 1328 1067 1498 1108; x_wconf 89' lang='lat' dir='ltr'>Patrono</span> <span class='ocrx_word' id='word_1_140' title='bbox 1518 1067 1734 1120; x_wconf 88' lang='lat' dir='ltr'>municipii,</span> 
     </span>
     <span class='ocr_line' id='line_1_16' title="bbox 132 1122 1734 1180; baseline -0.001 -13"><span class='ocrx_word' id='word_1_141' title='bbox 132 1127 312 1168; x_wconf 84' lang='lat' dir='ltr'>Curatori</span> <span class='ocrx_word' id='word_1_142' title='bbox 343 1126 604 1179; x_wconf 85' lang='lat' dir='ltr'>reipublicae,</span> <span class='ocrx_word' id='word_1_143' title='bbox 646 1126 790 1166; x_wconf 89' lang='lat' dir='ltr'>Decur.</span> <span class='ocrx_word' id='word_1_144' title='bbox 823 1130 860 1166; x_wconf 92' lang='lat' dir='ltr'>et</span> <span class='ocrx_word' id='word_1_145' title='bbox 892 1125 995 1178; x_wconf 82' lang='lat' dir='ltr'>Aug.</span> <span class='ocrx_word' id='word_1_146' title='bbox 1031 1124 1077 1163; x_wconf 88' lang='lat' dir='ltr'>VI</span> <span class='ocrx_word' id='word_1_147' title='bbox 1109 1126 1182 1165; x_wconf 86' lang='lat' dir='ltr'>vir.</span> <span class='ocrx_word' id='word_1_148' title='bbox 1215 1125 1431 1178; x_wconf 82' lang='lat' dir='ltr'>municipes</span> <span class='ocrx_word' id='word_1_149' title='bbox 1463 1122 1636 1180; x_wconf 79' lang='lat' dir='ltr'>Matil.⁶)</span> <span class='ocrx_word' id='word_1_150' title='bbox 1677 1147 1734 1154; x_wconf 91' lang='lat'>—-—</span> 
     </span>
     <span class='ocr_line' id='line_1_17' title="bbox 130 1186 1733 1234; baseline -0.001 -10"><span class='ocrx_word' id='word_1_151' title='bbox 130 1188 315 1224; x_wconf 85' lang='lat' dir='ltr'>Matelicae</span> <span class='ocrx_word' id='word_1_152' title='bbox 346 1187 379 1223; x_wconf 90' lang='lat' dir='ltr'>in</span> <span class='ocrx_word' id='word_1_153' title='bbox 413 1187 557 1223; x_wconf 86' lang='lat' dir='ltr'>aedibus</span> <span class='ocrx_word' id='word_1_154' title='bbox 591 1187 748 1234; x_wconf 80' lang='lat' dir='ltr'>publicis.</span> <span class='ocrx_word' id='word_1_155' title='bbox 803 1187 930 1222; x_wconf 87' lang='lat' dir='ltr'>Veram</span> <span class='ocrx_word' id='word_1_156' title='bbox 963 1191 999 1222; x_wconf 85' lang='lat' dir='ltr'>et</span> <span class='ocrx_word' id='word_1_157' title='bbox 1029 1186 1217 1232; x_wconf 84' lang='lat' dir='ltr'>genuinam</span> <span class='ocrx_word' id='word_1_158' title='bbox 1260 1186 1498 1234; x_wconf 87' lang='lat' dir='ltr'>inscriptionis</span> <span class='ocrx_word' id='word_1_159' title='bbox 1541 1187 1733 1223; x_wconf 86' lang='lat' dir='ltr'>lectionem</span> 
     </span>
     <span class='ocr_line' id='line_1_18' title="bbox 129 1244 1734 1292; baseline -0.001 -9"><span class='ocrx_word' id='word_1_160' title='bbox 129 1246 227 1283; x_wconf 84' lang='lat' dir='ltr'>dedit</span> <span class='ocrx_word' id='word_1_161' title='bbox 274 1245 512 1282; x_wconf 87' lang='lat' dir='ltr'>Kellermann.</span> <span class='ocrx_word' id='word_1_162' title='bbox 565 1245 699 1281; x_wconf 88' lang='lat' dir='ltr'>Latere.</span> <span class='ocrx_word' id='word_1_163' title='bbox 731 1257 764 1292; x_wconf 92' lang='lat' dir='ltr'>p.</span> <span class='ocrx_word' id='word_1_164' title='bbox 799 1244 864 1281; x_wconf 82' lang='lat'>37.</span> <span class='ocrx_word' id='word_1_165' title='bbox 907 1257 938 1280; x_wconf 95' lang='lat' dir='ltr'>n.</span> <span class='ocrx_word' id='word_1_166' title='bbox 972 1244 1037 1280; x_wconf 82' lang='lat'>46.</span> <span class='ocrx_word' id='word_1_167' title='bbox 1071 1256 1136 1280; x_wconf 90' lang='lat' dir='ltr'>ex:</span> <span class='ocrx_word' id='word_1_168' title='bbox 1185 1244 1351 1291; x_wconf 78' lang='lat' dir='ltr'>„Lettera</span> <span class='ocrx_word' id='word_1_169' title='bbox 1394 1245 1466 1292; x_wconf 85' lang='lat' dir='ltr'>agli</span> <span class='ocrx_word' id='word_1_170' title='bbox 1508 1245 1734 1282; x_wconf 83' lang='lat' dir='ltr'>illustrissimi</span> 
     </span>
     <span class='ocr_line' id='line_1_19' title="bbox 132 1301 1734 1351; baseline -0.001 -10"><span class='ocrx_word' id='word_1_171' title='bbox 132 1304 267 1351; x_wconf 85' lang='lat' dir='ltr'>signori</span> <span class='ocrx_word' id='word_1_172' title='bbox 299 1304 504 1350; x_wconf 85' lang='lat' dir='ltr'>consiglieri</span> <span class='ocrx_word' id='word_1_173' title='bbox 538 1304 569 1339; x_wconf 90' lang='lat' dir='ltr'>di</span> <span class='ocrx_word' id='word_1_174' title='bbox 602 1304 785 1339; x_wconf 82' lang='lat' dir='ltr'>Mantelica</span> <span class='ocrx_word' id='word_1_175' title='bbox 818 1304 849 1339; x_wconf 91' lang='lat' dir='ltr'>in</span> <span class='ocrx_word' id='word_1_176' title='bbox 884 1303 996 1339; x_wconf 86' lang='lat' dir='ltr'>difesa</span> <span class='ocrx_word' id='word_1_177' title='bbox 1029 1302 1110 1339; x_wconf 57' lang='lat' dir='ltr'>dell*</span> <span class='ocrx_word' id='word_1_178' title='bbox 1142 1302 1331 1339; x_wconf 86' lang='lat' dir='ltr'>iscrizione</span> <span class='ocrx_word' id='word_1_179' title='bbox 1353 1303 1521 1340; x_wconf 81' lang='lat' dir='ltr'>esistente</span> <span class='ocrx_word' id='word_1_180' title='bbox 1544 1301 1636 1340; x_wconf 87' lang='lat' dir='ltr'>nella</span> <span class='ocrx_word' id='word_1_181' title='bbox 1659 1304 1734 1340; x_wconf 89' lang='lat' dir='ltr'>sala</span> 
     </span>
     <span class='ocr_line' id='line_1_20' title="bbox 132 1360 1735 1400; baseline -0.001 -1"><span class='ocrx_word' id='word_1_182' title='bbox 132 1363 221 1400; x_wconf 91' lang='lat' dir='ltr'>della</span> <span class='ocrx_word' id='word_1_183' title='bbox 253 1363 332 1399; x_wconf 92' lang='lat' dir='ltr'>loro</span> <span class='ocrx_word' id='word_1_184' title='bbox 365 1362 562 1398; x_wconf 79' lang='lat' dir='ltr'>residenza.</span> <span class='ocrx_word' id='word_1_185' title='bbox 611 1363 741 1398; x_wconf 89' lang='lat' dir='ltr'>Pesaro</span> <span class='ocrx_word' id='word_1_186' title='bbox 778 1361 886 1397; x_wconf 75' lang='lat'>1773</span> <span class='ocrx_word' id='word_1_187' title='bbox 923 1361 954 1397; x_wconf 93' lang='lat' dir='ltr'>in</span> <span class='ocrx_word' id='word_1_188' title='bbox 989 1373 1068 1397; x_wconf 90' lang='lat' dir='ltr'>casa</span> <span class='ocrx_word' id='word_1_189' title='bbox 1101 1360 1276 1397; x_wconf 72' lang='lat' dir='ltr'>Gavelli.“</span> <span class='ocrx_word' id='word_1_190' title='bbox 1326 1362 1520 1398; x_wconf 84' lang='lat' dir='ltr'>Ediderant</span> <span class='ocrx_word' id='word_1_191' title='bbox 1561 1362 1628 1398; x_wconf 89' lang='lat' dir='ltr'>iam</span> <span class='ocrx_word' id='word_1_192' title='bbox 1670 1362 1735 1398; x_wconf 88' lang='lat' dir='ltr'>sed</span> 
     </span>
     <span class='ocr_line' id='line_1_21' title="bbox 131 1419 1734 1469; baseline 0 -12"><span class='ocrx_word' id='word_1_193' title='bbox 131 1421 301 1458; x_wconf 87' lang='lat' dir='ltr'>mendose</span> <span class='ocrx_word' id='word_1_194' title='bbox 343 1420 501 1468; x_wconf 83' lang='lat' dir='ltr'>Apiauus</span> <span class='ocrx_word' id='word_1_195' title='bbox 545 1432 579 1469; x_wconf 86' lang='lat' dir='ltr'>p.</span> <span class='ocrx_word' id='word_1_196' title='bbox 617 1419 707 1456; x_wconf 87' lang='lat'><strong>151.</strong></span> <span class='ocrx_word' id='word_1_197' title='bbox 764 1420 858 1456; x_wconf 90' lang='lat' dir='ltr'>Grut.</span> <span class='ocrx_word' id='word_1_198' title='bbox 903 1419 1010 1456; x_wconf 85' lang='lat'>365.</span> <span class='ocrx_word' id='word_1_199' title='bbox 1050 1420 1086 1455; x_wconf 76' lang='lat'>4.</span> <span class='ocrx_word' id='word_1_200' title='bbox 1144 1420 1232 1456; x_wconf 93' lang='lat' dir='ltr'>Don.</span> <span class='ocrx_word' id='word_1_201' title='bbox 1274 1432 1307 1468; x_wconf 88' lang='lat' dir='ltr'>p.</span> <span class='ocrx_word' id='word_1_202' title='bbox 1340 1419 1448 1467; x_wconf 83' lang='lat'>228,</span> <span class='ocrx_word' id='word_1_203' title='bbox 1491 1420 1553 1456; x_wconf 87' lang='grc'><strong>18.</strong></span> <span class='ocrx_word' id='word_1_204' title='bbox 1610 1421 1734 1457; x_wconf 87' lang='lat' dir='ltr'>Murat.</span> 
     </span>
     <span class='ocr_line' id='line_1_22' title="bbox 133 1479 327 1526; baseline 0 -11"><span class='ocrx_word' id='word_1_205' title='bbox 133 1479 256 1526; x_wconf 80' lang='lat'>1073,</span> <span class='ocrx_word' id='word_1_206' title='bbox 289 1479 327 1515; x_wconf 85' lang='lat'>4.</span> 
     </span>
    </p>
   </div>
   <div class='ocr_carea' id='block_1_4' title="bbox 128 1548 1734 1898">
    <p class='ocr_par' dir='ltr' id='par_1_5' title="bbox 128 1548 1734 1898">
     <span class='ocr_line' id='line_1_23' title="bbox 274 1548 1733 1606; baseline 0.001 -16"><span class='ocrx_word' id='word_1_207' title='bbox 274 1554 393 1591; x_wconf 81' lang='lat'>1582.</span> <span class='ocrx_word' id='word_1_208' title='bbox 453 1553 496 1592; x_wconf 89' lang='lat' dir='ltr'>L.</span> <span class='ocrx_word' id='word_1_209' title='bbox 521 1552 635 1592; x_wconf 90' lang='lat' dir='ltr'>Atilio</span> <span class='ocrx_word' id='word_1_210' title='bbox 660 1552 701 1592; x_wconf 89' lang='lat' dir='ltr'>C.</span> <span class='ocrx_word' id='word_1_211' title='bbox 724 1552 764 1592; x_wconf 83' lang='lat' dir='ltr'>F.</span> <span class='ocrx_word' id='word_1_212' title='bbox 788 1552 970 1592; x_wconf 89' lang='lat' dir='ltr'>Tromen.</span> <span class='ocrx_word' id='word_1_213' title='bbox 988 1548 1028 1606; x_wconf 74' lang='lat'>⁷]</span> <span class='ocrx_word' id='word_1_214' title='bbox 1061 1550 1231 1592; x_wconf 88' lang='lat' dir='ltr'>Atiliano</span> <span class='ocrx_word' id='word_1_215' title='bbox 1255 1550 1381 1592; x_wconf 87' lang='lat' dir='ltr'>Praef.</span> <span class='ocrx_word' id='word_1_216' title='bbox 1406 1551 1573 1603; x_wconf 88' lang='lat' dir='ltr'>fabrum,</span> <span class='ocrx_word' id='word_1_217' title='bbox 1604 1549 1733 1592; x_wconf 88' lang='lat' dir='ltr'>Praef.</span> 
     </span>
     <span class='ocr_line' id='line_1_24' title="bbox 129 1607 1734 1665; baseline -0.001 -13"><span class='ocrx_word' id='word_1_218' title='bbox 129 1611 216 1653; x_wconf 81' lang='lat' dir='ltr'>coli.</span> <span class='ocrx_word' id='word_1_219' title='bbox 250 1612 314 1651; x_wconf 91' lang='lat' dir='ltr'>Tr.</span> <span class='ocrx_word' id='word_1_220' title='bbox 349 1610 425 1651; x_wconf 91' lang='lat' dir='ltr'>mil.</span> <span class='ocrx_word' id='word_1_221' title='bbox 459 1611 571 1651; x_wconf 88' lang='lat' dir='ltr'>Proc.</span> <span class='ocrx_word' id='word_1_222' title='bbox 607 1607 763 1664; x_wconf 71' lang='lat' dir='ltr'>Aug.⁸]</span> <span class='ocrx_word' id='word_1_223' title='bbox 808 1611 978 1651; x_wconf 88' lang='lat' dir='ltr'>Patrono</span> <span class='ocrx_word' id='word_1_224' title='bbox 1021 1609 1150 1650; x_wconf 91' lang='lat' dir='ltr'>colon.</span> <span class='ocrx_word' id='word_1_225' title='bbox 1192 1611 1256 1662; x_wconf 92' lang='lat' dir='ltr'>qui</span> <span class='ocrx_word' id='word_1_226' title='bbox 1298 1616 1464 1665; x_wconf 83' lang='lat' dir='ltr'>rogatus</span> <span class='ocrx_word' id='word_1_227' title='bbox 1506 1611 1553 1650; x_wconf 92' lang='lat' dir='ltr'>ab</span> <span class='ocrx_word' id='word_1_228' title='bbox 1595 1611 1734 1650; x_wconf 89' lang='lat' dir='ltr'>ordine</span> 
     </span>
     <span class='ocr_line' id='line_1_25' title="bbox 128 1669 1733 1725; baseline -0.002 -14"><span class='ocrx_word' id='word_1_229' title='bbox 128 1671 275 1725; x_wconf 86' lang='lat' dir='ltr'>pariter</span> <span class='ocrx_word' id='word_1_230' title='bbox 307 1674 345 1710; x_wconf 87' lang='lat' dir='ltr'>et</span> <span class='ocrx_word' id='word_1_231' title='bbox 376 1669 544 1723; x_wconf 86' lang='lat' dir='ltr'>populo,</span> <span class='ocrx_word' id='word_1_232' title='bbox 585 1673 624 1709; x_wconf 91' lang='lat' dir='ltr'>ut</span> <span class='ocrx_word' id='word_1_233' title='bbox 664 1669 886 1722; x_wconf 82' lang='lat' dir='ltr'>gladiatorii</span> <span class='ocrx_word' id='word_1_234' title='bbox 927 1670 1097 1708; x_wconf 87' lang='lat' dir='ltr'>muneris</span> <span class='ocrx_word' id='word_1_235' title='bbox 1136 1669 1278 1721; x_wconf 87' lang='lat' dir='ltr'>publici</span> <span class='ocrx_word' id='word_1_236' title='bbox 1321 1681 1455 1709; x_wconf 89' lang='lat' dir='ltr'>curam</span> <span class='ocrx_word' id='word_1_237' title='bbox 1496 1669 1733 1722; x_wconf 88' lang='lat' dir='ltr'>susciperet,</span> 
     </span>
     <span class='ocr_line' id='line_1_26' title="bbox 130 1726 1733 1781; baseline -0.001 -12"><span class='ocrx_word' id='word_1_238' title='bbox 130 1729 226 1769; x_wconf 87' lang='lat' dir='ltr'>fecit</span> <span class='ocrx_word' id='word_1_239' title='bbox 258 1732 297 1768; x_wconf 89' lang='lat' dir='ltr'>et</span> <span class='ocrx_word' id='word_1_240' title='bbox 329 1728 512 1780; x_wconf 82' lang='lat' dir='ltr'>explicito</span> <span class='ocrx_word' id='word_1_241' title='bbox 555 1726 660 1779; x_wconf 88' lang='lat' dir='ltr'>quod</span> <span class='ocrx_word' id='word_1_242' title='bbox 702 1727 938 1780; x_wconf 84' lang='lat' dir='ltr'>promiserat</span> <span class='ocrx_word' id='word_1_243' title='bbox 979 1726 1215 1779; x_wconf 86' lang='lat' dir='ltr'>impendium</span> <span class='ocrx_word' id='word_1_244' title='bbox 1258 1728 1374 1781; x_wconf 82' lang='lat' dir='ltr'>bigae</span> <span class='ocrx_word' id='word_1_245' title='bbox 1414 1739 1531 1780; x_wconf 90' lang='lat' dir='ltr'>quam</span> <span class='ocrx_word' id='word_1_246' title='bbox 1563 1727 1733 1780; x_wconf 91' lang='lat' dir='ltr'>populus</span> 
     </span>
     <span class='ocr_line' id='line_1_27' title="bbox 131 1784 1734 1839; baseline -0.001 -12"><span class='ocrx_word' id='word_1_247' title='bbox 131 1799 183 1827; x_wconf 81' lang='lat' dir='ltr'>ex</span> <span class='ocrx_word' id='word_1_248' title='bbox 215 1786 424 1827; x_wconf 88' lang='lat' dir='ltr'>collatione</span> <span class='ocrx_word' id='word_1_249' title='bbox 455 1786 616 1839; x_wconf 83' lang='lat' dir='ltr'>legativi</span> <span class='ocrx_word' id='word_1_250' title='bbox 647 1785 751 1838; x_wconf 88' lang='lat' dir='ltr'>epuli</span> <span class='ocrx_word' id='word_1_251' title='bbox 784 1784 975 1826; x_wconf 84' lang='lat' dir='ltr'>offerebat</span> <span class='ocrx_word' id='word_1_252' title='bbox 1006 1786 1179 1836; x_wconf 86' lang='lat' dir='ltr'>remisit,</span> <span class='ocrx_word' id='word_1_253' title='bbox 1222 1797 1271 1826; x_wconf 91' lang='lat' dir='ltr'>eo</span> <span class='ocrx_word' id='word_1_254' title='bbox 1310 1798 1413 1826; x_wconf 89' lang='lat' dir='ltr'>anno</span> <span class='ocrx_word' id='word_1_255' title='bbox 1445 1798 1524 1838; x_wconf 94' lang='lat' dir='ltr'>quo</span> <span class='ocrx_word' id='word_1_256' title='bbox 1557 1790 1596 1826; x_wconf 89' lang='lat' dir='ltr'>et</span> <span class='ocrx_word' id='word_1_257' title='bbox 1627 1785 1734 1838; x_wconf 89' lang='lat' dir='ltr'>opti-</span> 
     </span>
     <span class='ocr_line' id='line_1_28' title="bbox 130 1843 1733 1898; baseline -0.001 -12"><span class='ocrx_word' id='word_1_258' title='bbox 130 1858 217 1886; x_wconf 92' lang='lat' dir='ltr'>mus</span> <span class='ocrx_word' id='word_1_259' title='bbox 248 1845 467 1898; x_wconf 88' lang='lat' dir='ltr'>Imperator</span> <span class='ocrx_word' id='word_1_260' title='bbox 497 1844 716 1884; x_wconf 85' lang='lat' dir='ltr'>Hadrianus</span> <span class='ocrx_word' id='word_1_261' title='bbox 749 1843 954 1897; x_wconf 80' lang='lat' dir='ltr'>Augustus</span> <span class='ocrx_word' id='word_1_262' title='bbox 987 1845 1100 1883; x_wconf 86' lang='lat' dir='ltr'>etiam</span> <span class='ocrx_word' id='word_1_263' title='bbox 1122 1844 1400 1885; x_wconf 89' lang='lat' dir='ltr'>Duumviratus</span> <span class='ocrx_word' id='word_1_264' title='bbox 1423 1843 1614 1885; x_wconf 90' lang='lat' dir='ltr'>honorem</span> <span class='ocrx_word' id='word_1_265' title='bbox 1636 1855 1733 1884; x_wconf 92' lang='lat' dir='ltr'>sus-</span> 
     </span>
    </p>
   </div>
   <div class='ocr_carea' id='block_1_5' title="bbox 131 1901 1733 2009">
    <p class='ocr_par' dir='ltr' id='par_1_6' title="bbox 131 1901 1733 2009">
     <span class='ocr_line' id='line_1_29' title="bbox 132 1901 1733 1956; baseline -0.001 -13"><span class='ocrx_word' id='word_1_266' title='bbox 132 1904 249 1956; x_wconf 85' lang='lat' dir='ltr'>cepit.</span> <span class='ocrx_word' id='word_1_267' title='bbox 294 1903 335 1943; x_wconf 90' lang='lat' dir='ltr'>L.</span> <span class='ocrx_word' id='word_1_268' title='bbox 368 1903 574 1945; x_wconf 88' lang='lat' dir='ltr'>Stertinius</span> <span class='ocrx_word' id='word_1_269' title='bbox 617 1901 657 1942; x_wconf 94' lang='lat' dir='ltr'>L.</span> <span class='ocrx_word' id='word_1_270' title='bbox 699 1902 781 1942; x_wconf 88' lang='lat' dir='ltr'>Lib.</span> <span class='ocrx_word' id='word_1_271' title='bbox 825 1901 1147 1955; x_wconf 84' lang='lat' dir='ltr'>Parthenopaeus</span> <span class='ocrx_word' id='word_1_272' title='bbox 1191 1904 1316 1943; x_wconf 89' lang='lat' dir='ltr'>amico</span> <span class='ocrx_word' id='word_1_273' title='bbox 1350 1901 1658 1956; x_wconf 84' lang='lat' dir='ltr'>incomparabili.</span> <span class='ocrx_word' id='word_1_274' title='bbox 1689 1901 1733 1942; x_wconf 91' lang='lat' dir='ltr'>L.</span> 
     </span>
     <span class='ocr_line' id='line_1_30' title="bbox 131 1961 1634 2009; baseline -0.002 -6"><span class='ocrx_word' id='word_1_275' title='bbox 131 1962 175 2003; x_wconf 91' lang='lat' dir='ltr'>D.</span> <span class='ocrx_word' id='word_1_276' title='bbox 208 1962 254 2002; x_wconf 92' lang='lat' dir='ltr'>D.</span> <span class='ocrx_word' id='word_1_277' title='bbox 287 1961 332 2001; x_wconf 94' lang='lat' dir='ltr'>D.</span> <span class='ocrx_word' id='word_1_278' title='bbox 366 1984 420 1990; x_wconf 86' lang='lat'>——-</span> <span class='ocrx_word' id='word_1_279' title='bbox 454 1964 608 2000; x_wconf 81' lang='lat' dir='ltr'>Caietae.</span> <span class='ocrx_word' id='word_1_280' title='bbox 656 1964 743 2000; x_wconf 90' lang='lat' dir='ltr'>Don.</span> <span class='ocrx_word' id='word_1_281' title='bbox 778 1962 874 2009; x_wconf 81' lang='lat'>217,</span> <span class='ocrx_word' id='word_1_282' title='bbox 908 1962 1001 1999; x_wconf 85' lang='lat'>222.</span> <span class='ocrx_word' id='word_1_283' title='bbox 1049 1963 1132 1999; x_wconf 80' lang='lat' dir='ltr'>Mur.</span> <span class='ocrx_word' id='word_1_284' title='bbox 1167 1963 1263 2009; x_wconf 79' lang='lat'>614,</span> <span class='ocrx_word' id='word_1_285' title='bbox 1300 1963 1332 2000; x_wconf 93' lang='lat'>1.</span> <span class='ocrx_word' id='word_1_286' title='bbox 1381 1963 1477 2000; x_wconf 85' lang='lat' dir='ltr'>Oret.</span> <span class='ocrx_word' id='word_1_287' title='bbox 1512 1962 1634 2000; x_wconf 82' lang='lat'>3817.</span> 
     </span>
    </p>
   </div>
   <div class='ocr_carea' id='block_1_6' title="bbox 127 2035 1735 2322">
    <p class='ocr_par' dir='ltr' id='par_1_7' title="bbox 127 2035 1735 2322">
     <span class='ocr_line' id='line_1_31' title="bbox 276 2035 1735 2090; baseline 0.001 -14"><span class='ocrx_word' id='word_1_288' title='bbox 276 2039 396 2077; x_wconf 80' lang='lat'>1583.</span> <span class='ocrx_word' id='word_1_289' title='bbox 457 2037 507 2077; x_wconf 86' lang='lat' dir='ltr'>M.</span> <span class='ocrx_word' id='word_1_290' title='bbox 542 2036 656 2078; x_wconf 83' lang='lat' dir='ltr'>Aulio</span> <span class='ocrx_word' id='word_1_291' title='bbox 689 2040 731 2077; x_wconf 81' lang='lat' dir='ltr'>M.</span> <span class='ocrx_word' id='word_1_292' title='bbox 775 2037 815 2076; x_wconf 90' lang='lat' dir='ltr'>F.</span> <span class='ocrx_word' id='word_1_293' title='bbox 849 2035 989 2077; x_wconf 86' lang='lat' dir='ltr'>Albino</span> <span class='ocrx_word' id='word_1_294' title='bbox 1032 2036 1159 2077; x_wconf 86' lang='lat' dir='ltr'>Praef.</span> <span class='ocrx_word' id='word_1_295' title='bbox 1204 2036 1288 2076; x_wconf 88' lang='lat' dir='ltr'>coh.</span> <span class='ocrx_word' id='word_1_296' title='bbox 1327 2038 1439 2090; x_wconf 92' lang='lat' dir='ltr'>prim.</span> <span class='ocrx_word' id='word_1_297' title='bbox 1481 2037 1671 2078; x_wconf 83' lang='lat' dir='ltr'>Breucor.</span> <span class='ocrx_word' id='word_1_298' title='bbox 1703 2035 1735 2078; x_wconf 90' lang='lat'>11</span> 
     </span>
     <span class='ocr_line' id='line_1_32' title="bbox 127 2092 1734 2150; baseline 0 -14"><span class='ocrx_word' id='word_1_299' title='bbox 127 2096 200 2137; x_wconf 87' lang='lat' dir='ltr'>vir.</span> <span class='ocrx_word' id='word_1_300' title='bbox 242 2092 442 2150; x_wconf 77' lang='lat' dir='ltr'>Quinq.⁹)</span> <span class='ocrx_word' id='word_1_301' title='bbox 487 2096 696 2143; x_wconf 79' lang='lat' dir='ltr'>Quaestor.</span> <span class='ocrx_word' id='word_1_302' title='bbox 739 2095 918 2135; x_wconf 89' lang='lat' dir='ltr'>Curatori</span> <span class='ocrx_word' id='word_1_303' title='bbox 960 2096 1057 2147; x_wconf 87' lang='lat' dir='ltr'>reip.</span> <span class='ocrx_word' id='word_1_304' title='bbox 1101 2095 1447 2135; x_wconf 85' lang='lat' dir='ltr'>Cubulterinorum</span> <span class='ocrx_word' id='word_1_305' title='bbox 1490 2096 1661 2136; x_wconf 90' lang='lat' dir='ltr'>Patrono</span> <span class='ocrx_word' id='word_1_306' title='bbox 1694 2100 1734 2136; x_wconf 84' lang='lat' dir='ltr'>et</span> 
     </span>
     <span class='ocr_line' id='line_1_33' title="bbox 136 2150 1735 2208; baseline -0.003 -12"><span class='ocrx_word' id='word_1_307' title='bbox 136 2154 260 2196; x_wconf 82' lang='lat' dir='ltr'>Allifis</span> <span class='ocrx_word' id='word_1_308' title='bbox 292 2155 322 2195; x_wconf 88' lang='lat'>11</span> <span class='ocrx_word' id='word_1_309' title='bbox 354 2155 453 2204; x_wconf 83' lang='lat' dir='ltr'>viro,</span> <span class='ocrx_word' id='word_1_310' title='bbox 487 2154 627 2206; x_wconf 84' lang='lat' dir='ltr'>Quinq.</span> <span class='ocrx_word' id='word_1_311' title='bbox 663 2153 708 2201; x_wconf 88' lang='lat' dir='ltr'>Q.</span> <span class='ocrx_word' id='word_1_312' title='bbox 730 2150 786 2208; x_wconf 78' lang='lat'>¹⁰)</span> <span class='ocrx_word' id='word_1_313' title='bbox 817 2153 987 2194; x_wconf 89' lang='lat' dir='ltr'>Patrono</span> <span class='ocrx_word' id='word_1_314' title='bbox 1018 2153 1270 2206; x_wconf 83' lang='lat' dir='ltr'>Augustales.</span> <span class='ocrx_word' id='word_1_315' title='bbox 1301 2153 1343 2194; x_wconf 94' lang='lat' dir='ltr'>L.</span> <span class='ocrx_word' id='word_1_316' title='bbox 1376 2154 1419 2193; x_wconf 92' lang='lat' dir='ltr'>D.</span> <span class='ocrx_word' id='word_1_317' title='bbox 1451 2153 1497 2194; x_wconf 94' lang='lat' dir='ltr'>D.</span> <span class='ocrx_word' id='word_1_318' title='bbox 1529 2154 1576 2194; x_wconf 88' lang='lat' dir='ltr'>D.</span> <span class='ocrx_word' id='word_1_319' title='bbox 1609 2177 1665 2184; x_wconf 90' lang='lat'>—-</span> <span class='ocrx_word' id='word_1_320' title='bbox 1694 2156 1735 2192; x_wconf 88' lang='lat' dir='ltr'>In</span> 
     </span>
     <span class='ocr_line' id='line_1_34' title="bbox 130 2213 1733 2263; baseline -0.001 -11"><span class='ocrx_word' id='word_1_321' title='bbox 130 2216 211 2253; x_wconf 89' lang='lat' dir='ltr'>vico</span> <span class='ocrx_word' id='word_1_322' title='bbox 243 2215 385 2252; x_wconf 86' lang='lat' dir='ltr'>Latinae</span> <span class='ocrx_word' id='word_1_323' title='bbox 418 2215 594 2251; x_wconf 80' lang='lat' dir='ltr'>dioecesis</span> <span class='ocrx_word' id='word_1_324' title='bbox 628 2215 818 2251; x_wconf 83' lang='lat' dir='ltr'>Calatinae.</span> <span class='ocrx_word' id='word_1_325' title='bbox 865 2215 949 2250; x_wconf 80' lang='lat' dir='ltr'>Mur.</span> <span class='ocrx_word' id='word_1_326' title='bbox 982 2226 1014 2261; x_wconf 89' lang='lat' dir='ltr'>p.</span> <span class='ocrx_word' id='word_1_327' title='bbox 1052 2213 1172 2250; x_wconf 85' lang='lat'>1040.</span> <span class='ocrx_word' id='word_1_328' title='bbox 1229 2214 1324 2251; x_wconf 86' lang='lat' dir='ltr'>Orel.</span> <span class='ocrx_word' id='word_1_329' title='bbox 1360 2214 1451 2250; x_wconf 83' lang='lat'>126.</span> <span class='ocrx_word' id='word_1_330' title='bbox 1503 2215 1639 2263; x_wconf 89' lang='lat' dir='ltr'>Zumpt.</span> <span class='ocrx_word' id='word_1_331' title='bbox 1680 2216 1733 2251; x_wconf 86' lang='lat' dir='ltr'>De</span> 
     </span>
     <span class='ocr_line' id='line_1_35' title="bbox 128 2273 491 2322; baseline -0.011 -10"><span class='ocrx_word' id='word_1_332' title='bbox 128 2275 327 2322; x_wconf 86' lang='lat' dir='ltr'>Agustalib.</span> <span class='ocrx_word' id='word_1_333' title='bbox 358 2286 392 2322; x_wconf 90' lang='lat' dir='ltr'>p.</span> <span class='ocrx_word' id='word_1_334' title='bbox 428 2273 491 2309; x_wconf 77' lang='lat'>79.</span> 
     </span>
    </p>
   </div>
   <div class='ocr_carea' id='block_1_7' title="bbox 127 2345 1733 2693">
    <p class='ocr_par' dir='ltr' id='par_1_8' title="bbox 127 2345 1733 2693">
     <span class='ocr_line' id='line_1_36' title="bbox 274 2345 1733 2399; baseline -0.001 -13"><span class='ocrx_word' id='word_1_335' title='bbox 274 2349 394 2386; x_wconf 78' lang='lat'>1584.</span> <span class='ocrx_word' id='word_1_336' title='bbox 455 2346 608 2387; x_wconf 87' lang='lat' dir='ltr'>Euhodi</span> <span class='ocrx_word' id='word_1_337' title='bbox 640 2347 689 2388; x_wconf 83' lang='lat' dir='ltr'>M.</span> <span class='ocrx_word' id='word_1_338' title='bbox 722 2346 858 2387; x_wconf 90' lang='lat' dir='ltr'>Aurel.</span> <span class='ocrx_word' id='word_1_339' title='bbox 891 2345 1098 2387; x_wconf 89' lang='lat' dir='ltr'>Sabiniano</span> <span class='ocrx_word' id='word_1_340' title='bbox 1141 2345 1271 2399; x_wconf 78' lang='lat' dir='ltr'>Augg.</span> <span class='ocrx_word' id='word_1_341' title='bbox 1305 2346 1385 2386; x_wconf 92' lang='lat' dir='ltr'>Lib.</span> <span class='ocrx_word' id='word_1_342' title='bbox 1418 2346 1588 2387; x_wconf 89' lang='lat' dir='ltr'>Patrono</span> <span class='ocrx_word' id='word_1_343' title='bbox 1632 2346 1733 2387; x_wconf 88' lang='lat' dir='ltr'>civi-</span> 
     </span>
     <span class='ocr_line' id='line_1_37' title="bbox 127 2403 1731 2460; baseline -0.002 -13"><span class='ocrx_word' id='word_1_344' title='bbox 127 2407 216 2447; x_wconf 85' lang='lat' dir='ltr'>tatis</span> <span class='ocrx_word' id='word_1_345' title='bbox 249 2405 493 2460; x_wconf 82' lang='lat' dir='ltr'>Anagninor.</span> <span class='ocrx_word' id='word_1_346' title='bbox 526 2406 698 2457; x_wconf 87' lang='lat' dir='ltr'>itemque</span> <span class='ocrx_word' id='word_1_347' title='bbox 731 2405 888 2459; x_wconf 84' lang='lat' dir='ltr'>collegii</span> <span class='ocrx_word' id='word_1_348' title='bbox 919 2403 1180 2457; x_wconf 85' lang='lat' dir='ltr'>Captatorum‚</span> <span class='ocrx_word' id='word_1_349' title='bbox 1212 2405 1405 2445; x_wconf 88' lang='lat' dir='ltr'>Decuriali</span> <span class='ocrx_word' id='word_1_350' title='bbox 1438 2404 1623 2446; x_wconf 88' lang='lat' dir='ltr'>decuriae</span> <span class='ocrx_word' id='word_1_351' title='bbox 1654 2404 1731 2445; x_wconf 89' lang='lat' dir='ltr'>lic-</span> 
     </span>
     <span class='ocr_line' id='line_1_38' title="bbox 131 2462 1732 2517; baseline -0.002 -12"><span class='ocrx_word' id='word_1_352' title='bbox 131 2466 256 2505; x_wconf 88' lang='lat' dir='ltr'>toriae</span> <span class='ocrx_word' id='word_1_353' title='bbox 287 2464 485 2517; x_wconf 85' lang='lat' dir='ltr'>popularis</span> <span class='ocrx_word' id='word_1_354' title='bbox 516 2464 852 2504; x_wconf 89' lang='lat' dir='ltr'>Denunciatorum</span> <span class='ocrx_word' id='word_1_355' title='bbox 894 2463 1026 2515; x_wconf 87' lang='lat' dir='ltr'>itemq.</span> <span class='ocrx_word' id='word_1_356' title='bbox 1070 2462 1301 2503; x_wconf 86' lang='lat' dir='ltr'>Gerulorum</span> <span class='ocrx_word' id='word_1_357' title='bbox 1344 2463 1416 2503; x_wconf 90' lang='lat' dir='ltr'>sed</span> <span class='ocrx_word' id='word_1_358' title='bbox 1449 2468 1488 2504; x_wconf 89' lang='lat' dir='ltr'>et</span> <span class='ocrx_word' id='word_1_359' title='bbox 1519 2463 1732 2503; x_wconf 88' lang='lat' dir='ltr'>Decemvi-</span> 
     </span>
     <span class='ocr_line' id='line_1_39' title="bbox 129 2519 1731 2576; baseline -0.002 -13"><span class='ocrx_word' id='word_1_360' title='bbox 129 2520 296 2576; x_wconf 79' lang='lat' dir='ltr'>1·alis¹²)</span> <span class='ocrx_word' id='word_1_361' title='bbox 328 2523 365 2564; x_wconf 91' lang='lat' dir='ltr'>S.</span> <span class='ocrx_word' id='word_1_362' title='bbox 397 2522 435 2562; x_wconf 87' lang='lat' dir='ltr'>P.</span> <span class='ocrx_word' id='word_1_363' title='bbox 470 2522 515 2569; x_wconf 86' lang='lat' dir='ltr'>Q.</span> <span class='ocrx_word' id='word_1_364' title='bbox 548 2521 594 2561; x_wconf 87' lang='lat' dir='ltr'>A.</span> <span class='ocrx_word' id='word_1_365' title='bbox 616 2519 671 2575; x_wconf 61' lang='grc'>12)</span> <span class='ocrx_word' id='word_1_366' title='bbox 706 2534 802 2575; x_wconf 81' lang='lat' dir='ltr'>erga</span> <span class='ocrx_word' id='word_1_367' title='bbox 836 2533 1009 2562; x_wconf 90' lang='lat' dir='ltr'>amorem</span> <span class='ocrx_word' id='word_1_368' title='bbox 1042 2522 1188 2573; x_wconf 85' lang='lat' dir='ltr'>patriae</span> <span class='ocrx_word' id='word_1_369' title='bbox 1221 2526 1260 2561; x_wconf 90' lang='lat' dir='ltr'>et</span> <span class='ocrx_word' id='word_1_370' title='bbox 1291 2522 1448 2571; x_wconf 73' lang='lat' dir='ltr'>civium,</span> <span class='ocrx_word' id='word_1_371' title='bbox 1481 2521 1585 2574; x_wconf 90' lang='lat' dir='ltr'>quod</span> <span class='ocrx_word' id='word_1_372' title='bbox 1618 2521 1731 2561; x_wconf 86' lang='lat' dir='ltr'>ther-</span> 
     </span>
     <span class='ocr_line' id='line_1_40' title="bbox 128 2579 1729 2635; baseline 0 -14"><span class='ocrx_word' id='word_1_373' title='bbox 128 2594 211 2622; x_wconf 85' lang='lat' dir='ltr'>mas</span> <span class='ocrx_word' id='word_1_374' title='bbox 243 2581 364 2635; x_wconf 80' lang='lat' dir='ltr'>longa</span> <span class='ocrx_word' id='word_1_375' title='bbox 396 2581 547 2621; x_wconf 88' lang='lat' dir='ltr'>incuria</span> <span class='ocrx_word' id='word_1_376' title='bbox 579 2580 785 2633; x_wconf 81' lang='lat' dir='ltr'>neglectas</span> <span class='ocrx_word' id='word_1_377' title='bbox 817 2592 889 2620; x_wconf 91' lang='lat' dir='ltr'>sua</span> <span class='ocrx_word' id='word_1_378' title='bbox 922 2580 1088 2632; x_wconf 88' lang='lat' dir='ltr'>pecunia</span> <span class='ocrx_word' id='word_1_379' title='bbox 1120 2580 1352 2631; x_wconf 87' lang='lat' dir='ltr'>restituerit,</span> <span class='ocrx_word' id='word_1_380' title='bbox 1383 2585 1550 2621; x_wconf 89' lang='lat' dir='ltr'>statuam</span> <span class='ocrx_word' id='word_1_381' title='bbox 1577 2593 1630 2619; x_wconf 83' lang='lat' dir='ltr'>ex</span> <span class='ocrx_word' id='word_1_382' title='bbox 1650 2579 1729 2633; x_wconf 81' lang='lat' dir='ltr'>leg.</span> 
     </span>
     <span class='ocr_line' id='line_1_41' title="bbox 131 2634 1729 2693; baseline -0.001 -13"><span class='ocrx_word' id='word_1_383' title='bbox 131 2641 213 2681; x_wconf 90' lang='lat' dir='ltr'>suis</span> <span class='ocrx_word' id='word_1_384' title='bbox 234 2638 405 2693; x_wconf 90' lang='lat' dir='ltr'>ponend.</span> <span class='ocrx_word' id='word_1_385' title='bbox 428 2651 610 2679; x_wconf 89' lang='lat' dir='ltr'>censuer.</span> <span class='ocrx_word' id='word_1_386' title='bbox 630 2639 679 2679; x_wconf 90' lang='lat' dir='ltr'>ob</span> <span class='ocrx_word' id='word_1_387' title='bbox 697 2640 807 2679; x_wconf 90' lang='lat' dir='ltr'>cuius</span> <span class='ocrx_word' id='word_1_388' title='bbox 826 2638 951 2679; x_wconf 83' lang='lat' dir='ltr'>dedic.</span> <span class='ocrx_word' id='word_1_389' title='bbox 973 2634 1026 2691; x_wconf 76' lang='lat'>¹3)</span> <span class='ocrx_word' id='word_1_390' title='bbox 1047 2637 1150 2678; x_wconf 89' lang='lat' dir='ltr'>dedit</span> <span class='ocrx_word' id='word_1_391' title='bbox 1167 2638 1311 2679; x_wconf 85' lang='lat' dir='ltr'>Decur.</span> <span class='ocrx_word' id='word_1_392' title='bbox 1335 2639 1388 2680; x_wconf 81' lang='lat' dir='ltr'>X·</span> <span class='ocrx_word' id='word_1_393' title='bbox 1413 2639 1456 2679; x_wconf 91' lang='lat' dir='ltr'>V.</span> <span class='ocrx_word' id='word_1_394' title='bbox 1475 2639 1594 2680; x_wconf 80' lang='lat' dir='ltr'>Sexv.</span> <span class='ocrx_word' id='word_1_395' title='bbox 1613 2638 1666 2678; x_wconf 90' lang='lat' dir='ltr'>·X·</span> <span class='ocrx_word' id='word_1_396' title='bbox 1688 2637 1729 2679; x_wconf 89' lang='lat'>11.</span> 
     </span>
    </p>
   </div>
   <div class='ocr_carea' id='block_1_8' title="bbox 146 2744 263 2749">
    <p class='ocr_par' dir='ltr' id='par_1_9' title="bbox 146 2744 263 2749">
     <span class='ocr_line' id='line_1_42' title="bbox 146 2744 263 2749; baseline 0 0"><span class='ocrx_word' id='word_1_397' title='bbox 146 2744 263 2749; x_wconf 95' lang='lat' dir='ltr'> </span> 
     </span>
    </p>
   </div>
   <div class='ocr_carea' id='block_1_9' title="bbox 274 2788 1729 2834">
    <p class='ocr_par' dir='ltr' id='par_1_10' title="bbox 274 2788 1729 2834">
     <span class='ocr_line' id='line_1_43' title="bbox 274 2788 1729 2834; baseline 0 -10"><span class='ocrx_word' id='word_1_398' title='bbox 274 2789 309 2833; x_wconf 85' lang='grc'><strong>1)</strong></span> <span class='ocrx_word' id='word_1_399' title='bbox 336 2791 413 2824; x_wconf 76' lang='lat' dir='ltr'>Post</span> <span class='ocrx_word' id='word_1_400' title='bbox 437 2790 513 2825; x_wconf 86' lang='lat' dir='ltr'>Chr.</span> <span class='ocrx_word' id='word_1_401' title='bbox 539 2790 617 2823; x_wconf 87' lang='grc'><strong>390.</strong></span> <span class='ocrx_word' id='word_1_402' title='bbox 647 2809 685 2814; x_wconf 93' lang='lat'>-—</span> <span class='ocrx_word' id='word_1_403' title='bbox 713 2789 752 2833; x_wconf 84' lang='lat'>2)</span> <span class='ocrx_word' id='word_1_404' title='bbox 778 2790 932 2824; x_wconf 87' lang='lat' dir='ltr'>Cornelia</span> <span class='ocrx_word' id='word_1_405' title='bbox 958 2789 1058 2823; x_wconf 88' lang='lat' dir='ltr'>tribu.</span> <span class='ocrx_word' id='word_1_406' title='bbox 1086 2806 1126 2812; x_wconf 83' lang='lat'>——</span> <span class='ocrx_word' id='word_1_407' title='bbox 1153 2788 1192 2827; x_wconf 69' lang='lat'>3)</span> <span class='ocrx_word' id='word_1_408' title='bbox 1219 2790 1367 2823; x_wconf 85' lang='lat' dir='ltr'>cohortis</span> <span class='ocrx_word' id='word_1_409' title='bbox 1393 2790 1439 2824; x_wconf 78' lang='lat' dir='ltr'>lx</span> <span class='ocrx_word' id='word_1_410' title='bbox 1465 2791 1666 2834; x_wconf 80' lang='lat' dir='ltr'>praetoriae.</span> <span class='ocrx_word' id='word_1_411' title='bbox 1690 2806 1729 2812; x_wconf 89' lang='lat'>—-</span> 
     </span>
    </p>
   </div>
   <div class='ocr_carea' id='block_1_10' title="bbox 133 2834 1730 2974">
    <p class='ocr_par' dir='ltr' id='par_1_11' title="bbox 133 2834 1730 2974">
     <span class='ocr_line' id='line_1_44' title="bbox 133 2834 1730 2882; baseline 0.001 -13"><span class='ocrx_word' id='word_1_412' title='bbox 133 2834 172 2878; x_wconf 78' lang='lat'>4]</span> <span class='ocrx_word' id='word_1_413' title='bbox 198 2838 444 2880; x_wconf 78' lang='lat' dir='ltr'>praefectorum</span> <span class='ocrx_word' id='word_1_414' title='bbox 471 2839 652 2882; x_wconf 83' lang='lat' dir='ltr'>praetorio.</span> <span class='ocrx_word' id='word_1_415' title='bbox 679 2855 723 2862; x_wconf 78' lang='lat'>-</span> <span class='ocrx_word' id='word_1_416' title='bbox 749 2839 786 2875; x_wconf 89' lang='lat'>5)</span> <span class='ocrx_word' id='word_1_417' title='bbox 812 2837 1046 2871; x_wconf 83' lang='lat' dir='ltr'>corniculario.</span> <span class='ocrx_word' id='word_1_418' title='bbox 1082 2854 1122 2858; x_wconf 91' lang='lat'><strong>—</strong></span> <span class='ocrx_word' id='word_1_419' title='bbox 1157 2838 1194 2877; x_wconf 70' lang='lat'>6)</span> <span class='ocrx_word' id='word_1_420' title='bbox 1222 2837 1465 2871; x_wconf 77' lang='lat' dir='ltr'>Mateliceuses.</span> <span class='ocrx_word' id='word_1_421' title='bbox 1503 2855 1542 2860; x_wconf 88' lang='lat'><strong>—</strong></span> <span class='ocrx_word' id='word_1_422' title='bbox 1581 2836 1618 2879; x_wconf 83' lang='lat'>7)</span> <span class='ocrx_word' id='word_1_423' title='bbox 1647 2837 1730 2870; x_wconf 71' lang='lat' dir='ltr'>Tro-</span> 
     </span>
     <span class='ocr_line' id='line_1_45' title="bbox 133 2882 1730 2928; baseline 0 -13"><span class='ocrx_word' id='word_1_424' title='bbox 133 2884 279 2916; x_wconf 78' lang='lat' dir='ltr'>mentina</span> <span class='ocrx_word' id='word_1_425' title='bbox 305 2885 403 2918; x_wconf 84' lang='lat' dir='ltr'>tribu.</span> <span class='ocrx_word' id='word_1_426' title='bbox 440 2903 478 2907; x_wconf 89' lang='lat'><strong>—</strong></span> <span class='ocrx_word' id='word_1_427' title='bbox 514 2882 553 2925; x_wconf 82' lang='lat'>8)</span> <span class='ocrx_word' id='word_1_428' title='bbox 579 2884 711 2917; x_wconf 78' lang='lat' dir='ltr'>tribuno</span> <span class='ocrx_word' id='word_1_429' title='bbox 747 2885 883 2917; x_wconf 85' lang='lat' dir='ltr'>militurn</span> <span class='ocrx_word' id='word_1_430' title='bbox 911 2884 1118 2928; x_wconf 78' lang='lat' dir='ltr'>procuratori</span> <span class='ocrx_word' id='word_1_431' title='bbox 1154 2883 1305 2927; x_wconf 70' lang='lat' dir='ltr'>Augusti.</span> <span class='ocrx_word' id='word_1_432' title='bbox 1341 2902 1378 2906; x_wconf 91' lang='lat'>——</span> <span class='ocrx_word' id='word_1_433' title='bbox 1416 2884 1454 2926; x_wconf 72' lang='lat'>9)</span> <span class='ocrx_word' id='word_1_434' title='bbox 1481 2884 1730 2928; x_wconf 85' lang='lat' dir='ltr'>quinquennali.</span> 
     </span>
     <span class='ocr_line' id='line_1_46' title="bbox 133 2929 1730 2974; baseline 0.002 -13"><span class='ocrx_word' id='word_1_435' title='bbox 133 2947 178 2952; x_wconf 89' lang='lat'><em>-</em></span> <span class='ocrx_word' id='word_1_436' title='bbox 208 2929 263 2971; x_wconf 81' lang='lat'>10)</span> <span class='ocrx_word' id='word_1_437' title='bbox 291 2933 468 2974; x_wconf 76' lang='lat' dir='ltr'>quaestori.</span> <span class='ocrx_word' id='word_1_438' title='bbox 508 2948 544 2954; x_wconf 87' lang='lat'>—-</span> <span class='ocrx_word' id='word_1_439' title='bbox 584 2931 641 2972; x_wconf 75' lang='lat'>11)</span> <span class='ocrx_word' id='word_1_440' title='bbox 668 2931 896 2964; x_wconf 72' lang='lat' dir='ltr'>decemviralis</span> <span class='ocrx_word' id='word_1_441' title='bbox 929 2932 1048 2963; x_wconf 85' lang='lat' dir='ltr'>vitiose</span> <span class='ocrx_word' id='word_1_442' title='bbox 1075 2940 1135 2973; x_wconf 88' lang='lat' dir='ltr'>pro</span> <span class='ocrx_word' id='word_1_443' title='bbox 1170 2931 1392 2965; x_wconf 73' lang='lat' dir='ltr'>decemvirali.</span> <span class='ocrx_word' id='word_1_444' title='bbox 1429 2947 1469 2952; x_wconf 95' lang='lat'><em>—</em></span> <span class='ocrx_word' id='word_1_445' title='bbox 1508 2929 1569 2972; x_wconf 71' lang='lat'>12)</span> <span class='ocrx_word' id='word_1_446' title='bbox 1594 2937 1730 2964; x_wconf 85' lang='lat' dir='ltr'>senatus</span> 
     </span>
    </p>
   </div>
   <div class='ocr_carea' id='block_1_11' title="bbox 131 2976 1017 3023">
    <p class='ocr_par' dir='ltr' id='par_1_12' title="bbox 131 2976 1017 3023">
     <span class='ocr_line' id='line_1_47' title="bbox 131 2976 1017 3023; baseline 0.001 -14"><span class='ocrx_word' id='word_1_447' title='bbox 131 2976 344 3022; x_wconf 88' lang='lat' dir='ltr'>populusque</span> <span class='ocrx_word' id='word_1_448' title='bbox 369 2977 574 3023; x_wconf 84' lang='lat' dir='ltr'>Anagninus.</span> <span class='ocrx_word' id='word_1_449' title='bbox 604 2994 644 2999; x_wconf 89' lang='lat'>--</span> <span class='ocrx_word' id='word_1_450' title='bbox 674 2977 732 3020; x_wconf 80' lang='lat'>13)</span> <span class='ocrx_word' id='word_1_451' title='bbox 761 2978 1017 3012; x_wconf 84' lang='lat' dir='ltr'>dedicationem.</span> 
     </span>
    </p>
   </div>
  </div>
 </body>
</html>
