1877 3313
416 161 447 203 §.
472 161 504 195 2.
553 159 589 194 In
614 159 775 194 aediliciis
799 157 942 204 publicis
967 157 1085 192 Italiae
1110 162 1144 191 et
1167 157 1429 203 provinciarum.
1644 154 1727 201 153

124 268 224 310 licus
265 268 306 309 P.
327 265 363 322 1)
407 267 552 308 CCLX.
597 271 637 307 et
669 265 878 306 exsedram
921 269 960 304 et
990 277 1189 317 pronaon.
1220 265 1296 305 iter
1326 268 1366 304 et
1395 261 1590 317 porticum
1622 273 1728 315 pone

122 340 307 368 scaenam
338 327 445 381 long.
478 327 516 366 P.
550 325 660 365 CXL.
693 325 729 366 S.
763 324 805 365 C.
836 324 876 364 F.
911 323 950 363 C.
973 321 1006 377 1)
1040 346 1095 352 —
1126 327 1265 363 Tibure.
1299 326 1395 362 Grut.
1430 323 1524 369 172,
1556 323 1593 360 2.
1625 323 1727 359 Mor-

123 389 188 426 cet·
221 389 287 438 Op.
319 389 361 425 ΙΙ.
392 400 426 436 p.
459 387 553 424 302.
1522 407 1526 410 ⁴

267 463 388 500 1319.
448 461 491 500 L.
526 460 724 513 Sepunius
765 459 808 499 L.
848 458 889 498 F.
922 457 1195 509 Sanditianus‚
1235 458 1285 498 Μ.
1325 456 1572 498 Herrennius
1603 453 1651 495 A.
1684 455 1727 495 F.

122 519 358 574 Epidianus‚
392 519 553 559 Duovir.
586 519 612 559 I.
645 519 690 558 D.
723 517 846 558 schol.
881 521 920 557 ct
960 514 1144 571 1101013)
1193 540 1242 544 ——
1277 518 1464 567 Pompeiis.
1511 516 1570 553 Or.
1603 515 1729 555 3298.

268 598 388 635 1320.
451 595 524 635 Ex.
557 594 594 635 S.
629 594 672 634 C.
707 593 848 635 Schola
879 592 983 646 Aug.
1018 592 1160 645 colleg.
1191 592 1338 632 fa.br0r
1361 591 1563 645 tignarior.
1578 586 1619 643 4)
1651 590 1730 629 1111-

124 654 267 721 pendis
296 655 472 706 ipsorum
517 653 564 693 ab
606 652 791 692 inchoato
834 656 1038 692 exstructa
1081 652 1167 692 solo
1207 651 1298 692 dato
1330 651 1376 691 ab
1419 650 1462 691 T.
1493 649 1611 690 Furio
1642 648 1734 689 Pri-

78 749 81 752 .
123 714 294 767 migenio
327 713 394 765 qui
427 716 466 751 et
506 711 631 751 dedic.
676 712 760 751 eius
800 710 859 750 HS
899 710 948 750 X.
980 710 1026 750 N.
1060 709 1148 749 ded.
1166 707 1207 764 5)
1250 722 1302 750 ex
1343 709 1455 749 cuius
1487 720 1626 748 summ.
1659 719 1733 746 re·-

123 771 186 812 dit.
204 769 243 826 6)
278 771 460 812 omnibus
502 771 612 810 annis
645 769 724 809 Xll.
767 769 849 809 Kal.
882 769 984 822 Aug.
1020 768 1082 808 die
1125 768 1264 809 natalis
1306 768 1368 809 sui
1409 767 1631 821 epulentur.
1673 787 1730 797 --

120 833 306 870 Tolentini.
354 833 475 868 murat.
508 844 541 880 p.
576 830 670 867 520.
723 831 830 867 More.
865 831 940 866 Stil.
975 830 1099 867 CCLlI.

265 908 386 944 1321.
418 905 561 945 Schola
591 904 885 958 speculatorum
918 904 1121 958 legionum
1153 902 1179 944 I.
1215 908 1253 945 et
1283 902 1324 944 Il.
1357 896 1602 944 Adiutricum
1634 901 1728 942 Pia—

120 978 208 1006 rum
239 964 426 1004 Fidelium
459 964 762 1005 Severianarum
795 963 950 1003 refecta
981 976 1053 1015 per
1074 962 1237 1004 eosdem
1260 975 1426 1015 quorum
1449 962 1605 1001 uomina
1627 959 1732 1001 inFra

121 1025 266 1077 scripta
298 1027 412 1074 sunt,
456 1022 662 1063 dedicante
703 1022 756 1062 Fl.
788 1021 957 1062 Aeliano
990 1022 1086 1076 Leg.
1126 1020 1230 1075 Aug.
1271 1022 1332 1061 Pr.
1364 1021 1425 1061 Pr.
1459 1020 1541 1061 Kal.
1585 1019 1726 1060 Octob.

120 1083 304 1123 Modesto
336 1087 376 1121 et
405 1082 535 1122 Probo
570 1082 660 1122 Cos.
678 1078 719 1134 7)
751 1080 838 1120 Ael.
874 1081 1051 1132 Optatus,
1085 1079 1169 1120 Ael.
1192 1079 1389 1121 Candidus
1413 1077 1506 1133 [cet.
1533 1085 1730 1128 sequuntur

121 1143 371 1190 duodeviginti
404 1143 564 1188 nomina3
597 1143 629 1179 in
662 1143 730 1178 fine
763 1137 948 1192 additui-J:
983 1138 1154 1179 Curaute
1186 1139 1286 1179 Aur.
1319 1139 1525 1178 Pertinace
1547 1136 1731 1179 frumen-

121 1200 237 1241 tario.
271 1222 326 1227 —
359 1202 490 1238 Budac.
540 1202 636 1238 Grut.
669 1214 702 1249 p.
739 1200 831 1236 169.

266 1278 386 1315 1322.
449 1275 556 1316 Orfia
599 1274 638 1315 C.
680 1275 722 1314 F.
754 1273 925 1314 Priscilla
967 1273 1026 1314 HS
1071 1273 1130 1313 VI.
1173 1273 1219 1314 N.
1263 1272 1351 1313 coll.
1391 1273 1432 1313 F.
1467 1284 1566 1325 quae
1599 1271 1729 1312 Orfius

120 1335 286 1376 Hermes
320 1347 416 1374 avus
449 1336 535 1374 eius
567 1334 606 1373 in
639 1334 865 1373 memoriam
899 1332 981 1372 Orsi
1012 1332 1153 1373 Severi
1191 1332 1259 1372 filii
1291 1333 1350 1372 sui
1382 1332 1430 1371 ad
1463 1330 1731 1371 exornandam

120 1394 294 1435 scholam
335 1393 532 1446 pollicitus
575 1397 672 1441 erat,
713 1391 831 1431 dedit.
874 1413 929 1419 —
972 1393 1123 1439 Ostiae,
1166 1394 1263 1440 quod
1306 1394 1476 1441 oppidum
1510 1404 1600 1428 nunc
1632 1392 1732 1428 Mons

121 1456 308 1492 Alboddus
340 1455 374 1491 in
408 1465 497 1501 agro
530 1453 714 1500 Senogall.
762 1453 853 1489 Don.
887 1453 937 1488 Cl.
969 1453 1010 1488 ΙΙ.
1047 1452 1111 1489 71.
1158 1452 1268 1489 More.
1300 1453 1379 1488 Stil.
1411 1451 1622 1488 CCLXXVI.

267 1529 389 1567 1323.
451 1526 545 1580 Imp.
590 1526 703 1567 Caes.
746 1526 796 1567 M.
830 1526 996 1567 Aurelio
1040 1525 1243 1567 Antonino
1286 1526 1390 1579 Aug.
1424 1526 1463 1565 P.
1499 1525 1536 1565 P.
1571 1529 1609 1564 et
1639 1523 1732 1578 Imp.

122 1588 234 1628 Caes.
267 1586 309 1627 L.
343 1586 505 1627 Aurelio
546 1586 652 1626 Vero
693 1585 934 1625 Armeniaco
976 1585 1081 1639 Aug.
1115 1586 1198 1627 Ser.
1233 1584 1388 1626 Cornel.
1433 1584 1562 1638 Scipio
1607 1583 1733 1624 Ofitus

117 1647 277 1687 Procos.
310 1658 398 1685 cum
431 1645 586 1685 Uttedio
616 1645 804 1686 Marcello
836 1644 935 1699 Leg.
968 1657 1042 1685 suo
1075 1643 1286 1695 dedicavit,
1316 1643 1356 1684 C.
1379 1643 1610 1696 Calpurnius
1633 1642 1728 1683 (381--Ι

117 1717 188 1747 sus
220 1704 386 1745 Curator
418 1706 593 1744 muneris
624 1704 718 1757 pub.
752 1716 856 1744 mun.
889 1715 1017 1744 aerar.
1049 1703 1079 1744 11
1111 1704 1170 1743 vir
1203 1703 1284 1751 QQ.
1317 1702 1477 1742 Flamen
1515 1706 1731 1756 perpetuus

118 1776 250 1804 arcum
281 1765 451 1816 pecunia
482 1775 556 1804 suo
589 1762 843 1803 construend.
877 1774 960 1802 cur.
993 1766 1031 1802 et
1053 1774 1248 1802 marmore
1271 1761 1399 1803 solido
1422 1761 1528 1802 fecit.
1564 1785 1614 1790 —
1647 1763 1728 1800 Tri-

117 1825 203 1874 poli.
250 1826 360 1873 Spon.
403 1825 496 1861 misc.
538 1836 573 1872 p.
605 1824 702 1861 269.
749 1824 833 1860 Mur.
864 1835 898 1872 p.
931 1824 1027 1861 454.
1077 1823 1214 1861 Urlichs
1257 1824 1410 1860 Vittoria
1452 1835 1555 1860 seusa
1595 1822 1663 1861 ale.
1693 1822 1730 1860 in

120 1884 246 1922 Annal.
278 1884 435 1921 archeol.
466 1883 525 1920 XI.
559 1896 593 1931 p.
627 1883 691 1920 74.

262 1960 385 1997 1324.
446 1958 495 1998 A.
527 1958 674 1998 Hirtius
707 1956 754 1997 A.
788 1958 828 1998 F.
862 1957 912 1998 M.
944 1956 1094 1997 Lollius
1126 1956 1177 1997 M.
1211 1956 1250 1996 F.
1285 1955 1374 1997 Cos.
1388 1953 1432 2011 Β)
1474 1945 1728 1997 fundamenta

117 2017 281 2059 fornicis
297 2014 339 2072 ⁹)
372 2016 552 2057 faciunda
585 2017 769 2057 coiraver
801 2016 1011 2069 eidemque
1043 2017 1279 2069 probavere.
1313 2038 1368 2044 »-
1399 2018 1589 2055 Ferentini.
1633 2018 1730 2055 Grut.

117 2092 152 2128 p.
188 2078 280 2116 165.
329 2079 478 2115 Bunsen.
511 2079 653 2115 Antichi
685 2078 802 2115 stabil.
835 2078 906 2114 ital.
940 2079 973 2114 in
1005 2078 1132 2114 Annal.
1165 2078 1260 2114 arch.
1294 2077 1352 2113 VI.
1389 2076 1482 2114 145.
1515 2082 1587 2114 not.

263 2154 386 2192 1325.
447 2153 487 2193 P.
522 2152 685 2193 Veidius
718 2152 758 2192 P.
791 2152 831 2192 F.
865 2151 986 2193 Pollio
1021 2151 1259 2192 Caesareum
1295 2150 1454 2192 Caesari
1475 2150 1658 2205 Augusto
1691 2155 1731 2191 et

119 2211 295 2253 Coloniai
336 2211 655 2252 Beneventanae.
703 2234 752 2238 —
798 2213 1005 2250 Beneventi.
1053 2214 1133 2249 Vita
1175 2213 1295 2261 Antiq.
1337 2213 1531 2250 Genevent.
1567 2213 1592 2250 Ι.
1637 2212 1729 2249 164.

117 2274 228 2313 More.
260 2273 336 2309 Stil.
370 2273 605 2310 CCXXXIIII.
653 2272 778 2309 Marini
812 2273 892 2310 frat.
925 2284 997 2309 arv.
1029 2285 1062 2321 p.
1098 2272 1191 2309 384.

261 2349 384 2387 1326.
445 2347 590 2388 Baebia
622 2347 666 2387 T.
700 2347 740 2387 F.
773 2346 914 2387 Basilia
938 2346 1201 2388 Chalcidicum
1226 2346 1484 2449 municipibus
1507 2346 1587 2387 suis
1611 2345 1728 2386 dedit.

119 2431 175 2438 ·—-
207 2409 382 2447 Velleiae.
435 2409 539 2445 Lama
571 2421 606 2457 p
638 2409 705 2445 46.
754 2408 813 2445 Or.
847 2408 985 2444 3290.

263 2498 385 2536 1327.
445 2495 495 2537 Μ.
529 2494 713 2537 Saufeius
755 2495 805 2536 M.
838 2495 878 2535 F
911 2495 1101 2546 Rutilius,
1143 2493 1184 2535 C.
1217 2493 1348 2535 Saufei
1352 2506 1396 2535 us
1440 2493 1481 2533 C.
1514 2493 1556 2533 F.
1587 2493 1730 2534 Flacus

120 2555 286 2598 culinam
318 2555 359 2595 F.
394 2553 443 2594 de
475 2553 514 2596 S.
546 2554 584 2594 S.
619 2554 659 2595 C.
681 2550 736 2609 10)
770 2553 960 2606 eisdemq.
993 2554 1123 2594 locum
1165 2559 1346 2594 emerunt
1386 2552 1434 2592 de
1471 2552 1515 2592 L.
1550 2552 1728 2594 sondeio

119 2614 163 2657 L.
193 2615 235 2655 F.
268 2614 472 2655 Publicum
504 2618 565 2654 est
595 2613 730 2667 longu.
763 2613 802 2653 P.
836 2612 1031 2654 CXLVIII.
1065 2613 1104 2654 S.
1136 2613 1254 2653 latum
1287 2610 1327 2651 af
1346 2622 1458 2651 muro
1482 2610 1529 2651 ad
1551 2611 1592 2651 L.
1616 2611 1729 2653 Ton-

261 2777 298 2821 1)
324 2779 459 2824 pedum.
493 2796 538 2800 —
572 2777 611 2821 2)
641 2785 778 2812 senatus
804 2779 958 2812 consulto
986 2777 1176 2812 faciendum
1203 2782 1416 2810 curaverunt.
1451 2794 1496 2799 ——-
1530 2775 1568 2820 3)
1596 2776 1726 2812 duoviri

121 2827 183 2859 iuri
211 2826 356 2861 dicundo
382 2826 533 2860 scholam
559 2832 593 2859 et
618 2826 842 2870 horologium.
870 2844 911 2848 —
939 2824 978 2866 4)
1003 2824 1117 2856 schola
1141 2823 1257 2866 Augus
1262 2829 1294 2856 ta
1313 2823 1449 2868 collegii
1467 2823 1637 2857 fabrorum
1657 2827 1726 2867 tig-

59 2902 61 2905 .
121 2874 300 2906 nai-iorum.
328 2892 369 2897 ——
398 2875 436 2914 5)
462 2875 650 2906 sestertium
679 2874 797 2907 decem
825 2873 924 2906 millia
951 2881 1121 2904 nummum
1149 2870 1252 2903 dedit.
1288 2888 1329 2893 —
1363 2852 1421 2912 fif⁵
1427 2882 1578 2905 summae
1604 2872 1725 2906 reditu.

122 2937 166 2942 —
192 2918 230 2962 ¹7)
255 2931 288 2964 p.
315 2919 392 2955 Chr.
420 2920 497 2953 228.
526 2938 566 2943 —-
593 2919 631 2962 8)
658 2920 793 2964 legend.
822 2920 881 2952 Ces
907 2916 1112 2959 (censores).
1145 2935 1186 2940 —
1214 2916 1252 2959 9)
1275 2918 1493 2960 fundamenta
1517 2925 1547 2952 et
1566 2919 1726 2962 fornices.

122 2965 265 3002 ssunsen.
295 2985 335 2991 —
367 2966 425 3010 10]
451 2968 641 3001 faciendam
668 2967 710 3001 de
735 2973 872 3000 senatus
896 2965 1061 3006 sen-tentia
1089 2970 1303 2999 curaverunt.
