<?xml version="1.0" encoding="UTF-8"?>
<!DOCTYPE html PUBLIC "-//W3C//DTD XHTML 1.0 Transitional//EN"
    "http://www.w3.org/TR/xhtml1/DTD/xhtml1-transitional.dtd">
<html xmlns="http://www.w3.org/1999/xhtml" xml:lang="en" lang="en">
 <head>
  <title>
</title>
<meta http-equiv="Content-Type" content="text/html;charset=utf-8" />
  <meta name='ocr-system' content='tesseract 3.04.00' />
  <meta name='ocr-capabilities' content='ocr_page ocr_carea ocr_par ocr_line ocrx_word'/>
</head>
<body>
  <div class='ocr_page' id='page_1' title='image "./handbuchderrmi0103zelluoft_0389.png"; bbox 0 0 1877 3313; ppageno 0'>
   <div class='ocr_carea' id='block_1_1' title="bbox 565 137 1706 184">
    <p class='ocr_par' dir='ltr' id='par_1_1' title="bbox 565 137 1706 184">
     <span class='ocr_line' id='line_1_1' title="bbox 565 137 1706 184; baseline 0.004 -12"><span class='ocrx_word' id='word_1_1' title='bbox 565 137 595 179; x_wconf 86' lang='lat'>§.</span> <span class='ocrx_word' id='word_1_2' title='bbox 622 137 653 172; x_wconf 86' lang='lat'>9.</span> <span class='ocrx_word' id='word_1_3' title='bbox 702 138 787 173; x_wconf 84' lang='lat' dir='ltr'>Acta</span> <span class='ocrx_word' id='word_1_4' title='bbox 813 137 948 183; x_wconf 81' lang='lat' dir='ltr'>publica</span> <span class='ocrx_word' id='word_1_5' title='bbox 973 138 1245 183; x_wconf 81' lang='lat' dir='ltr'>municipiorum.</span> <span class='ocrx_word' id='word_1_6' title='bbox 1619 141 1706 184; x_wconf 89' lang='grc'>369</span> 
     </span>
    </p>
   </div>
   <div class='ocr_carea' id='block_1_2' title="bbox 91 241 1705 713">
    <p class='ocr_par' dir='ltr' id='par_1_2' title="bbox 91 241 1705 713">
     <span class='ocr_line' id='line_1_2' title="bbox 93 241 1704 301; baseline 0.004 -17"><span class='ocrx_word' id='word_1_7' title='bbox 93 241 349 284; x_wconf 86' lang='lat' dir='ltr'>reficiendam</span> <span class='ocrx_word' id='word_1_8' title='bbox 380 244 593 297; x_wconf 84' lang='lat' dir='ltr'>pequniam</span> <span class='ocrx_word' id='word_1_9' title='bbox 627 249 931 296; x_wconf 82' lang='lat' dir='ltr'><strong>consumerent,</strong></span> <span class='ocrx_word' id='word_1_10' title='bbox 973 258 1026 286; x_wconf 84' lang='lat' dir='ltr'>ex</span> <span class='ocrx_word' id='word_1_11' title='bbox 1066 245 1157 297; x_wconf 75' lang='lat' dir='ltr'>lege</span> <span class='ocrx_word' id='word_1_12' title='bbox 1199 259 1374 301; x_wconf 83' lang='lat' dir='ltr'>pagana,</span> <span class='ocrx_word' id='word_1_13' title='bbox 1416 247 1606 290; x_wconf 84' lang='lat' dir='ltr'>arbitratu</span> <span class='ocrx_word' id='word_1_14' title='bbox 1636 249 1704 290; x_wconf 91' lang='lat' dir='ltr'>Cn.</span> 
     </span>
     <span class='ocr_line' id='line_1_3' title="bbox 93 301 1704 361; baseline 0.005 -19"><span class='ocrx_word' id='word_1_15' title='bbox 93 301 257 343; x_wconf 88' lang='lat' dir='ltr'>Laetori</span> <span class='ocrx_word' id='word_1_16' title='bbox 288 301 355 343; x_wconf 89' lang='lat' dir='ltr'>Cn.</span> <span class='ocrx_word' id='word_1_17' title='bbox 389 303 430 343; x_wconf 90' lang='lat' dir='ltr'>F.</span> <span class='ocrx_word' id='word_1_18' title='bbox 462 305 671 357; x_wconf 79' lang='lat' dir='ltr'>magistrei</span> <span class='ocrx_word' id='word_1_19' title='bbox 702 306 859 358; x_wconf 86' lang='lat' dir='ltr'>pageiei</span> <span class='ocrx_word' id='word_1_20' title='bbox 879 301 937 358; x_wconf 75' lang='lat'>¹];</span> <span class='ocrx_word' id='word_1_21' title='bbox 979 305 1139 357; x_wconf 78' lang='lat' dir='ltr'>meique</span> <span class='ocrx_word' id='word_1_22' title='bbox 1182 306 1219 346; x_wconf 88' lang='lat' dir='ltr'>ei</span> <span class='ocrx_word' id='word_1_23' title='bbox 1258 306 1442 361; x_wconf 82' lang='lat' dir='ltr'>conlegio</span> <span class='ocrx_word' id='word_1_24' title='bbox 1473 308 1583 349; x_wconf 87' lang='lat' dir='ltr'>seive</span> <span class='ocrx_word' id='word_1_25' title='bbox 1613 322 1704 349; x_wconf 87' lang='lat' dir='ltr'>ma—</span> 
     </span>
     <span class='ocr_line' id='line_1_4' title="bbox 93 361 1705 418; baseline 0.005 -17"><span class='ocrx_word' id='word_1_26' title='bbox 93 361 209 415; x_wconf 87' lang='lat' dir='ltr'>gistri</span> <span class='ocrx_word' id='word_1_27' title='bbox 240 367 332 403; x_wconf 89' lang='lat' dir='ltr'>sunt</span> <span class='ocrx_word' id='word_1_28' title='bbox 362 361 471 403; x_wconf 85' lang='lat' dir='ltr'>Iovei</span> <span class='ocrx_word' id='word_1_29' title='bbox 503 365 726 417; x_wconf 82' lang='lat' dir='ltr'>compagei,</span> <span class='ocrx_word' id='word_1_30' title='bbox 756 364 868 404; x_wconf 89' lang='lat' dir='ltr'>locus</span> <span class='ocrx_word' id='word_1_31' title='bbox 900 364 938 404; x_wconf 88' lang='lat' dir='ltr'>in</span> <span class='ocrx_word' id='word_1_32' title='bbox 972 367 1100 404; x_wconf 84' lang='lat' dir='ltr'>teatro</span> <span class='ocrx_word' id='word_1_33' title='bbox 1133 370 1254 417; x_wconf 81' lang='lat' dir='ltr'>esset,</span> <span class='ocrx_word' id='word_1_34' title='bbox 1285 369 1360 405; x_wconf 84' lang='lat' dir='ltr'>tam</span> <span class='ocrx_word' id='word_1_35' title='bbox 1393 367 1530 418; x_wconf 90' lang='lat' dir='ltr'>quasei</span> <span class='ocrx_word' id='word_1_36' title='bbox 1555 368 1615 408; x_wconf 91' lang='lat' dir='ltr'>sei</span> <span class='ocrx_word' id='word_1_37' title='bbox 1640 369 1705 408; x_wconf 91' lang='lat' dir='ltr'>lu-</span> 
     </span>
     <span class='ocr_line' id='line_1_5' title="bbox 94 417 1703 475; baseline 0.004 -15"><span class='ocrx_word' id='word_1_38' title='bbox 94 419 166 461; x_wconf 89' lang='lat' dir='ltr'>dos</span> <span class='ocrx_word' id='word_1_39' title='bbox 183 417 225 475; x_wconf 80' lang='lat'>²)</span> <span class='ocrx_word' id='word_1_40' title='bbox 258 420 460 462; x_wconf 82' lang='lat' dir='ltr'>fecissent.</span> <span class='ocrx_word' id='word_1_41' title='bbox 493 445 550 451; x_wconf 89' lang='lat'>—</span> <span class='ocrx_word' id='word_1_42' title='bbox 580 421 624 462; x_wconf 87' lang='lat' dir='ltr'>L.</span> <span class='ocrx_word' id='word_1_43' title='bbox 665 421 874 463; x_wconf 87' lang='lat' dir='ltr'>Aufustius</span> <span class='ocrx_word' id='word_1_44' title='bbox 915 422 958 463; x_wconf 90' lang='lat' dir='ltr'>L.</span> <span class='ocrx_word' id='word_1_45' title='bbox 1000 422 1042 462; x_wconf 95' lang='lat' dir='ltr'>L.</span> <span class='ocrx_word' id='word_1_46' title='bbox 1087 422 1236 474; x_wconf 84' lang='lat' dir='ltr'>Strato,</span> <span class='ocrx_word' id='word_1_47' title='bbox 1279 423 1318 464; x_wconf 91' lang='lat' dir='ltr'>C.</span> <span class='ocrx_word' id='word_1_48' title='bbox 1350 424 1545 466; x_wconf 83' lang='lat' dir='ltr'>Antonius</span> <span class='ocrx_word' id='word_1_49' title='bbox 1576 425 1628 467; x_wconf 87' lang='lat' dir='ltr'>M.</span> <span class='ocrx_word' id='word_1_50' title='bbox 1660 426 1703 466; x_wconf 91' lang='lat' dir='ltr'>L.</span> 
     </span>
     <span class='ocr_line' id='line_1_6' title="bbox 91 477 1705 537; baseline 0.004 -17"><span class='ocrx_word' id='word_1_51' title='bbox 91 477 206 529; x_wconf 88' lang='lat' dir='ltr'>Nico,</span> <span class='ocrx_word' id='word_1_52' title='bbox 240 479 281 520; x_wconf 92' lang='lat' dir='ltr'>C.</span> <span class='ocrx_word' id='word_1_53' title='bbox 321 479 468 521; x_wconf 82' lang='lat' dir='ltr'>Navius</span> <span class='ocrx_word' id='word_1_54' title='bbox 483 478 525 535; x_wconf 75' lang='lat'>3)</span> <span class='ocrx_word' id='word_1_55' title='bbox 569 480 636 521; x_wconf 90' lang='lat' dir='ltr'>Cn.</span> <span class='ocrx_word' id='word_1_56' title='bbox 668 480 711 520; x_wconf 91' lang='lat' dir='ltr'>L.</span> <span class='ocrx_word' id='word_1_57' title='bbox 745 481 1012 535; x_wconf 84' lang='lat' dir='ltr'>Agathocles,</span> <span class='ocrx_word' id='word_1_58' title='bbox 1054 481 1095 522; x_wconf 92' lang='lat' dir='ltr'>C.</span> <span class='ocrx_word' id='word_1_59' title='bbox 1137 481 1277 522; x_wconf 87' lang='lat' dir='ltr'>Blossi.</span> <span class='ocrx_word' id='word_1_60' title='bbox 1319 483 1370 523; x_wconf 84' lang='lat' dir='ltr'>M.</span> <span class='ocrx_word' id='word_1_61' title='bbox 1412 483 1453 524; x_wconf 92' lang='lat' dir='ltr'>L.</span> <span class='ocrx_word' id='word_1_62' title='bbox 1484 484 1705 537; x_wconf 73' lang='lat' dir='ltr'>Protemus,</span> 
     </span>
     <span class='ocr_line' id='line_1_7' title="bbox 91 536 1704 594; baseline 0.004 -16"><span class='ocrx_word' id='word_1_63' title='bbox 91 536 142 578; x_wconf 90' lang='lat' dir='ltr'>M.</span> <span class='ocrx_word' id='word_1_64' title='bbox 175 537 366 580; x_wconf 82' lang='lat' dir='ltr'>Rumnius</span> <span class='ocrx_word' id='word_1_65' title='bbox 396 539 438 579; x_wconf 93' lang='lat' dir='ltr'>P.</span> <span class='ocrx_word' id='word_1_66' title='bbox 469 539 514 580; x_wconf 96' lang='lat' dir='ltr'>L.</span> <span class='ocrx_word' id='word_1_67' title='bbox 544 537 798 593; x_wconf 79' lang='lat' dir='ltr'>Diobant.‘¹)‚</span> <span class='ocrx_word' id='word_1_68' title='bbox 830 540 874 580; x_wconf 89' lang='lat' dir='ltr'>T.</span> <span class='ocrx_word' id='word_1_69' title='bbox 906 540 1104 593; x_wconf 86' lang='lat' dir='ltr'>Sulpicius</span> <span class='ocrx_word' id='word_1_70' title='bbox 1136 540 1175 581; x_wconf 90' lang='lat' dir='ltr'>P.</span> <span class='ocrx_word' id='word_1_71' title='bbox 1210 539 1311 593; x_wconf 60' lang='grc'>(3.5)</span> <span class='ocrx_word' id='word_1_72' title='bbox 1343 542 1439 594; x_wconf 91' lang='lat' dir='ltr'>Pul.,</span> <span class='ocrx_word' id='word_1_73' title='bbox 1471 542 1517 590; x_wconf 85' lang='lat' dir='ltr'>Q.</span> <span class='ocrx_word' id='word_1_74' title='bbox 1550 543 1704 585; x_wconf 75' lang='lat' dir='ltr'>Novius</span> 
     </span>
     <span class='ocr_line' id='line_1_8' title="bbox 93 596 1704 650; baseline 0.004 -13"><span class='ocrx_word' id='word_1_75' title='bbox 93 596 140 643; x_wconf 82' lang='lat' dir='ltr'>Q.</span> <span class='ocrx_word' id='word_1_76' title='bbox 172 596 216 638; x_wconf 91' lang='lat' dir='ltr'>L.</span> <span class='ocrx_word' id='word_1_77' title='bbox 252 598 437 649; x_wconf 85' lang='lat' dir='ltr'>Protem.‚</span> <span class='ocrx_word' id='word_1_78' title='bbox 468 598 519 639; x_wconf 91' lang='lat' dir='ltr'>M.</span> <span class='ocrx_word' id='word_1_79' title='bbox 551 598 716 639; x_wconf 88' lang='lat' dir='ltr'>Paccius</span> <span class='ocrx_word' id='word_1_80' title='bbox 747 598 798 639; x_wconf 89' lang='lat' dir='ltr'>M.</span> <span class='ocrx_word' id='word_1_81' title='bbox 831 598 874 638; x_wconf 91' lang='lat' dir='ltr'>L.</span> <span class='ocrx_word' id='word_1_82' title='bbox 906 599 1081 650; x_wconf 74' lang='lat' dir='ltr'>Philem,</span> <span class='ocrx_word' id='word_1_83' title='bbox 1112 599 1162 639; x_wconf 77' lang='lat' dir='ltr'>M.</span> <span class='ocrx_word' id='word_1_84' title='bbox 1195 599 1417 642; x_wconf 88' lang='lat' dir='ltr'>Licculeius</span> <span class='ocrx_word' id='word_1_85' title='bbox 1448 601 1498 643; x_wconf 88' lang='lat' dir='ltr'>M.</span> <span class='ocrx_word' id='word_1_86' title='bbox 1531 601 1573 642; x_wconf 93' lang='lat' dir='ltr'>L.</span> <span class='ocrx_word' id='word_1_87' title='bbox 1608 602 1704 643; x_wconf 88' lang='lat' dir='ltr'>Phi-</span> 
     </span>
     <span class='ocr_line' id='line_1_9' title="bbox 91 654 1702 713; baseline 0.004 -18"><span class='ocrx_word' id='word_1_88' title='bbox 91 654 183 706; x_wconf 83' lang='lat' dir='ltr'>lin.‚</span> <span class='ocrx_word' id='word_1_89' title='bbox 216 656 258 698; x_wconf 93' lang='lat' dir='ltr'>C.</span> <span class='ocrx_word' id='word_1_90' title='bbox 291 656 543 698; x_wconf 84' lang='lat' dir='ltr'>Hordeonius</span> <span class='ocrx_word' id='word_1_91' title='bbox 575 657 644 697; x_wconf 92' lang='lat' dir='ltr'>Cn.</span> <span class='ocrx_word' id='word_1_92' title='bbox 668 656 710 697; x_wconf 91' lang='lat' dir='ltr'>L.</span> <span class='ocrx_word' id='word_1_93' title='bbox 734 657 975 710; x_wconf 82' lang='lat' dir='ltr'>Euphemio‚</span> <span class='ocrx_word' id='word_1_94' title='bbox 1008 658 1054 698; x_wconf 91' lang='lat' dir='ltr'>A.</span> <span class='ocrx_word' id='word_1_95' title='bbox 1076 657 1221 699; x_wconf 89' lang='lat' dir='ltr'>Pollius</span> <span class='ocrx_word' id='word_1_96' title='bbox 1252 659 1291 699; x_wconf 89' lang='lat' dir='ltr'>P.</span> <span class='ocrx_word' id='word_1_97' title='bbox 1323 659 1365 700; x_wconf 94' lang='lat' dir='ltr'>L.</span> <span class='ocrx_word' id='word_1_98' title='bbox 1398 659 1616 713; x_wconf 73' lang='lat' dir='ltr'>Alexand,</span> <span class='ocrx_word' id='word_1_99' title='bbox 1657 661 1702 701; x_wconf 90' lang='lat' dir='ltr'>N.</span> 
     </span>
    </p>
   </div>
   <div class='ocr_carea' id='block_1_3' title="bbox 56 714 1704 773">
    <p class='ocr_par' dir='ltr' id='par_1_3' title="bbox 56 714 1704 773">
     <span class='ocr_line' id='line_1_10' title="bbox 56 714 1704 773; baseline 0.005 -21"><span class='ocrx_word' id='word_1_100' title='bbox 56 749 59 751; x_wconf 91' lang='lat'>.</span> <span class='ocrx_word' id='word_1_101' title='bbox 90 716 271 757; x_wconf 85' lang='lat' dir='ltr'>Munnius</span> <span class='ocrx_word' id='word_1_102' title='bbox 302 715 347 756; x_wconf 89' lang='lat' dir='ltr'>N.</span> <span class='ocrx_word' id='word_1_103' title='bbox 379 715 424 756; x_wconf 94' lang='lat' dir='ltr'>L.</span> <span class='ocrx_word' id='word_1_104' title='bbox 456 715 661 758; x_wconf 88' lang='lat' dir='ltr'>Antiocus.</span> <span class='ocrx_word' id='word_1_105' title='bbox 701 716 741 756; x_wconf 91' lang='lat' dir='ltr'>C.</span> <span class='ocrx_word' id='word_1_106' title='bbox 772 715 905 757; x_wconf 90' lang='lat' dir='ltr'>Coelio</span> <span class='ocrx_word' id='word_1_107' title='bbox 939 718 979 757; x_wconf 90' lang='lat' dir='ltr'>C.</span> <span class='ocrx_word' id='word_1_108' title='bbox 1012 717 1053 757; x_wconf 90' lang='lat' dir='ltr'>F.</span> <span class='ocrx_word' id='word_1_109' title='bbox 1098 716 1217 758; x_wconf 88' lang='lat' dir='ltr'>Caldo</span> <span class='ocrx_word' id='word_1_110' title='bbox 1254 714 1319 773; x_wconf 90' lang='lat' dir='ltr'>[L]</span> <span class='ocrx_word' id='word_1_111' title='bbox 1357 719 1528 760; x_wconf 89' lang='lat' dir='ltr'>Domitio</span> <span class='ocrx_word' id='word_1_112' title='bbox 1560 719 1628 760; x_wconf 90' lang='lat' dir='ltr'>Cn.</span> <span class='ocrx_word' id='word_1_113' title='bbox 1661 720 1704 760; x_wconf 92' lang='lat' dir='ltr'>F.</span> 
     </span>
    </p>
   </div>
   <div class='ocr_carea' id='block_1_4' title="bbox 89 771 1705 1066">
    <p class='ocr_par' dir='ltr' id='par_1_4' title="bbox 89 771 1705 1066">
     <span class='ocr_line' id='line_1_11' title="bbox 90 771 1703 829; baseline 0.001 -13"><span class='ocrx_word' id='word_1_114' title='bbox 90 773 345 816; x_wconf 83' lang='lat' dir='ltr'>Ahenobarb.</span> <span class='ocrx_word' id='word_1_115' title='bbox 379 771 534 829; x_wconf 75' lang='lat' dir='ltr'>COS.⁶).</span> <span class='ocrx_word' id='word_1_116' title='bbox 571 798 622 803; x_wconf 87' lang='lat'><em>-</em></span> <span class='ocrx_word' id='word_1_117' title='bbox 655 778 786 825; x_wconf 82' lang='lat' dir='ltr'>Magno</span> <span class='ocrx_word' id='word_1_118' title='bbox 820 779 914 815; x_wconf 91' lang='lat' dir='ltr'>cubo</span> <span class='ocrx_word' id='word_1_119' title='bbox 942 778 1086 827; x_wconf 89' lang='lat' dir='ltr'>lapideo</span> <span class='ocrx_word' id='word_1_120' title='bbox 1110 783 1258 827; x_wconf 88' lang='lat' dir='ltr'>reperto</span> <span class='ocrx_word' id='word_1_121' title='bbox 1286 779 1320 816; x_wconf 92' lang='lat' dir='ltr'>in</span> <span class='ocrx_word' id='word_1_122' title='bbox 1347 792 1444 828; x_wconf 86' lang='lat' dir='ltr'>pago</span> <span class='ocrx_word' id='word_1_123' title='bbox 1472 781 1600 818; x_wconf 84' lang='lat' dir='ltr'>Recalc</span> <span class='ocrx_word' id='word_1_124' title='bbox 1630 781 1703 818; x_wconf 89' lang='lat' dir='ltr'>Ca-</span> 
     </span>
     <span class='ocr_line' id='line_1_12' title="bbox 89 836 1705 887; baseline 0.002 -14"><span class='ocrx_word' id='word_1_125' title='bbox 89 845 185 887; x_wconf 89' lang='lat' dir='ltr'>puae</span> <span class='ocrx_word' id='word_1_126' title='bbox 215 836 453 886; x_wconf 83' lang='lat' dir='ltr'>insculptum,</span> <span class='ocrx_word' id='word_1_127' title='bbox 485 836 544 884; x_wconf 92' lang='lat' dir='ltr'>qui</span> <span class='ocrx_word' id='word_1_128' title='bbox 574 836 609 874; x_wconf 90' lang='lat' dir='ltr'>in</span> <span class='ocrx_word' id='word_1_129' title='bbox 641 848 765 874; x_wconf 87' lang='lat' dir='ltr'>museo</span> <span class='ocrx_word' id='word_1_130' title='bbox 797 837 1001 874; x_wconf 87' lang='lat' dir='ltr'>Borbonico</span> <span class='ocrx_word' id='word_1_131' title='bbox 1041 842 1254 874; x_wconf 76' lang='lat' dir='ltr'>asservatur.</span> <span class='ocrx_word' id='word_1_132' title='bbox 1314 839 1513 877; x_wconf 88' lang='lat' dir='ltr'>Ediderunt</span> <span class='ocrx_word' id='word_1_133' title='bbox 1543 840 1705 876; x_wconf 85' lang='lat' dir='ltr'>Mazochi</span> 
     </span>
     <span class='ocr_line' id='line_1_13' title="bbox 91 889 1705 947; baseline 0.001 -15"><span class='ocrx_word' id='word_1_134' title='bbox 91 889 317 947; x_wconf 79' lang='lat' dir='ltr'>(Comment.</span> <span class='ocrx_word' id='word_1_135' title='bbox 348 896 382 933; x_wconf 92' lang='lat' dir='ltr'>in</span> <span class='ocrx_word' id='word_1_136' title='bbox 415 896 584 944; x_wconf 90' lang='lat' dir='ltr'>Campani</span> <span class='ocrx_word' id='word_1_137' title='bbox 616 895 866 945; x_wconf 79' lang='lat' dir='ltr'>amphitheatri</span> <span class='ocrx_word' id='word_1_138' title='bbox 898 896 1047 934; x_wconf 84' lang='lat' dir='ltr'>titulum.</span> <span class='ocrx_word' id='word_1_139' title='bbox 1094 898 1202 945; x_wconf 69' lang='lat' dir='ltr'>Neap.</span> <span class='ocrx_word' id='word_1_140' title='bbox 1240 896 1361 935; x_wconf 82' lang='lat'>1727.</span> <span class='ocrx_word' id='word_1_141' title='bbox 1387 898 1426 935; x_wconf 86' lang='lat'>4.</span> <span class='ocrx_word' id='word_1_142' title='bbox 1455 903 1492 935; x_wconf 85' lang='lat' dir='ltr'>et</span> <span class='ocrx_word' id='word_1_143' title='bbox 1517 898 1551 935; x_wconf 89' lang='lat' dir='ltr'>in</span> <span class='ocrx_word' id='word_1_144' title='bbox 1578 898 1705 936; x_wconf 89' lang='lat' dir='ltr'>Poleni</span> 
     </span>
     <span class='ocr_line' id='line_1_14' title="bbox 90 955 1704 1005; baseline 0.002 -14"><span class='ocrx_word' id='word_1_145' title='bbox 90 955 271 1003; x_wconf 89' lang='lat' dir='ltr'>Supplem.</span> <span class='ocrx_word' id='word_1_146' title='bbox 314 955 498 1003; x_wconf 90' lang='lat' dir='ltr'>utriusque</span> <span class='ocrx_word' id='word_1_147' title='bbox 537 956 692 992; x_wconf 81' lang='lat' dir='ltr'>thesaur.</span> <span class='ocrx_word' id='word_1_148' title='bbox 724 956 819 992; x_wconf 85' lang='lat' dir='ltr'>Tom.</span> <span class='ocrx_word' id='word_1_149' title='bbox 858 955 901 992; x_wconf 90' lang='lat' dir='ltr'>V.</span> <span class='ocrx_word' id='word_1_150' title='bbox 944 969 977 1004; x_wconf 87' lang='lat' dir='ltr'>p.</span> <span class='ocrx_word' id='word_1_151' title='bbox 1022 956 1116 992; x_wconf 78' lang='lat'>662.</span> <span class='ocrx_word' id='word_1_152' title='bbox 1148 961 1231 993; x_wconf 83' lang='lat' dir='ltr'>tum.</span> <span class='ocrx_word' id='word_1_153' title='bbox 1265 957 1373 994; x_wconf 88' lang='lat' dir='ltr'>Tabb.</span> <span class='ocrx_word' id='word_1_154' title='bbox 1407 957 1634 995; x_wconf 83' lang='lat' dir='ltr'>Heracleens.</span> <span class='ocrx_word' id='word_1_155' title='bbox 1666 957 1704 1005; x_wconf 77' lang='lat' dir='ltr'>p.</span> 
     </span>
     <span class='ocr_line' id='line_1_15' title="bbox 91 1007 1702 1066; baseline 0.002 -17"><span class='ocrx_word' id='word_1_156' title='bbox 91 1007 226 1066; x_wconf 58' lang='lat'>399),</span> <span class='ocrx_word' id='word_1_157' title='bbox 256 1014 426 1051; x_wconf 76' lang='lat' dir='ltr'>Murator.</span> <span class='ocrx_word' id='word_1_158' title='bbox 463 1027 498 1063; x_wconf 88' lang='lat' dir='ltr'>p.</span> <span class='ocrx_word' id='word_1_159' title='bbox 531 1014 630 1062; x_wconf 83' lang='lat'>290,</span> <span class='ocrx_word' id='word_1_160' title='bbox 671 1014 779 1052; x_wconf 89' lang='lat' dir='ltr'>Orell.</span> <span class='ocrx_word' id='word_1_161' title='bbox 811 1027 843 1051; x_wconf 92' lang='lat' dir='ltr'>n.</span> <span class='ocrx_word' id='word_1_162' title='bbox 888 1014 1011 1052; x_wconf 85' lang='lat'>3793.</span> <span class='ocrx_word' id='word_1_163' title='bbox 1057 1016 1234 1052; x_wconf 87' lang='lat' dir='ltr'>Haubold.</span> <span class='ocrx_word' id='word_1_164' title='bbox 1281 1015 1433 1052; x_wconf 70' lang='lat' dir='ltr'>Monuni.</span> <span class='ocrx_word' id='word_1_165' title='bbox 1465 1017 1537 1063; x_wconf 79' lang='lat' dir='ltr'>leg.</span> <span class='ocrx_word' id='word_1_166' title='bbox 1568 1029 1601 1065; x_wconf 91' lang='lat' dir='ltr'>p.</span> <span class='ocrx_word' id='word_1_167' title='bbox 1636 1017 1702 1053; x_wconf 88' lang='grc'>80.</span> 
     </span>
    </p>
   </div>
   <div class='ocr_carea' id='block_1_5' title="bbox 89 1072 1704 1124">
    <p class='ocr_par' dir='ltr' id='par_1_5' title="bbox 89 1072 1704 1124">
     <span class='ocr_line' id='line_1_16' title="bbox 89 1072 1704 1124; baseline 0.001 -14"><span class='ocrx_word' id='word_1_168' title='bbox 89 1072 215 1122; x_wconf 86' lang='lat' dir='ltr'>Egger</span> <span class='ocrx_word' id='word_1_169' title='bbox 243 1073 319 1111; x_wconf 86' lang='lat' dir='ltr'>Lat.</span> <span class='ocrx_word' id='word_1_170' title='bbox 351 1085 456 1111; x_wconf 90' lang='lat' dir='ltr'>serm.</span> <span class='ocrx_word' id='word_1_171' title='bbox 497 1074 599 1122; x_wconf 85' lang='lat' dir='ltr'>reliq.</span> <span class='ocrx_word' id='word_1_172' title='bbox 640 1086 675 1123; x_wconf 91' lang='lat' dir='ltr'>p.</span> <span class='ocrx_word' id='word_1_173' title='bbox 720 1073 815 1111; x_wconf 80' lang='lat'>255.</span> <span class='ocrx_word' id='word_1_174' title='bbox 855 1074 1016 1122; x_wconf 72' lang='lat' dir='ltr'>Gottling</span> <span class='ocrx_word' id='word_1_175' title='bbox 1046 1075 1230 1111; x_wconf 66' lang='lat' dir='ltr'>Fuanehn</span> <span class='ocrx_word' id='word_1_176' title='bbox 1261 1079 1350 1112; x_wconf 74' lang='lat' dir='ltr'>rom.</span> <span class='ocrx_word' id='word_1_177' title='bbox 1381 1075 1539 1112; x_wconf 86' lang='lat' dir='ltr'>Urkund.</span> <span class='ocrx_word' id='word_1_178' title='bbox 1570 1088 1604 1124; x_wconf 89' lang='lat' dir='ltr'>p.</span> <span class='ocrx_word' id='word_1_179' title='bbox 1638 1075 1704 1112; x_wconf 84' lang='lat'>69.</span> 
     </span>
    </p>
   </div>
   <div class='ocr_carea' id='block_1_6' title="bbox 83 1152 1705 1798">
    <p class='ocr_par' dir='ltr' id='par_1_6' title="bbox 87 1152 1703 1267">
     <span class='ocr_line' id='line_1_17' title="bbox 236 1152 1703 1209; baseline 0.001 -16"><span class='ocrx_word' id='word_1_180' title='bbox 236 1156 360 1194; x_wconf 81' lang='grc'>1748.</span> <span class='ocrx_word' id='word_1_181' title='bbox 421 1153 473 1195; x_wconf 90' lang='grc' dir='ltr'>Μ.</span> <span class='ocrx_word' id='word_1_182' title='bbox 505 1153 620 1195; x_wconf 81' lang='lat' dir='ltr'>Vibio</span> <span class='ocrx_word' id='word_1_183' title='bbox 652 1154 839 1195; x_wconf 80' lang='lat' dir='ltr'>Liberale</span> <span class='ocrx_word' id='word_1_184' title='bbox 871 1155 910 1195; x_wconf 91' lang='lat' dir='ltr'>P.</span> <span class='ocrx_word' id='word_1_185' title='bbox 943 1153 1084 1196; x_wconf 81' lang='lat' dir='ltr'>Martio</span> <span class='ocrx_word' id='word_1_186' title='bbox 1115 1154 1222 1196; x_wconf 71' lang='lat' dir='ltr'>vero</span> <span class='ocrx_word' id='word_1_187' title='bbox 1256 1155 1346 1196; x_wconf 88' lang='lat' dir='ltr'>Cos.</span> <span class='ocrx_word' id='word_1_188' title='bbox 1362 1152 1401 1209; x_wconf 74' lang='grc' dir='ltr'>τ)</span> <span class='ocrx_word' id='word_1_189' title='bbox 1434 1155 1471 1196; x_wconf 87' lang='lat' dir='ltr'>X</span> <span class='ocrx_word' id='word_1_190' title='bbox 1502 1154 1546 1195; x_wconf 89' lang='lat' dir='ltr'>K.</span> <span class='ocrx_word' id='word_1_191' title='bbox 1580 1153 1703 1208; x_wconf 87' lang='lat' dir='ltr'>Apri-</span> 
     </span>
     <span class='ocr_line' id='line_1_18' title="bbox 87 1212 1702 1267; baseline 0 -13"><span class='ocrx_word' id='word_1_192' title='bbox 87 1212 149 1255; x_wconf 92' lang='lat' dir='ltr'>les</span> <span class='ocrx_word' id='word_1_193' title='bbox 189 1217 398 1267; x_wconf 85' lang='lat' dir='ltr'>Augustae</span> <span class='ocrx_word' id='word_1_194' title='bbox 439 1214 629 1254; x_wconf 78' lang='lat' dir='ltr'>Perusiae</span> <span class='ocrx_word' id='word_1_195' title='bbox 661 1214 699 1254; x_wconf 91' lang='lat' dir='ltr'>in</span> <span class='ocrx_word' id='word_1_196' title='bbox 732 1213 868 1254; x_wconf 86' lang='lat' dir='ltr'>schola</span> <span class='ocrx_word' id='word_1_197' title='bbox 899 1213 1133 1254; x_wconf 86' lang='lat' dir='ltr'>lach...na.</span> <span class='ocrx_word' id='word_1_198' title='bbox 1168 1213 1390 1255; x_wconf 89' lang='lat' dir='ltr'>Scribundo</span> <span class='ocrx_word' id='word_1_199' title='bbox 1422 1213 1702 1255; x_wconf 88' lang='lat' dir='ltr'>adfuerunt...</span> 
     </span>
    </p>

    <p class='ocr_par' dir='ltr' id='par_1_7' title="bbox 89 1271 1704 1503">
     <span class='ocr_line' id='line_1_19' title="bbox 231 1271 1703 1325; baseline -0.001 -11"><span class='ocrx_word' id='word_1_200' title='bbox 231 1271 345 1320; x_wconf 84' lang='lat' dir='ltr'>Quod</span> <span class='ocrx_word' id='word_1_201' title='bbox 387 1273 427 1313; x_wconf 92' lang='lat' dir='ltr'>P.</span> <span class='ocrx_word' id='word_1_202' title='bbox 463 1272 690 1313; x_wconf 86' lang='lat' dir='ltr'>Casincrius</span> <span class='ocrx_word' id='word_1_203' title='bbox 735 1272 917 1313; x_wconf 86' lang='lat' dir='ltr'>Clemens</span> <span class='ocrx_word' id='word_1_204' title='bbox 955 1272 987 1312; x_wconf 90' lang='grc' dir='ltr'>Π</span> <span class='ocrx_word' id='word_1_205' title='bbox 1005 1273 1065 1312; x_wconf 85' lang='lat' dir='ltr'>vir</span> <span class='ocrx_word' id='word_1_206' title='bbox 1103 1284 1176 1313; x_wconf 91' lang='lat' dir='ltr'>suo</span> <span class='ocrx_word' id='word_1_207' title='bbox 1220 1276 1258 1312; x_wconf 88' lang='lat' dir='ltr'>ct</span> <span class='ocrx_word' id='word_1_208' title='bbox 1299 1271 1342 1312; x_wconf 94' lang='lat' dir='ltr'>L.</span> <span class='ocrx_word' id='word_1_209' title='bbox 1375 1272 1500 1313; x_wconf 89' lang='lat' dir='ltr'>Petilii</span> <span class='ocrx_word' id='word_1_210' title='bbox 1540 1272 1703 1325; x_wconf 76' lang='lat' dir='ltr'>Nepotis</span> 
     </span>
     <span class='ocr_line' id='line_1_20' title="bbox 89 1329 1704 1386; baseline -0.001 -14"><span class='ocrx_word' id='word_1_211' title='bbox 89 1331 269 1386; x_wconf 83' lang='lat' dir='ltr'>collegae</span> <span class='ocrx_word' id='word_1_212' title='bbox 301 1332 363 1372; x_wconf 91' lang='lat' dir='ltr'>sui</span> <span class='ocrx_word' id='word_1_213' title='bbox 395 1332 554 1372; x_wconf 89' lang='lat' dir='ltr'>nomine</span> <span class='ocrx_word' id='word_1_214' title='bbox 586 1331 711 1371; x_wconf 70' lang='lat' dir='ltr'>verba</span> <span class='ocrx_word' id='word_1_215' title='bbox 740 1331 857 1381; x_wconf 79' lang='lat' dir='ltr'>fecit,</span> <span class='ocrx_word' id='word_1_216' title='bbox 889 1329 1057 1371; x_wconf 85' lang='lat' dir='ltr'>Annium</span> <span class='ocrx_word' id='word_1_217' title='bbox 1087 1331 1264 1371; x_wconf 84' lang='lat' dir='ltr'>Leonam</span> <span class='ocrx_word' id='word_1_218' title='bbox 1296 1335 1450 1383; x_wconf 81' lang='lat' dir='ltr'>petere,</span> <span class='ocrx_word' id='word_1_219' title='bbox 1481 1336 1522 1371; x_wconf 86' lang='lat' dir='ltr'>ut</span> <span class='ocrx_word' id='word_1_220' title='bbox 1553 1343 1704 1372; x_wconf 89' lang='lat' dir='ltr'>secun-</span> 
     </span>
     <span class='ocr_line' id='line_1_21' title="bbox 89 1389 1703 1443; baseline -0.001 -12"><span class='ocrx_word' id='word_1_221' title='bbox 89 1389 180 1431; x_wconf 89' lang='lat' dir='ltr'>dum</span> <span class='ocrx_word' id='word_1_222' title='bbox 212 1390 334 1431; x_wconf 68' lang='lat' dir='ltr'>verba</span> <span class='ocrx_word' id='word_1_223' title='bbox 366 1391 591 1431; x_wconf 83' lang='lat' dir='ltr'>testamenti</span> <span class='ocrx_word' id='word_1_224' title='bbox 622 1389 778 1443; x_wconf 86' lang='lat' dir='ltr'>Egnatii</span> <span class='ocrx_word' id='word_1_225' title='bbox 809 1389 916 1430; x_wconf 90' lang='lat' dir='ltr'>Festi</span> <span class='ocrx_word' id='word_1_226' title='bbox 948 1394 1102 1430; x_wconf 82' lang='lat' dir='ltr'>statuae</span> <span class='ocrx_word' id='word_1_227' title='bbox 1135 1402 1248 1442; x_wconf 73' lang='lat' dir='ltr'>quain</span> <span class='ocrx_word' id='word_1_228' title='bbox 1284 1389 1374 1430; x_wconf 76' lang='lat' dir='ltr'>divo</span> <span class='ocrx_word' id='word_1_229' title='bbox 1407 1390 1474 1430; x_wconf 90' lang='lat' dir='ltr'>Pio</span> <span class='ocrx_word' id='word_1_230' title='bbox 1501 1390 1703 1442; x_wconf 86' lang='lat' dir='ltr'>positurus</span> 
     </span>
     <span class='ocr_line' id='line_1_22' title="bbox 89 1447 1598 1503; baseline -0.001 -12"><span class='ocrx_word' id='word_1_231' title='bbox 89 1454 211 1502; x_wconf 86' lang='lat' dir='ltr'>esset,</span> <span class='ocrx_word' id='word_1_232' title='bbox 242 1450 353 1491; x_wconf 92' lang='lat' dir='ltr'>locus</span> <span class='ocrx_word' id='word_1_233' title='bbox 386 1450 460 1490; x_wconf 90' lang='lat' dir='ltr'>sibi</span> <span class='ocrx_word' id='word_1_234' title='bbox 491 1447 769 1503; x_wconf 83' lang='lat' dir='ltr'>adsignaretur</span> <span class='ocrx_word' id='word_1_235' title='bbox 802 1448 847 1496; x_wconf 86' lang='lat' dir='ltr'>Q.</span> <span class='ocrx_word' id='word_1_236' title='bbox 881 1448 926 1488; x_wconf 93' lang='lat' dir='ltr'>D.</span> <span class='ocrx_word' id='word_1_237' title='bbox 961 1447 1003 1488; x_wconf 91' lang='lat' dir='ltr'>E.</span> <span class='ocrx_word' id='word_1_238' title='bbox 1037 1448 1082 1488; x_wconf 91' lang='lat' dir='ltr'>R.</span> <span class='ocrx_word' id='word_1_239' title='bbox 1115 1447 1157 1488; x_wconf 89' lang='lat' dir='ltr'>F.</span> <span class='ocrx_word' id='word_1_240' title='bbox 1190 1448 1231 1488; x_wconf 90' lang='lat' dir='ltr'>P.</span> <span class='ocrx_word' id='word_1_241' title='bbox 1263 1447 1309 1488; x_wconf 94' lang='lat' dir='ltr'>D.</span> <span class='ocrx_word' id='word_1_242' title='bbox 1342 1448 1385 1488; x_wconf 91' lang='lat' dir='ltr'>E.</span> <span class='ocrx_word' id='word_1_243' title='bbox 1418 1448 1463 1489; x_wconf 89' lang='lat' dir='ltr'>R.</span> <span class='ocrx_word' id='word_1_244' title='bbox 1497 1447 1522 1488; x_wconf 90' lang='lat' dir='ltr'>l.</span> <span class='ocrx_word' id='word_1_245' title='bbox 1557 1448 1598 1489; x_wconf 93' lang='lat' dir='ltr'>C.</span> 
     </span>
    </p>

    <p class='ocr_par' dir='ltr' id='par_1_8' title="bbox 83 1506 1705 1798">
     <span class='ocr_line' id='line_1_23' title="bbox 229 1506 1702 1562; baseline -0.001 -13"><span class='ocrx_word' id='word_1_246' title='bbox 229 1508 413 1560; x_wconf 83' lang='lat' dir='ltr'>Placere,</span> <span class='ocrx_word' id='word_1_247' title='bbox 455 1512 496 1548; x_wconf 90' lang='lat' dir='ltr'>ut</span> <span class='ocrx_word' id='word_1_248' title='bbox 528 1507 749 1548; x_wconf 85' lang='lat' dir='ltr'>secundum</span> <span class='ocrx_word' id='word_1_249' title='bbox 793 1506 1037 1548; x_wconf 75' lang='lat' dir='ltr'>voluntatem</span> <span class='ocrx_word' id='word_1_250' title='bbox 1079 1506 1235 1562; x_wconf 81' lang='lat' dir='ltr'>Egnatii</span> <span class='ocrx_word' id='word_1_251' title='bbox 1267 1506 1373 1548; x_wconf 86' lang='lat' dir='ltr'>Festi</span> <span class='ocrx_word' id='word_1_252' title='bbox 1404 1506 1516 1549; x_wconf 89' lang='lat' dir='ltr'>locus</span> <span class='ocrx_word' id='word_1_253' title='bbox 1549 1512 1702 1549; x_wconf 86' lang='lat' dir='ltr'>statuae</span> 
     </span>
     <span class='ocr_line' id='line_1_24' title="bbox 88 1565 1705 1621; baseline 0 -14"><span class='ocrx_word' id='word_1_254' title='bbox 88 1566 179 1609; x_wconf 86' lang='lat' dir='ltr'>divo</span> <span class='ocrx_word' id='word_1_255' title='bbox 211 1567 279 1609; x_wconf 90' lang='lat' dir='ltr'>Pio</span> <span class='ocrx_word' id='word_1_256' title='bbox 310 1566 522 1621; x_wconf 81' lang='lat' dir='ltr'>ponendae</span> <span class='ocrx_word' id='word_1_257' title='bbox 553 1567 800 1620; x_wconf 73' lang='lat' dir='ltr'>proxim....</span> <span class='ocrx_word' id='word_1_258' title='bbox 839 1565 909 1607; x_wconf 90' lang='lat' dir='ltr'>Iul.</span> <span class='ocrx_word' id='word_1_259' title='bbox 943 1565 1080 1606; x_wconf 90' lang='lat' dir='ltr'>Libani</span> <span class='ocrx_word' id='word_1_260' title='bbox 1110 1566 1159 1607; x_wconf 87' lang='lat' dir='ltr'>ad</span> <span class='ocrx_word' id='word_1_261' title='bbox 1190 1566 1418 1607; x_wconf 88' lang='lat' dir='ltr'>introit....</span> <span class='ocrx_word' id='word_1_262' title='bbox 1454 1565 1626 1608; x_wconf 87' lang='lat' dir='ltr'>daretur.</span> <span class='ocrx_word' id='word_1_263' title='bbox 1647 1589 1705 1596; x_wconf 81' lang='lat'>——</span> 
     </span>
     <span class='ocr_line' id='line_1_25' title="bbox 83 1627 1705 1678; baseline -0.001 -12"><span class='ocrx_word' id='word_1_264' title='bbox 83 1630 277 1667; x_wconf 82' lang='lat' dir='ltr'>Decretum</span> <span class='ocrx_word' id='word_1_265' title='bbox 308 1629 487 1678; x_wconf 88' lang='lat' dir='ltr'>municipii</span> <span class='ocrx_word' id='word_1_266' title='bbox 518 1628 691 1674; x_wconf 80' lang='lat' dir='ltr'>Perusini,</span> <span class='ocrx_word' id='word_1_267' title='bbox 726 1639 797 1676; x_wconf 86' lang='lat' dir='ltr'>quo</span> <span class='ocrx_word' id='word_1_268' title='bbox 829 1627 947 1665; x_wconf 80' lang='lat' dir='ltr'>Annio</span> <span class='ocrx_word' id='word_1_269' title='bbox 980 1628 1124 1665; x_wconf 89' lang='lat' dir='ltr'>Leonae</span> <span class='ocrx_word' id='word_1_270' title='bbox 1156 1628 1256 1665; x_wconf 88' lang='lat' dir='ltr'>locus</span> <span class='ocrx_word' id='word_1_271' title='bbox 1283 1632 1422 1665; x_wconf 86' lang='lat' dir='ltr'>statuae</span> <span class='ocrx_word' id='word_1_272' title='bbox 1449 1628 1623 1666; x_wconf 86' lang='lat' dir='ltr'>Antonini</span> <span class='ocrx_word' id='word_1_273' title='bbox 1652 1629 1705 1666; x_wconf 91' lang='lat' dir='ltr'>Pii</span> 
     </span>
     <span class='ocr_line' id='line_1_26' title="bbox 83 1687 1704 1738; baseline -0.001 -12"><span class='ocrx_word' id='word_1_274' title='bbox 83 1689 278 1738; x_wconf 86' lang='lat' dir='ltr'>ponendae</span> <span class='ocrx_word' id='word_1_275' title='bbox 310 1688 535 1726; x_wconf 85' lang='lat' dir='ltr'>conceditur.</span> <span class='ocrx_word' id='word_1_276' title='bbox 596 1688 796 1725; x_wconf 87' lang='lat' dir='ltr'>Ediderunt</span> <span class='ocrx_word' id='word_1_277' title='bbox 833 1687 954 1725; x_wconf 81' lang='lat' dir='ltr'>Marin.</span> <span class='ocrx_word' id='word_1_278' title='bbox 1000 1687 1074 1726; x_wconf 83' lang='lat' dir='ltr'>Att.</span> <span class='ocrx_word' id='word_1_279' title='bbox 1117 1698 1192 1726; x_wconf 83' lang='lat' dir='ltr'>arv.</span> <span class='ocrx_word' id='word_1_280' title='bbox 1232 1687 1258 1725; x_wconf 90' lang='grc' dir='ltr'>Ι.</span> <span class='ocrx_word' id='word_1_281' title='bbox 1298 1700 1333 1737; x_wconf 87' lang='lat' dir='ltr'>p.</span> <span class='ocrx_word' id='word_1_282' title='bbox 1367 1687 1402 1726; x_wconf 88' lang='lat'>6.</span> <span class='ocrx_word' id='word_1_283' title='bbox 1435 1687 1545 1726; x_wconf 88' lang='lat' dir='ltr'>Orell.</span> <span class='ocrx_word' id='word_1_284' title='bbox 1577 1687 1704 1725; x_wconf 83' lang='lat'>4038.</span> 
     </span>
     <span class='ocr_line' id='line_1_27' title="bbox 83 1746 874 1798; baseline -0.004 -12"><span class='ocrx_word' id='word_1_285' title='bbox 83 1747 310 1797; x_wconf 81' lang='lat' dir='ltr'>Vermiglioli</span> <span class='ocrx_word' id='word_1_286' title='bbox 342 1748 517 1798; x_wconf 90' lang='lat' dir='ltr'>Inscriptt.</span> <span class='ocrx_word' id='word_1_287' title='bbox 549 1748 668 1785; x_wconf 89' lang='lat' dir='ltr'>Perus.</span> <span class='ocrx_word' id='word_1_288' title='bbox 699 1747 744 1784; x_wconf 89' lang='lat' dir='ltr'>Il.</span> <span class='ocrx_word' id='word_1_289' title='bbox 779 1746 874 1783; x_wconf 82' lang='lat'>260.</span> 
     </span>
    </p>
   </div>
   <div class='ocr_carea' id='block_1_7' title="bbox 83 1872 1702 1968">
    <p class='ocr_par' dir='ltr' id='par_1_9' title="bbox 83 1872 1702 1968">
     <span class='ocr_line' id='line_1_28' title="bbox 83 1872 1702 1910; baseline 0.001 -1"><span class='ocrx_word' id='word_1_290' title='bbox 83 1873 275 1910; x_wconf 85' lang='lat' dir='ltr'>Decreta</span> <span class='ocrx_word' id='word_1_291' title='bbox 301 1874 512 1909; x_wconf 91' lang='lat' dir='ltr'>coloniae</span> <span class='ocrx_word' id='word_1_292' title='bbox 539 1874 727 1909; x_wconf 86' lang='lat' dir='ltr'>Pisanae</span> <span class='ocrx_word' id='word_1_293' title='bbox 754 1874 834 1908; x_wconf 90' lang='lat' dir='ltr'>duo</span> <span class='ocrx_word' id='word_1_294' title='bbox 862 1875 901 1908; x_wconf 89' lang='lat' dir='ltr'>in</span> <span class='ocrx_word' id='word_1_295' title='bbox 927 1873 961 1908; x_wconf 94' lang='lat' dir='ltr'>L.</span> <span class='ocrx_word' id='word_1_296' title='bbox 987 1880 1029 1908; x_wconf 87' lang='lat' dir='ltr'>et</span> <span class='ocrx_word' id='word_1_297' title='bbox 1053 1873 1088 1909; x_wconf 92' lang='lat' dir='ltr'>C.</span> <span class='ocrx_word' id='word_1_298' title='bbox 1115 1872 1349 1909; x_wconf 73' lang='lat' dir='ltr'>Caesarum</span> <span class='ocrx_word' id='word_1_299' title='bbox 1379 1873 1702 1910; x_wconf 86' lang='lat' dir='ltr'>defunctorum</span> 
     </span>
     <span class='ocr_line' id='line_1_29' title="bbox 280 1921 1512 1968; baseline 0 -12"><span class='ocrx_word' id='word_1_300' title='bbox 280 1923 511 1966; x_wconf 79' lang='lat' dir='ltr'>honorem,</span> <span class='ocrx_word' id='word_1_301' title='bbox 537 1925 630 1957; x_wconf 76' lang='lat' dir='ltr'>sive</span> <span class='ocrx_word' id='word_1_302' title='bbox 657 1921 939 1967; x_wconf 87' lang='lat' dir='ltr'>Cenotaphia</span> <span class='ocrx_word' id='word_1_303' title='bbox 963 1933 1074 1968; x_wconf 83' lang='lat' dir='ltr'>quae</span> <span class='ocrx_word' id='word_1_304' title='bbox 1101 1922 1313 1957; x_wconf 87' lang='lat' dir='ltr'>dicuntur</span> <span class='ocrx_word' id='word_1_305' title='bbox 1338 1922 1512 1957; x_wconf 86' lang='lat' dir='ltr'>Pisana.</span> 
     </span>
    </p>
   </div>
   <div class='ocr_carea' id='block_1_8' title="bbox 82 2019 1701 2426">
    <p class='ocr_par' dir='ltr' id='par_1_10' title="bbox 82 2019 1701 2426">
     <span class='ocr_line' id='line_1_30' title="bbox 227 2019 1701 2067; baseline 0.001 -9"><span class='ocrx_word' id='word_1_306' title='bbox 227 2020 350 2059; x_wconf 80' lang='lat'>1749.</span> <span class='ocrx_word' id='word_1_307' title='bbox 411 2021 509 2058; x_wconf 87' lang='lat' dir='ltr'>Haec</span> <span class='ocrx_word' id='word_1_308' title='bbox 532 2021 603 2058; x_wconf 93' lang='lat' dir='ltr'>duo</span> <span class='ocrx_word' id='word_1_309' title='bbox 624 2021 770 2058; x_wconf 89' lang='lat' dir='ltr'>decreta</span> <span class='ocrx_word' id='word_1_310' title='bbox 796 2020 830 2057; x_wconf 91' lang='lat' dir='ltr'>in</span> <span class='ocrx_word' id='word_1_311' title='bbox 853 2019 1061 2057; x_wconf 88' lang='lat' dir='ltr'>marmoreis</span> <span class='ocrx_word' id='word_1_312' title='bbox 1086 2019 1226 2067; x_wconf 88' lang='lat' dir='ltr'>singula</span> <span class='ocrx_word' id='word_1_313' title='bbox 1251 2019 1380 2057; x_wconf 91' lang='lat' dir='ltr'>tabulis</span> <span class='ocrx_word' id='word_1_314' title='bbox 1412 2020 1446 2057; x_wconf 92' lang='lat' dir='ltr'>in</span> <span class='ocrx_word' id='word_1_315' title='bbox 1478 2020 1701 2059; x_wconf 86' lang='lat' dir='ltr'>coemeterio</span> 
     </span>
     <span class='ocr_line' id='line_1_31' title="bbox 83 2075 1701 2133; baseline -0.001 -15"><span class='ocrx_word' id='word_1_316' title='bbox 83 2078 211 2118; x_wconf 86' lang='lat' dir='ltr'>Pisano</span> <span class='ocrx_word' id='word_1_317' title='bbox 244 2075 407 2133; x_wconf 82' lang='lat' dir='ltr'>(Campo</span> <span class='ocrx_word' id='word_1_318' title='bbox 440 2075 570 2132; x_wconf 81' lang='lat' dir='ltr'>santo]</span> <span class='ocrx_word' id='word_1_319' title='bbox 602 2080 720 2129; x_wconf 89' lang='lat' dir='ltr'>posita</span> <span class='ocrx_word' id='word_1_320' title='bbox 751 2080 930 2117; x_wconf 86' lang='lat' dir='ltr'>habentur</span> <span class='ocrx_word' id='word_1_321' title='bbox 960 2079 1053 2116; x_wconf 91' lang='lat' dir='ltr'>inter</span> <span class='ocrx_word' id='word_1_322' title='bbox 1084 2079 1221 2127; x_wconf 82' lang='lat' dir='ltr'>reliqua</span> <span class='ocrx_word' id='word_1_323' title='bbox 1253 2083 1479 2116; x_wconf 88' lang='lat' dir='ltr'>monumenta</span> <span class='ocrx_word' id='word_1_324' title='bbox 1511 2080 1701 2128; x_wconf 90' lang='lat' dir='ltr'>sepulcra-</span> 
     </span>
     <span class='ocr_line' id='line_1_32' title="bbox 83 2133 1700 2191; baseline -0.001 -14"><span class='ocrx_word' id='word_1_325' title='bbox 83 2140 153 2187; x_wconf 81' lang='lat' dir='ltr'>lia,</span> <span class='ocrx_word' id='word_1_326' title='bbox 183 2140 279 2177; x_wconf 89' lang='lat' dir='ltr'>unde</span> <span class='ocrx_word' id='word_1_327' title='bbox 311 2139 611 2188; x_wconf 88' lang='lat' dir='ltr'>cenotaphiorum</span> <span class='ocrx_word' id='word_1_328' title='bbox 642 2150 772 2176; x_wconf 90' lang='lat' dir='ltr'>nomen</span> <span class='ocrx_word' id='word_1_329' title='bbox 795 2143 898 2175; x_wconf 88' lang='lat' dir='ltr'>nacta</span> <span class='ocrx_word' id='word_1_330' title='bbox 930 2143 1020 2175; x_wconf 87' lang='lat' dir='ltr'>sunt.</span> <span class='ocrx_word' id='word_1_331' title='bbox 1064 2133 1131 2190; x_wconf 83' lang='lat' dir='ltr'>(V.</span> <span class='ocrx_word' id='word_1_332' title='bbox 1157 2138 1265 2175; x_wconf 88' lang='lat' dir='ltr'>Blum.</span> <span class='ocrx_word' id='word_1_333' title='bbox 1288 2138 1361 2175; x_wconf 90' lang='lat' dir='ltr'>Iter</span> <span class='ocrx_word' id='word_1_334' title='bbox 1382 2138 1488 2175; x_wconf 89' lang='lat' dir='ltr'>italic.</span> <span class='ocrx_word' id='word_1_335' title='bbox 1509 2138 1552 2175; x_wconf 91' lang='lat' dir='ltr'>Il.</span> <span class='ocrx_word' id='word_1_336' title='bbox 1578 2134 1700 2191; x_wconf 81' lang='lat'>110.)</span> 
     </span>
     <span class='ocr_line' id='line_1_33' title="bbox 83 2197 1696 2247; baseline -0.001 -11"><span class='ocrx_word' id='word_1_337' title='bbox 83 2198 248 2236; x_wconf 87' lang='lat' dir='ltr'>Alterum</span> <span class='ocrx_word' id='word_1_338' title='bbox 277 2198 314 2236; x_wconf 88' lang='lat' dir='ltr'>in</span> <span class='ocrx_word' id='word_1_339' title='bbox 343 2199 522 2236; x_wconf 90' lang='lat' dir='ltr'>honorem</span> <span class='ocrx_word' id='word_1_340' title='bbox 552 2198 648 2235; x_wconf 90' lang='lat' dir='ltr'>Lucii</span> <span class='ocrx_word' id='word_1_341' title='bbox 681 2198 844 2236; x_wconf 83' lang='lat' dir='ltr'>Caesaris</span> <span class='ocrx_word' id='word_1_342' title='bbox 880 2198 960 2234; x_wconf 80' lang='lat'>755</span> <span class='ocrx_word' id='word_1_343' title='bbox 995 2210 1027 2234; x_wconf 92' lang='lat' dir='ltr'>u.</span> <span class='ocrx_word' id='word_1_344' title='bbox 1061 2209 1090 2234; x_wconf 89' lang='lat' dir='ltr'>c.</span> <span class='ocrx_word' id='word_1_345' title='bbox 1123 2198 1159 2235; x_wconf 88' lang='lat'>3.</span> <span class='ocrx_word' id='word_1_346' title='bbox 1190 2209 1225 2247; x_wconf 70' lang='lat' dir='ltr'>p.</span> <span class='ocrx_word' id='word_1_347' title='bbox 1257 2197 1320 2234; x_wconf 89' lang='lat' dir='ltr'>Ch.</span> <span class='ocrx_word' id='word_1_348' title='bbox 1352 2197 1485 2234; x_wconf 81' lang='lat' dir='ltr'>factum</span> <span class='ocrx_word' id='word_1_349' title='bbox 1517 2209 1536 2234; x_wconf 91' lang='lat' dir='ltr'>a</span> <span class='ocrx_word' id='word_1_350' title='bbox 1570 2198 1696 2234; x_wconf 86' lang='lat' dir='ltr'>duum-</span> 
     </span>
     <span class='ocr_line' id='line_1_34' title="bbox 82 2255 1701 2304; baseline -0.001 -9"><span class='ocrx_word' id='word_1_351' title='bbox 82 2258 168 2295; x_wconf 89' lang='lat' dir='ltr'>viris</span> <span class='ocrx_word' id='word_1_352' title='bbox 209 2262 246 2295; x_wconf 81' lang='lat' dir='ltr'>et:</span> <span class='ocrx_word' id='word_1_353' title='bbox 288 2257 540 2295; x_wconf 88' lang='lat' dir='ltr'>decurionibus</span> <span class='ocrx_word' id='word_1_354' title='bbox 567 2257 702 2294; x_wconf 91' lang='lat' dir='ltr'>Pisanis</span> <span class='ocrx_word' id='word_1_355' title='bbox 753 2257 958 2303; x_wconf 85' lang='lat' dir='ltr'>constituit,</span> <span class='ocrx_word' id='word_1_356' title='bbox 1002 2256 1189 2304; x_wconf 87' lang='lat' dir='ltr'>quotannis</span> <span class='ocrx_word' id='word_1_357' title='bbox 1230 2255 1376 2293; x_wconf 80' lang='lat' dir='ltr'>inferias</span> <span class='ocrx_word' id='word_1_358' title='bbox 1419 2256 1507 2293; x_wconf 90' lang='lat' dir='ltr'>illius</span> <span class='ocrx_word' id='word_1_359' title='bbox 1541 2257 1701 2293; x_wconf 90' lang='lat' dir='ltr'>manibus</span> 
     </span>
     <span class='ocr_line' id='line_1_35' title="bbox 85 2315 1700 2365; baseline -0.001 -11"><span class='ocrx_word' id='word_1_360' title='bbox 85 2322 186 2355; x_wconf 89' lang='lat' dir='ltr'>certo</span> <span class='ocrx_word' id='word_1_361' title='bbox 216 2317 288 2354; x_wconf 86' lang='lat' dir='ltr'>ritu</span> <span class='ocrx_word' id='word_1_362' title='bbox 317 2317 508 2354; x_wconf 88' lang='lat' dir='ltr'>mittendas</span> <span class='ocrx_word' id='word_1_363' title='bbox 549 2328 616 2365; x_wconf 90' lang='lat' dir='ltr'>per</span> <span class='ocrx_word' id='word_1_364' title='bbox 654 2316 884 2363; x_wconf 83' lang='lat' dir='ltr'>magistratus</span> <span class='ocrx_word' id='word_1_365' title='bbox 918 2315 1106 2361; x_wconf 76' lang='lat' dir='ltr'>coloniae3</span> <span class='ocrx_word' id='word_1_366' title='bbox 1145 2315 1259 2352; x_wconf 86' lang='lat' dir='ltr'>altero</span> <span class='ocrx_word' id='word_1_367' title='bbox 1291 2315 1442 2353; x_wconf 88' lang='lat' dir='ltr'>decreto</span> <span class='ocrx_word' id='word_1_368' title='bbox 1476 2315 1570 2352; x_wconf 74' lang='lat'>757.</span> <span class='ocrx_word' id='word_1_369' title='bbox 1602 2328 1635 2352; x_wconf 90' lang='lat' dir='ltr'>u.</span> <span class='ocrx_word' id='word_1_370' title='bbox 1669 2328 1700 2353; x_wconf 92' lang='lat' dir='ltr'>c.</span> 
     </span>
     <span class='ocr_line' id='line_1_36' title="bbox 87 2373 1701 2426; baseline 0 -14"><span class='ocrx_word' id='word_1_371' title='bbox 87 2377 122 2413; x_wconf 88' lang='lat'>5.</span> <span class='ocrx_word' id='word_1_372' title='bbox 150 2389 186 2426; x_wconf 91' lang='lat' dir='ltr'>p.</span> <span class='ocrx_word' id='word_1_373' title='bbox 219 2376 282 2414; x_wconf 91' lang='lat' dir='ltr'>Ch.</span> <span class='ocrx_word' id='word_1_374' title='bbox 303 2377 401 2414; x_wconf 82' lang='lat' dir='ltr'>facto</span> <span class='ocrx_word' id='word_1_375' title='bbox 424 2376 591 2415; x_wconf 87' lang='lat' dir='ltr'>coloniae</span> <span class='ocrx_word' id='word_1_376' title='bbox 613 2375 762 2413; x_wconf 87' lang='lat' dir='ltr'>Pisanae</span> <span class='ocrx_word' id='word_1_377' title='bbox 785 2375 941 2413; x_wconf 84' lang='lat' dir='ltr'>universi</span> <span class='ocrx_word' id='word_1_378' title='bbox 973 2374 1119 2413; x_wconf 89' lang='lat' dir='ltr'>ordines</span> <span class='ocrx_word' id='word_1_379' title='bbox 1141 2379 1302 2422; x_wconf 86' lang='lat' dir='ltr'>censent,</span> <span class='ocrx_word' id='word_1_380' title='bbox 1334 2378 1371 2411; x_wconf 86' lang='lat' dir='ltr'>ut</span> <span class='ocrx_word' id='word_1_381' title='bbox 1395 2386 1414 2411; x_wconf 90' lang='lat' dir='ltr'>a</span> <span class='ocrx_word' id='word_1_382' title='bbox 1438 2373 1496 2412; x_wconf 89' lang='lat' dir='ltr'>die</span> <span class='ocrx_word' id='word_1_383' title='bbox 1528 2385 1598 2422; x_wconf 91' lang='lat' dir='ltr'>quo</span> <span class='ocrx_word' id='word_1_384' title='bbox 1625 2373 1701 2412; x_wconf 87' lang='lat' dir='ltr'>Caii</span> 
     </span>
    </p>
   </div>
   <div class='ocr_carea' id='block_1_9' title="bbox 3 2523 1700 2585">
    <p class='ocr_par' dir='ltr' id='par_1_11' title="bbox 3 2523 1700 2585">
     <span class='ocr_line' id='line_1_37' title="bbox 3 2523 1700 2585; baseline -0.002 -10"><span class='ocrx_word' id='word_1_385' title='bbox 3 2523 13 2575; x_wconf 45' lang='lat'>5¹</span> <span class='ocrx_word' id='word_1_386' title='bbox 85 2537 173 2573; x_wconf 79' lang='grc' dir='ltr'>10υεὶ</span> <span class='ocrx_word' id='word_1_387' title='bbox 198 2546 249 2574; x_wconf 87' lang='lat' dir='ltr'>est</span> <span class='ocrx_word' id='word_1_388' title='bbox 272 2550 336 2585; x_wconf 88' lang='lat' dir='ltr'>pro</span> <span class='ocrx_word' id='word_1_389' title='bbox 361 2540 458 2574; x_wconf 75' lang='lat' dir='ltr'>Iocis.</span> <span class='ocrx_word' id='word_1_390' title='bbox 502 2539 693 2574; x_wconf 83' lang='lat' dir='ltr'>Mazochius</span> <span class='ocrx_word' id='word_1_391' title='bbox 726 2539 816 2574; x_wconf 88' lang='lat' dir='ltr'>male</span> <span class='ocrx_word' id='word_1_392' title='bbox 848 2539 959 2573; x_wconf 72' lang='lat' dir='ltr'>lovum</span> <span class='ocrx_word' id='word_1_393' title='bbox 994 2549 1184 2584; x_wconf 71' lang='lat' dir='ltr'>compaymn</span> <span class='ocrx_word' id='word_1_394' title='bbox 1217 2548 1279 2583; x_wconf 91' lang='lat' dir='ltr'>pro</span> <span class='ocrx_word' id='word_1_395' title='bbox 1314 2537 1424 2573; x_wconf 86' lang='lat' dir='ltr'>altero</span> <span class='ocrx_word' id='word_1_396' title='bbox 1457 2547 1546 2583; x_wconf 82' lang='lat' dir='ltr'>pago</span> <span class='ocrx_word' id='word_1_397' title='bbox 1577 2537 1700 2582; x_wconf 84' lang='lat' dir='ltr'>accipit:</span> 
     </span>
    </p>
   </div>
   <div class='ocr_carea' id='block_1_10' title="bbox 2 2767 17 2891">
    <p class='ocr_par' dir='ltr' id='par_1_12' title="bbox 2 2767 17 2891">
     <span class='ocr_line' id='line_1_38' title="bbox 3 2767 17 2820; baseline 0 -9"><span class='ocrx_word' id='word_1_398' title='bbox 3 2767 17 2820; x_wconf 59' lang='grc' dir='ltr'>ᾗ</span> 
     </span>
     <span class='ocr_line' id='line_1_39' title="bbox 4 2821 11 2856; baseline 0 0"><span class='ocrx_word' id='word_1_399' title='bbox 4 2821 11 2856; x_wconf 84' lang='lat' dir='ltr'>l</span> 
     </span>
     <span class='ocr_line' id='line_1_40' title="bbox 2 2868 9 2891; baseline 0 0"><span class='ocrx_word' id='word_1_400' title='bbox 2 2868 9 2891; x_wconf 72' lang='lat' dir='ltr'><em>s</em></span> 
     </span>
    </p>
   </div>
   <div class='ocr_carea' id='block_1_11' title="bbox 15 2843 19 2914">
    <p class='ocr_par' dir='ltr' id='par_1_13' title="bbox 15 2843 19 2914">
     <span class='ocr_line' id='line_1_41' title="bbox 15 2843 18 2855; baseline 0 0"><span class='ocrx_word' id='word_1_401' title='bbox 15 2843 18 2855; x_wconf 68' lang='grc'>1</span> 
     </span>
     <span class='ocr_line' id='line_1_42' title="bbox 17 2891 19 2900; baseline 0 0"><span class='ocrx_word' id='word_1_402' title='bbox 17 2891 19 2900; x_wconf 91' lang='grc' dir='ltr'>ι</span> 
     </span>
     <span class='ocr_line' id='line_1_43' title="bbox 16 2902 19 2914; baseline 0 0"><span class='ocrx_word' id='word_1_403' title='bbox 16 2902 19 2914; x_wconf 76' lang='lat' dir='ltr'>l</span> 
     </span>
    </p>
   </div>
   <div class='ocr_carea' id='block_1_12' title="bbox 4 2932 19 2984">
    <p class='ocr_par' dir='ltr' id='par_1_14' title="bbox 4 2932 19 2984">
     <span class='ocr_line' id='line_1_44' title="bbox 4 2932 19 2984; baseline 0 0"><span class='ocrx_word' id='word_1_404' title='bbox 4 2933 5 2938; x_wconf 75' lang='grc'>’</span> <span class='ocrx_word' id='word_1_405' title='bbox 16 2932 19 2984; x_wconf 59' lang='lat' dir='ltr'>l</span> 
     </span>
    </p>
   </div>
   <div class='ocr_carea' id='block_1_13' title="bbox 86 2587 1699 2726">
    <p class='ocr_par' dir='ltr' id='par_1_15' title="bbox 86 2587 1699 2726">
     <span class='ocr_line' id='line_1_45' title="bbox 86 2587 637 2630; baseline 0.004 -10"><span class='ocrx_word' id='word_1_406' title='bbox 86 2596 176 2630; x_wconf 85' lang='lat' dir='ltr'>pago</span> <span class='ocrx_word' id='word_1_407' title='bbox 200 2587 419 2622; x_wconf 86' lang='lat' dir='ltr'>Herculaneo</span> <span class='ocrx_word' id='word_1_408' title='bbox 446 2589 637 2622; x_wconf 86' lang='lat' dir='ltr'>coniuncto.</span> 
     </span>
     <span class='ocr_line' id='line_1_46' title="bbox 227 2631 1699 2680; baseline -0.003 -11"><span class='ocrx_word' id='word_1_409' title='bbox 227 2635 264 2677; x_wconf 84' lang='lat'>1)</span> <span class='ocrx_word' id='word_1_410' title='bbox 290 2635 482 2669; x_wconf 83' lang='lat' dir='ltr'>Mazochius</span> <span class='ocrx_word' id='word_1_411' title='bbox 508 2635 672 2680; x_wconf 84' lang='lat' dir='ltr'>explicat:</span> <span class='ocrx_word' id='word_1_412' title='bbox 703 2636 782 2680; x_wconf 65' lang='lat' dir='ltr'>passi</span> <span class='ocrx_word' id='word_1_413' title='bbox 809 2636 886 2668; x_wconf 77' lang='lat' dir='ltr'>eins.</span> <span class='ocrx_word' id='word_1_414' title='bbox 930 2632 1117 2678; x_wconf 71' lang='lat' dir='ltr'>Gtittlingio</span> <span class='ocrx_word' id='word_1_415' title='bbox 1139 2634 1366 2679; x_wconf 86' lang='lat' dir='ltr'>dittographia</span> <span class='ocrx_word' id='word_1_416' title='bbox 1389 2632 1530 2666; x_wconf 86' lang='lat' dir='ltr'>subesse</span> <span class='ocrx_word' id='word_1_417' title='bbox 1555 2631 1699 2666; x_wconf 83' lang='lat' dir='ltr'>videtur.</span> 
     </span>
     <span class='ocr_line' id='line_1_47' title="bbox 89 2679 1698 2726; baseline -0.001 -11"><span class='ocrx_word' id='word_1_418' title='bbox 89 2697 129 2702; x_wconf 90' lang='lat'><strong>—</strong></span> <span class='ocrx_word' id='word_1_419' title='bbox 156 2679 195 2724; x_wconf 85' lang='lat'>2)</span> <span class='ocrx_word' id='word_1_420' title='bbox 220 2683 332 2716; x_wconf 83' lang='lat' dir='ltr'>tabula</span> <span class='ocrx_word' id='word_1_421' title='bbox 358 2682 537 2716; x_wconf 86' lang='lat' dir='ltr'>mendose:</span> <span class='ocrx_word' id='word_1_422' title='bbox 572 2682 669 2716; x_wconf 80' lang='lat' dir='ltr'>luoos.</span> <span class='ocrx_word' id='word_1_423' title='bbox 704 2700 748 2704; x_wconf 84' lang='lat'><strong>—</strong></span> <span class='ocrx_word' id='word_1_424' title='bbox 783 2679 820 2723; x_wconf 84' lang='lat'>3)</span> <span class='ocrx_word' id='word_1_425' title='bbox 847 2682 894 2715; x_wconf 90' lang='lat' dir='ltr'>Ita</span> <span class='ocrx_word' id='word_1_426' title='bbox 921 2681 1082 2726; x_wconf 74' lang='lat' dir='ltr'>Gottling.</span> <span class='ocrx_word' id='word_1_427' title='bbox 1113 2693 1156 2716; x_wconf 79' lang='lat' dir='ltr'>ex</span> <span class='ocrx_word' id='word_1_428' title='bbox 1180 2681 1312 2715; x_wconf 85' lang='lat' dir='ltr'>tabula:</span> <span class='ocrx_word' id='word_1_429' title='bbox 1348 2680 1466 2724; x_wconf 89' lang='lat' dir='ltr'>reliqui</span> <span class='ocrx_word' id='word_1_430' title='bbox 1494 2679 1555 2712; x_wconf 79' lang='lat' dir='ltr'>Cn.</span> <span class='ocrx_word' id='word_1_431' title='bbox 1580 2679 1698 2713; x_wconf 66' lang='lat' dir='ltr'>Anius.</span> 
     </span>
    </p>
   </div>
   <div class='ocr_carea' id='block_1_14' title="bbox 5 2724 1697 2774">
    <p class='ocr_par' dir='ltr' id='par_1_16' title="bbox 5 2724 1697 2774">
     <span class='ocr_line' id='line_1_48' title="bbox 5 2724 1697 2774; baseline -0.002 -11"><span class='ocrx_word' id='word_1_432' title='bbox 5 2739 16 2748; x_wconf 77' lang='grc'>·’</span> <span class='ocrx_word' id='word_1_433' title='bbox 87 2745 129 2750; x_wconf 88' lang='grc'><strong>-</strong></span> <span class='ocrx_word' id='word_1_434' title='bbox 155 2728 194 2770; x_wconf 87' lang='grc'>4)</span> <span class='ocrx_word' id='word_1_435' title='bbox 219 2730 268 2763; x_wconf 85' lang='lat' dir='ltr'>Ita</span> <span class='ocrx_word' id='word_1_436' title='bbox 294 2729 395 2763; x_wconf 70' lang='lat' dir='ltr'>Gettt.</span> <span class='ocrx_word' id='word_1_437' title='bbox 421 2729 541 2774; x_wconf 91' lang='lat' dir='ltr'>reliqui</span> <span class='ocrx_word' id='word_1_438' title='bbox 565 2729 720 2773; x_wconf 70' lang='lat' dir='ltr'>Diopunt.</span> <span class='ocrx_word' id='word_1_439' title='bbox 748 2746 788 2750; x_wconf 97' lang='lat'><strong>—</strong></span> <span class='ocrx_word' id='word_1_440' title='bbox 818 2726 856 2770; x_wconf 83' lang='lat'>5)</span> <span class='ocrx_word' id='word_1_441' title='bbox 882 2728 920 2769; x_wconf 83' lang='lat' dir='ltr'>Q.</span> <span class='ocrx_word' id='word_1_442' title='bbox 945 2729 1105 2763; x_wconf 88' lang='lat' dir='ltr'>mendum</span> <span class='ocrx_word' id='word_1_443' title='bbox 1131 2740 1206 2763; x_wconf 88' lang='lat' dir='ltr'>esse</span> <span class='ocrx_word' id='word_1_444' title='bbox 1224 2729 1357 2762; x_wconf 87' lang='lat' dir='ltr'>videtur</span> <span class='ocrx_word' id='word_1_445' title='bbox 1375 2738 1437 2771; x_wconf 89' lang='lat' dir='ltr'>pro</span> <span class='ocrx_word' id='word_1_446' title='bbox 1454 2726 1489 2759; x_wconf 93' lang='lat' dir='ltr'>L.</span> <span class='ocrx_word' id='word_1_447' title='bbox 1510 2724 1697 2768; x_wconf 62' lang='lat' dir='ltr'>(libertus).</span> 
     </span>
    </p>
   </div>
   <div class='ocr_carea' id='block_1_15' title="bbox 85 2773 1696 3007">
    <p class='ocr_par' dir='ltr' id='par_1_17' title="bbox 87 2773 1695 2822">
     <span class='ocr_line' id='line_1_49' title="bbox 87 2773 1695 2822; baseline -0.002 -12"><span class='ocrx_word' id='word_1_448' title='bbox 87 2792 129 2798; x_wconf 90' lang='grc'>--</span> <span class='ocrx_word' id='word_1_449' title='bbox 157 2775 195 2817; x_wconf 87' lang='grc'>6)</span> <span class='ocrx_word' id='word_1_450' title='bbox 220 2776 369 2810; x_wconf 83' lang='lat' dir='ltr'>Alterius</span> <span class='ocrx_word' id='word_1_451' title='bbox 395 2777 542 2810; x_wconf 85' lang='lat' dir='ltr'>consutis</span> <span class='ocrx_word' id='word_1_452' title='bbox 567 2787 693 2809; x_wconf 88' lang='lat' dir='ltr'>nomen</span> <span class='ocrx_word' id='word_1_453' title='bbox 719 2775 911 2809; x_wconf 81' lang='lat' dir='ltr'>Mazochius</span> <span class='ocrx_word' id='word_1_454' title='bbox 936 2787 1082 2822; x_wconf 86' lang='lat' dir='ltr'>eumque</span> <span class='ocrx_word' id='word_1_455' title='bbox 1104 2781 1286 2820; x_wconf 77' lang='lat' dir='ltr'>sequentes</span> <span class='ocrx_word' id='word_1_456' title='bbox 1313 2774 1438 2819; x_wconf 85' lang='lat' dir='ltr'>reliqui</span> <span class='ocrx_word' id='word_1_457' title='bbox 1464 2773 1613 2807; x_wconf 87' lang='lat' dir='ltr'>editores</span> <span class='ocrx_word' id='word_1_458' title='bbox 1631 2784 1695 2807; x_wconf 76' lang='lat' dir='ltr'>ex-</span> 
     </span>
    </p>

    <p class='ocr_par' dir='ltr' id='par_1_18' title="bbox 85 2821 1696 2867">
     <span class='ocr_line' id='line_1_50' title="bbox 85 2821 1696 2867; baseline 0 -13"><span class='ocrx_word' id='word_1_459' title='bbox 85 2821 219 2866; x_wconf 81' lang='lat' dir='ltr'>hibent3</span> <span class='ocrx_word' id='word_1_460' title='bbox 245 2824 306 2858; x_wconf 88' lang='lat' dir='ltr'>sed</span> <span class='ocrx_word' id='word_1_461' title='bbox 334 2824 538 2867; x_wconf 71' lang='lat' dir='ltr'>thttlingius</span> <span class='ocrx_word' id='word_1_462' title='bbox 563 2835 600 2857; x_wconf 86' lang='lat' dir='ltr'>se</span> <span class='ocrx_word' id='word_1_463' title='bbox 624 2823 746 2856; x_wconf 85' lang='lat' dir='ltr'>frustra</span> <span class='ocrx_word' id='word_1_464' title='bbox 772 2823 858 2857; x_wconf 87' lang='lat' dir='ltr'>haec</span> <span class='ocrx_word' id='word_1_465' title='bbox 883 2829 1055 2867; x_wconf 86' lang='lat' dir='ltr'>postrema</span> <span class='ocrx_word' id='word_1_466' title='bbox 1080 2823 1188 2857; x_wconf 78' lang='lat' dir='ltr'>verba</span> <span class='ocrx_word' id='word_1_467' title='bbox 1213 2824 1246 2856; x_wconf 92' lang='lat' dir='ltr'>in</span> <span class='ocrx_word' id='word_1_468' title='bbox 1272 2821 1384 2855; x_wconf 82' lang='lat' dir='ltr'>tabula</span> <span class='ocrx_word' id='word_1_469' title='bbox 1410 2821 1616 2866; x_wconf 86' lang='lat' dir='ltr'>quaesivisse</span> <span class='ocrx_word' id='word_1_470' title='bbox 1641 2821 1696 2854; x_wconf 85' lang='lat' dir='ltr'>af-</span> 
     </span>
    </p>

    <p class='ocr_par' dir='ltr' id='par_1_19' title="bbox 87 2867 1694 2915">
     <span class='ocr_line' id='line_1_51' title="bbox 87 2867 1694 2915; baseline 0.001 -15"><span class='ocrx_word' id='word_1_471' title='bbox 87 2867 215 2910; x_wconf 88' lang='lat' dir='ltr'>firmat,</span> <span class='ocrx_word' id='word_1_472' title='bbox 241 2876 275 2904; x_wconf 83' lang='lat' dir='ltr'>ct</span> <span class='ocrx_word' id='word_1_473' title='bbox 299 2871 508 2905; x_wconf 87' lang='lat' dir='ltr'>Mazocbium</span> <span class='ocrx_word' id='word_1_474' title='bbox 535 2870 578 2904; x_wconf 84' lang='lat' dir='ltr'>de</span> <span class='ocrx_word' id='word_1_475' title='bbox 603 2881 664 2904; x_wconf 89' lang='lat' dir='ltr'>suo</span> <span class='ocrx_word' id='word_1_476' title='bbox 691 2869 863 2903; x_wconf 86' lang='lat' dir='ltr'>addidisse</span> <span class='ocrx_word' id='word_1_477' title='bbox 887 2872 1086 2915; x_wconf 86' lang='lat' dir='ltr'>suspicatur.</span> <span class='ocrx_word' id='word_1_478' title='bbox 1128 2869 1204 2904; x_wconf 88' lang='lat' dir='ltr'>Fuit</span> <span class='ocrx_word' id='word_1_479' title='bbox 1229 2871 1318 2902; x_wconf 84' lang='lat' dir='ltr'>enim</span> <span class='ocrx_word' id='word_1_480' title='bbox 1343 2867 1378 2901; x_wconf 93' lang='lat' dir='ltr'>L.</span> <span class='ocrx_word' id='word_1_481' title='bbox 1403 2867 1571 2903; x_wconf 85' lang='lat' dir='ltr'>Domitius</span> <span class='ocrx_word' id='word_1_482' title='bbox 1595 2867 1694 2902; x_wconf 87' lang='lat' dir='ltr'>Ahe—</span> 
     </span>
    </p>

    <p class='ocr_par' dir='ltr' id='par_1_20' title="bbox 87 2913 1696 3007">
     <span class='ocr_line' id='line_1_52' title="bbox 87 2913 1696 2996; baseline 0.001 -49"><span class='ocrx_word' id='word_1_483' title='bbox 87 2913 259 2996; x_wconf 58' lang='lat' dir='ltr'>Robarbns</span> <span class='ocrx_word' id='word_1_484' title='bbox 284 2917 418 2963; x_wconf 83' lang='lat' dir='ltr'>collega</span> <span class='ocrx_word' id='word_1_485' title='bbox 443 2917 480 2953; x_wconf 91' lang='lat' dir='ltr'>C.</span> <span class='ocrx_word' id='word_1_486' title='bbox 505 2916 613 2952; x_wconf 86' lang='lat' dir='ltr'>Coelii</span> <span class='ocrx_word' id='word_1_487' title='bbox 639 2916 737 2952; x_wconf 87' lang='lat' dir='ltr'>Caldi</span> <span class='ocrx_word' id='word_1_488' title='bbox 763 2928 815 2952; x_wconf 85' lang='lat' dir='ltr'>an.</span> <span class='ocrx_word' id='word_1_489' title='bbox 841 2928 872 2953; x_wconf 89' lang='lat' dir='ltr'>u.</span> <span class='ocrx_word' id='word_1_490' title='bbox 899 2929 927 2952; x_wconf 87' lang='lat' dir='ltr'>c.</span> <span class='ocrx_word' id='word_1_491' title='bbox 953 2918 1032 2953; x_wconf 88' lang='lat'>660.</span> <span class='ocrx_word' id='word_1_492' title='bbox 1057 2935 1102 2941; x_wconf 93' lang='lat'>—</span> <span class='ocrx_word' id='word_1_493' title='bbox 1136 2916 1177 2960; x_wconf 83' lang='lat'>7)</span> <span class='ocrx_word' id='word_1_494' title='bbox 1201 2917 1282 2952; x_wconf 84' lang='lat' dir='ltr'>Post</span> <span class='ocrx_word' id='word_1_495' title='bbox 1305 2914 1383 2950; x_wconf 88' lang='lat' dir='ltr'>Chr.</span> <span class='ocrx_word' id='word_1_496' title='bbox 1411 2915 1487 2950; x_wconf 87' lang='grc'>179.</span> <span class='ocrx_word' id='word_1_497' title='bbox 1513 2915 1552 2952; x_wconf 79' lang='lat' dir='ltr'>V.</span> <span class='ocrx_word' id='word_1_498' title='bbox 1576 2915 1696 2951; x_wconf 85' lang='lat' dir='ltr'>Marini</span> 
     </span>
     <span class='ocr_line' id='line_1_53' title="bbox 121 2964 316 3007; baseline 0.015 -12"><span class='ocrx_word' id='word_1_499' title='bbox 121 2967 157 2995; x_wconf 84' lang='lat' dir='ltr'>tt.</span> <span class='ocrx_word' id='word_1_500' title='bbox 180 2973 213 3007; x_wconf 88' lang='lat' dir='ltr'>p.</span> <span class='ocrx_word' id='word_1_501' title='bbox 239 2964 316 2998; x_wconf 80' lang='lat'>179.</span> 
     </span>
    </p>
   </div>
   <div class='ocr_carea' id='block_1_16' title="bbox 146 3019 1486 3066">
    <p class='ocr_par' dir='ltr' id='par_1_21' title="bbox 146 3019 1486 3066">
     <span class='ocr_line' id='line_1_54' title="bbox 146 3019 1486 3066; baseline 0.015 -20"><span class='ocrx_word' id='word_1_502' title='bbox 146 3019 180 3046; x_wconf 76' lang='lat' dir='ltr'>Ze</span> <span class='ocrx_word' id='word_1_503' title='bbox 188 3020 226 3053; x_wconf 65' lang='lat'>11,</span> <span class='ocrx_word' id='word_1_504' title='bbox 243 3021 366 3056; x_wconf 81' lang='lat' dir='ltr'>inscriptt.</span> <span class='ocrx_word' id='word_1_505' title='bbox 384 3022 503 3051; x_wconf 66' lang='lat' dir='ltr'>detectus.</span> <span class='ocrx_word' id='word_1_506' title='bbox 1428 3021 1486 3066; x_wconf 74' lang='lat'>24</span> 
     </span>
    </p>
   </div>
  </div>
 </body>
</html>
