<?xml version="1.0" encoding="UTF-8"?>
<!DOCTYPE html PUBLIC "-//W3C//DTD XHTML 1.0 Transitional//EN"
    "http://www.w3.org/TR/xhtml1/DTD/xhtml1-transitional.dtd">
<html xmlns="http://www.w3.org/1999/xhtml" xml:lang="en" lang="en">
 <head>
  <title>
</title>
<meta http-equiv="Content-Type" content="text/html;charset=utf-8" />
  <meta name='ocr-system' content='tesseract 3.04.00' />
  <meta name='ocr-capabilities' content='ocr_page ocr_carea ocr_par ocr_line ocrx_word'/>
</head>
<body>
  <div class='ocr_page' id='page_1' title='image "./handbuchderrmi0103zelluoft_0302.png"; bbox 0 0 1877 3313; ppageno 0'>
   <div class='ocr_carea' id='block_1_1' title="bbox 118 139 1275 188">
    <p class='ocr_par' dir='ltr' id='par_1_1' title="bbox 118 139 1275 188">
     <span class='ocr_line' id='line_1_1' title="bbox 118 139 1275 188; baseline 0 -13"><span class='ocrx_word' id='word_1_1' title='bbox 118 145 206 188; x_wconf 72' lang='lat'>282</span> <span class='ocrx_word' id='word_1_2' title='bbox 570 140 673 175; x_wconf 83' lang='lat' dir='ltr'>Inscr.</span> <span class='ocrx_word' id='word_1_3' title='bbox 698 140 872 185; x_wconf 74' lang='lat' dir='ltr'>profanae.</span> <span class='ocrx_word' id='word_1_4' title='bbox 923 139 1003 186; x_wconf 91' lang='lat' dir='ltr'>Cap.</span> <span class='ocrx_word' id='word_1_5' title='bbox 1030 140 1070 175; x_wconf 86' lang='grc' dir='ltr'>ΙΙ.</span> <span class='ocrx_word' id='word_1_6' title='bbox 1117 140 1275 176; x_wconf 82' lang='lat' dir='ltr'>Tabulae.</span> 
     </span>
    </p>
   </div>
   <div class='ocr_carea' id='block_1_2' title="bbox 113 243 1718 701">
    <p class='ocr_par' dir='ltr' id='par_1_2' title="bbox 113 243 1718 701">
     <span class='ocr_line' id='line_1_2' title="bbox 117 243 1717 302; baseline -0.003 -9"><span class='ocrx_word' id='word_1_7' title='bbox 117 253 202 302; x_wconf 83' lang='lat' dir='ltr'>erit,</span> <span class='ocrx_word' id='word_1_8' title='bbox 234 249 283 290; x_wconf 87' lang='lat' dir='ltr'>de</span> <span class='ocrx_word' id='word_1_9' title='bbox 315 260 391 302; x_wconf 84' lang='lat' dir='ltr'>qua</span> <span class='ocrx_word' id='word_1_10' title='bbox 420 252 502 290; x_wconf 85' lang='lat' dir='ltr'>tum</span> <span class='ocrx_word' id='word_1_11' title='bbox 533 247 637 288; x_wconf 87' lang='lat' dir='ltr'>inter</span> <span class='ocrx_word' id='word_1_12' title='bbox 668 259 739 290; x_wconf 90' lang='lat' dir='ltr'>eos</span> <span class='ocrx_word' id='word_1_13' title='bbox 771 247 1006 302; x_wconf 83' lang='lat' dir='ltr'>ambigetur,</span> <span class='ocrx_word' id='word_1_14' title='bbox 1039 246 1130 288; x_wconf 90' lang='lat' dir='ltr'>dum</span> <span class='ocrx_word' id='word_1_15' title='bbox 1161 252 1188 287; x_wconf 88' lang='lat' dir='ltr'>t.</span> <span class='ocrx_word' id='word_1_16' title='bbox 1224 244 1325 302; x_wconf 85' lang='lat' dir='ltr'>[Hs]</span> <span class='ocrx_word' id='word_1_17' title='bbox 1349 243 1434 299; x_wconf 90' lang='lat' dir='ltr'>XV,</span> <span class='ocrx_word' id='word_1_18' title='bbox 1465 259 1496 289; x_wconf 91' lang='lat' dir='ltr'>s.</span> <span class='ocrx_word' id='word_1_19' title='bbox 1519 245 1546 288; x_wconf 89' lang='lat' dir='ltr'>f.</span> <span class='ocrx_word' id='word_1_20' title='bbox 1568 258 1599 288; x_wconf 92' lang='lat' dir='ltr'>s.</span> <span class='ocrx_word' id='word_1_21' title='bbox 1625 246 1717 289; x_wconf 86' lang='lat' dir='ltr'>duci</span> 
     </span>
     <span class='ocr_line' id='line_1_3' title="bbox 114 305 1716 360; baseline -0.002 -10"><span class='ocrx_word' id='word_1_22' title='bbox 114 311 270 357; x_wconf 78' lang='lat' dir='ltr'>iubet03</span> <span class='ocrx_word' id='word_1_23' title='bbox 303 308 473 360; x_wconf 84' lang='lat' dir='ltr'>queique</span> <span class='ocrx_word' id='word_1_24' title='bbox 505 318 642 347; x_wconf 88' lang='lat' dir='ltr'>eorum</span> <span class='ocrx_word' id='word_1_25' title='bbox 674 319 814 359; x_wconf 87' lang='lat' dir='ltr'>quem,</span> <span class='ocrx_word' id='word_1_26' title='bbox 847 305 894 346; x_wconf 90' lang='lat' dir='ltr'>ad</span> <span class='ocrx_word' id='word_1_27' title='bbox 926 319 1045 358; x_wconf 84' lang='lat' dir='ltr'>quem</span> <span class='ocrx_word' id='word_1_28' title='bbox 1076 318 1122 346; x_wconf 87' lang='lat' dir='ltr'>ea</span> <span class='ocrx_word' id='word_1_29' title='bbox 1153 317 1220 346; x_wconf 85' lang='lat' dir='ltr'>res</span> <span class='ocrx_word' id='word_1_30' title='bbox 1251 306 1484 359; x_wconf 78' lang='lat' dir='ltr'>pertinebit,</span> <span class='ocrx_word' id='word_1_31' title='bbox 1526 305 1716 358; x_wconf 86' lang='lat' dir='ltr'>duxserit,</span> 
     </span>
     <span class='ocr_line' id='line_1_4' title="bbox 114 363 1716 418; baseline -0.002 -11"><span class='ocrx_word' id='word_1_32' title='bbox 114 367 152 408; x_wconf 86' lang='lat' dir='ltr'>id</span> <span class='ocrx_word' id='word_1_33' title='bbox 184 367 220 407; x_wconf 87' lang='lat' dir='ltr'>ei</span> <span class='ocrx_word' id='word_1_34' title='bbox 250 365 380 406; x_wconf 87' lang='lat' dir='ltr'>fraudi</span> <span class='ocrx_word' id='word_1_35' title='bbox 409 377 615 418; x_wconf 85' lang='lat' dir='ltr'>poenaeve</span> <span class='ocrx_word' id='word_1_36' title='bbox 653 377 704 405; x_wconf 88' lang='lat' dir='ltr'>ne</span> <span class='ocrx_word' id='word_1_37' title='bbox 736 369 845 414; x_wconf 79' lang='lat' dir='ltr'>est03</span> <span class='ocrx_word' id='word_1_38' title='bbox 888 363 1076 416; x_wconf 83' lang='lat' dir='ltr'>quodque</span> <span class='ocrx_word' id='word_1_39' title='bbox 1116 364 1168 404; x_wconf 84' lang='lat' dir='ltr'>ita</span> <span class='ocrx_word' id='word_1_40' title='bbox 1209 363 1354 405; x_wconf 83' lang='lat' dir='ltr'>sactum</span> <span class='ocrx_word' id='word_1_41' title='bbox 1395 369 1524 405; x_wconf 84' lang='lat' dir='ltr'>actum</span> <span class='ocrx_word' id='word_1_42' title='bbox 1564 365 1716 405; x_wconf 85' lang='lat' dir='ltr'>iussum</span> 
     </span>
     <span class='ocr_line' id='line_1_5' title="bbox 114 421 1717 477; baseline -0.001 -12"><span class='ocrx_word' id='word_1_43' title='bbox 114 426 210 477; x_wconf 86' lang='lat' dir='ltr'>erit,</span> <span class='ocrx_word' id='word_1_44' title='bbox 241 425 280 464; x_wconf 92' lang='lat' dir='ltr'>id</span> <span class='ocrx_word' id='word_1_45' title='bbox 311 424 370 465; x_wconf 89' lang='lat' dir='ltr'>ius</span> <span class='ocrx_word' id='word_1_46' title='bbox 401 428 607 476; x_wconf 84' lang='lat' dir='ltr'>ratumque</span> <span class='ocrx_word' id='word_1_47' title='bbox 639 428 739 465; x_wconf 81' lang='lat' dir='ltr'>esto.</span> <span class='ocrx_word' id='word_1_48' title='bbox 795 423 1012 471; x_wconf 82' lang='lat' dir='ltr'>Quominus</span> <span class='ocrx_word' id='word_1_49' title='bbox 1043 423 1082 462; x_wconf 88' lang='lat' dir='ltr'>in</span> <span class='ocrx_word' id='word_1_50' title='bbox 1113 434 1217 471; x_wconf 88' lang='lat' dir='ltr'>eum,</span> <span class='ocrx_word' id='word_1_51' title='bbox 1250 423 1341 474; x_wconf 86' lang='lat' dir='ltr'>quei</span> <span class='ocrx_word' id='word_1_52' title='bbox 1370 422 1423 462; x_wconf 88' lang='lat' dir='ltr'>ita</span> <span class='ocrx_word' id='word_1_53' title='bbox 1454 421 1717 464; x_wconf 83' lang='lat' dir='ltr'>vadimonium</span> 
     </span>
     <span class='ocr_line' id='line_1_6' title="bbox 113 479 1717 534; baseline -0.002 -9"><span class='ocrx_word' id='word_1_54' title='bbox 113 485 297 534; x_wconf 81' lang='lat' dir='ltr'>Romam,</span> <span class='ocrx_word' id='word_1_55' title='bbox 340 494 392 522; x_wconf 81' lang='lat' dir='ltr'>ex</span> <span class='ocrx_word' id='word_1_56' title='bbox 424 481 587 522; x_wconf 80' lang='lat' dir='ltr'>decreto</span> <span class='ocrx_word' id='word_1_57' title='bbox 619 481 704 522; x_wconf 90' lang='lat' dir='ltr'>eius</span> <span class='ocrx_word' id='word_1_58' title='bbox 737 483 828 534; x_wconf 82' lang='lat' dir='ltr'>quei</span> <span class='ocrx_word' id='word_1_59' title='bbox 860 481 935 521; x_wconf 88' lang='lat' dir='ltr'>ibei</span> <span class='ocrx_word' id='word_1_60' title='bbox 965 481 989 520; x_wconf 89' lang='lat' dir='ltr'>i.</span> <span class='ocrx_word' id='word_1_61' title='bbox 1024 479 1058 520; x_wconf 94' lang='lat' dir='ltr'>d.</span> <span class='ocrx_word' id='word_1_62' title='bbox 1091 493 1156 533; x_wconf 88' lang='lat' dir='ltr'>p.,</span> <span class='ocrx_word' id='word_1_63' title='bbox 1199 493 1276 521; x_wconf 86' lang='lat' dir='ltr'>non</span> <span class='ocrx_word' id='word_1_64' title='bbox 1318 481 1612 533; x_wconf 89' lang='lat' dir='ltr'>promeisserit,</span> <span class='ocrx_word' id='word_1_65' title='bbox 1651 486 1717 522; x_wconf 81' lang='lat' dir='ltr'>aut</span> 
     </span>
     <span class='ocr_line' id='line_1_7' title="bbox 114 538 1716 593; baseline -0.002 -10"><span class='ocrx_word' id='word_1_66' title='bbox 114 541 308 583; x_wconf 86' lang='lat' dir='ltr'>vindicem</span> <span class='ocrx_word' id='word_1_67' title='bbox 351 540 588 593; x_wconf 79' lang='lat' dir='ltr'>locupletem</span> <span class='ocrx_word' id='word_1_68' title='bbox 630 540 681 580; x_wconf 90' lang='lat' dir='ltr'>ita</span> <span class='ocrx_word' id='word_1_69' title='bbox 723 553 802 581; x_wconf 89' lang='lat' dir='ltr'>non</span> <span class='ocrx_word' id='word_1_70' title='bbox 845 538 1020 590; x_wconf 77' lang='lat' dir='ltr'>dederit,</span> <span class='ocrx_word' id='word_1_71' title='bbox 1064 540 1114 580; x_wconf 92' lang='lat' dir='ltr'>ob</span> <span class='ocrx_word' id='word_1_72' title='bbox 1149 552 1184 580; x_wconf 92' lang='lat' dir='ltr'>e.</span> <span class='ocrx_word' id='word_1_73' title='bbox 1216 551 1248 580; x_wconf 89' lang='lat' dir='ltr'>r.</span> <span class='ocrx_word' id='word_1_74' title='bbox 1289 538 1474 580; x_wconf 87' lang='lat' dir='ltr'>iudicium</span> <span class='ocrx_word' id='word_1_75' title='bbox 1513 551 1651 593; x_wconf 88' lang='lat' dir='ltr'>recup.</span> <span class='ocrx_word' id='word_1_76' title='bbox 1682 540 1716 580; x_wconf 92' lang='lat' dir='ltr'>is</span> 
     </span>
     <span class='ocr_line' id='line_1_8' title="bbox 114 596 1718 655; baseline -0.001 -15"><span class='ocrx_word' id='word_1_77' title='bbox 114 601 206 655; x_wconf 83' lang='lat' dir='ltr'>quei</span> <span class='ocrx_word' id='word_1_78' title='bbox 236 600 315 640; x_wconf 88' lang='lat' dir='ltr'>ibei</span> <span class='ocrx_word' id='word_1_79' title='bbox 345 599 368 640; x_wconf 87' lang='lat' dir='ltr'>i.</span> <span class='ocrx_word' id='word_1_80' title='bbox 402 598 438 640; x_wconf 89' lang='lat' dir='ltr'>d.</span> <span class='ocrx_word' id='word_1_81' title='bbox 471 611 532 652; x_wconf 89' lang='lat' dir='ltr'>p.,</span> <span class='ocrx_word' id='word_1_82' title='bbox 579 610 630 638; x_wconf 81' lang='lat' dir='ltr'>ex</span> <span class='ocrx_word' id='word_1_83' title='bbox 660 598 696 639; x_wconf 89' lang='lat' dir='ltr'>b.</span> <span class='ocrx_word' id='word_1_84' title='bbox 729 598 753 639; x_wconf 92' lang='lat'>1.</span> <span class='ocrx_word' id='word_1_85' title='bbox 787 598 853 639; x_wconf 89' lang='lat' dir='ltr'>det</span> <span class='ocrx_word' id='word_1_86' title='bbox 882 596 1151 650; x_wconf 82' lang='lat' dir='ltr'>iudicareique</span> <span class='ocrx_word' id='word_1_87' title='bbox 1183 597 1218 637; x_wconf 94' lang='lat' dir='ltr'>d.</span> <span class='ocrx_word' id='word_1_88' title='bbox 1252 609 1286 638; x_wconf 83' lang='lat' dir='ltr'>e.</span> <span class='ocrx_word' id='word_1_89' title='bbox 1318 610 1350 638; x_wconf 86' lang='lat' dir='ltr'>r.</span> <span class='ocrx_word' id='word_1_90' title='bbox 1382 598 1461 638; x_wconf 88' lang='lat' dir='ltr'>ibei</span> <span class='ocrx_word' id='word_1_91' title='bbox 1492 601 1626 650; x_wconf 88' lang='lat' dir='ltr'>curet,</span> <span class='ocrx_word' id='word_1_92' title='bbox 1666 610 1718 639; x_wconf 86' lang='lat' dir='ltr'>ex</span> 
     </span>
     <span class='ocr_line' id='line_1_9' title="bbox 114 658 340 701; baseline -0.009 0"><span class='ocrx_word' id='word_1_93' title='bbox 114 660 151 701; x_wconf 86' lang='lat' dir='ltr'>h.</span> <span class='ocrx_word' id='word_1_94' title='bbox 182 658 206 700; x_wconf 92' lang='lat' dir='ltr'>l.</span> <span class='ocrx_word' id='word_1_95' title='bbox 239 671 276 700; x_wconf 90' lang='lat' dir='ltr'>n.</span> <span class='ocrx_word' id='word_1_96' title='bbox 309 670 340 699; x_wconf 83' lang='lat' dir='ltr'>r.</span> 
     </span>
    </p>
   </div>
   <div class='ocr_carea' id='block_1_3' title="bbox 858 738 974 779">
    <p class='ocr_par' dir='ltr' id='par_1_3' title="bbox 858 738 974 779">
     <span class='ocr_line' id='line_1_10' title="bbox 858 738 974 779; baseline -0.009 0"><span class='ocrx_word' id='word_1_97' title='bbox 858 738 974 779; x_wconf 80' lang='lat' dir='ltr'>XXII.</span> 
     </span>
    </p>
   </div>
   <div class='ocr_carea' id='block_1_4' title="bbox 115 819 1720 1403">
    <p class='ocr_par' dir='ltr' id='par_1_4' title="bbox 115 819 1720 1403">
     <span class='ocr_line' id='line_1_11' title="bbox 256 819 1718 876; baseline -0.002 -12"><span class='ocrx_word' id='word_1_98' title='bbox 256 822 291 864; x_wconf 93' lang='lat' dir='ltr'><strong>A</strong></span> <span class='ocrx_word' id='word_1_99' title='bbox 315 835 395 876; x_wconf 87' lang='lat' dir='ltr'>quo</span> <span class='ocrx_word' id='word_1_100' title='bbox 419 821 511 875; x_wconf 84' lang='lat' dir='ltr'>quid</span> <span class='ocrx_word' id='word_1_101' title='bbox 538 825 695 875; x_wconf 84' lang='lat' dir='ltr'>praeter</span> <span class='ocrx_word' id='word_1_102' title='bbox 726 821 929 874; x_wconf 81' lang='lat' dir='ltr'>pecuniam</span> <span class='ocrx_word' id='word_1_103' title='bbox 963 824 1110 861; x_wconf 86' lang='lat' dir='ltr'>certam</span> <span class='ocrx_word' id='word_1_104' title='bbox 1142 819 1344 871; x_wconf 79' lang='lat' dir='ltr'>creditam,</span> <span class='ocrx_word' id='word_1_105' title='bbox 1376 820 1570 875; x_wconf 81' lang='lat' dir='ltr'>signatam</span> <span class='ocrx_word' id='word_1_106' title='bbox 1589 819 1718 862; x_wconf 85' lang='lat' dir='ltr'>forma</span> 
     </span>
     <span class='ocr_line' id='line_1_12' title="bbox 115 876 1719 936; baseline -0.001 -14"><span class='ocrx_word' id='word_1_107' title='bbox 115 896 153 936; x_wconf 84' lang='lat' dir='ltr'>p.</span> <span class='ocrx_word' id='word_1_108' title='bbox 186 895 222 935; x_wconf 90' lang='lat' dir='ltr'>p.</span> <span class='ocrx_word' id='word_1_109' title='bbox 255 894 311 933; x_wconf 66' lang='lat'>12,</span> <span class='ocrx_word' id='word_1_110' title='bbox 352 882 390 921; x_wconf 86' lang='lat' dir='ltr'>in</span> <span class='ocrx_word' id='word_1_111' title='bbox 421 892 560 921; x_wconf 87' lang='lat' dir='ltr'>eorum</span> <span class='ocrx_word' id='word_1_112' title='bbox 592 892 670 932; x_wconf 85' lang='lat' dir='ltr'>quo</span> <span class='ocrx_word' id='word_1_113' title='bbox 703 892 740 920; x_wconf 90' lang='lat' dir='ltr'>o.</span> <span class='ocrx_word' id='word_1_114' title='bbox 773 892 822 919; x_wconf 88' lang='lat' dir='ltr'>m.</span> <span class='ocrx_word' id='word_1_115' title='bbox 857 892 890 931; x_wconf 79' lang='lat' dir='ltr'>c.</span> <span class='ocrx_word' id='word_1_116' title='bbox 923 892 959 932; x_wconf 87' lang='lat' dir='ltr'>p.</span> <span class='ocrx_word' id='word_1_117' title='bbox 992 879 1018 919; x_wconf 87' lang='lat' dir='ltr'>f.</span> <span class='ocrx_word' id='word_1_118' title='bbox 1041 876 1074 931; x_wconf 86' lang='lat'>¹)</span> <span class='ocrx_word' id='word_1_119' title='bbox 1107 892 1143 918; x_wconf 92' lang='lat' dir='ltr'>v.</span> <span class='ocrx_word' id='word_1_120' title='bbox 1177 892 1211 920; x_wconf 84' lang='lat' dir='ltr'>c.</span> <span class='ocrx_word' id='word_1_121' title='bbox 1245 891 1277 918; x_wconf 88' lang='lat' dir='ltr'>c.</span> <span class='ocrx_word' id='word_1_122' title='bbox 1312 883 1336 918; x_wconf 89' lang='lat' dir='ltr'>t.</span> <span class='ocrx_word' id='word_1_123' title='bbox 1369 892 1441 930; x_wconf 89' lang='lat' dir='ltr'>ve,</span> <span class='ocrx_word' id='word_1_124' title='bbox 1484 892 1585 932; x_wconf 84' lang='lat' dir='ltr'>quae</span> <span class='ocrx_word' id='word_1_125' title='bbox 1626 884 1719 920; x_wconf 86' lang='lat' dir='ltr'>sunt</span> 
     </span>
     <span class='ocr_line' id='line_1_13' title="bbox 115 936 1718 991; baseline -0.002 -10"><span class='ocrx_word' id='word_1_126' title='bbox 115 946 285 982; x_wconf 83' lang='lat' dir='ltr'>eruntve</span> <span class='ocrx_word' id='word_1_127' title='bbox 316 941 353 980; x_wconf 87' lang='lat' dir='ltr'>in</span> <span class='ocrx_word' id='word_1_128' title='bbox 386 938 507 980; x_wconf 84' lang='lat' dir='ltr'>Gallia</span> <span class='ocrx_word' id='word_1_129' title='bbox 539 939 596 979; x_wconf 84' lang='lat' dir='ltr'>eis</span> <span class='ocrx_word' id='word_1_130' title='bbox 627 937 779 990; x_wconf 82' lang='lat' dir='ltr'>AlpeiS,</span> <span class='ocrx_word' id='word_1_131' title='bbox 810 942 968 990; x_wconf 88' lang='lat' dir='ltr'>petetur</span> <span class='ocrx_word' id='word_1_132' title='bbox 1000 936 1158 989; x_wconf 86' lang='lat' dir='ltr'>quodve</span> <span class='ocrx_word' id='word_1_133' title='bbox 1190 949 1309 990; x_wconf 89' lang='lat' dir='ltr'>quom</span> <span class='ocrx_word' id='word_1_134' title='bbox 1341 949 1392 978; x_wconf 90' lang='lat' dir='ltr'>eo</span> <span class='ocrx_word' id='word_1_135' title='bbox 1423 942 1579 991; x_wconf 83' lang='lat' dir='ltr'>agetur,</span> <span class='ocrx_word' id='word_1_136' title='bbox 1614 950 1718 991; x_wconf 82' lang='lat' dir='ltr'>quae</span> 
     </span>
     <span class='ocr_line' id='line_1_14' title="bbox 116 994 1719 1051; baseline -0.002 -11"><span class='ocrx_word' id='word_1_137' title='bbox 116 1012 182 1041; x_wconf 83' lang='lat' dir='ltr'>res</span> <span class='ocrx_word' id='word_1_138' title='bbox 213 1011 292 1039; x_wconf 87' lang='lat' dir='ltr'>non</span> <span class='ocrx_word' id='word_1_139' title='bbox 323 998 446 1051; x_wconf 89' lang='lat' dir='ltr'>pluris</span> <span class='ocrx_word' id='word_1_140' title='bbox 485 997 543 1037; x_wconf 88' lang='lat' dir='ltr'>HS</span> <span class='ocrx_word' id='word_1_141' title='bbox 575 997 644 1037; x_wconf 84' lang='lat' dir='ltr'>XV</span> <span class='ocrx_word' id='word_1_142' title='bbox 677 997 773 1046; x_wconf 84' lang='lat' dir='ltr'>erit,</span> <span class='ocrx_word' id='word_1_143' title='bbox 816 1001 855 1035; x_wconf 84' lang='lat' dir='ltr'>et</span> <span class='ocrx_word' id='word_1_144' title='bbox 884 996 943 1036; x_wconf 82' lang='lat' dir='ltr'>sei</span> <span class='ocrx_word' id='word_1_145' title='bbox 975 1008 1021 1035; x_wconf 82' lang='lat' dir='ltr'>ea</span> <span class='ocrx_word' id='word_1_146' title='bbox 1053 1007 1119 1035; x_wconf 87' lang='lat' dir='ltr'>res</span> <span class='ocrx_word' id='word_1_147' title='bbox 1152 997 1248 1045; x_wconf 84' lang='lat' dir='ltr'>erit,</span> <span class='ocrx_word' id='word_1_148' title='bbox 1292 994 1341 1035; x_wconf 92' lang='lat' dir='ltr'>de</span> <span class='ocrx_word' id='word_1_149' title='bbox 1383 1008 1458 1048; x_wconf 86' lang='lat' dir='ltr'>qua</span> <span class='ocrx_word' id='word_1_150' title='bbox 1498 1007 1544 1036; x_wconf 87' lang='lat' dir='ltr'>re</span> <span class='ocrx_word' id='word_1_151' title='bbox 1587 996 1719 1036; x_wconf 87' lang='lat' dir='ltr'>omnei</span> 
     </span>
     <span class='ocr_line' id='line_1_15' title="bbox 115 1052 1720 1112; baseline -0.003 -13"><span class='ocrx_word' id='word_1_152' title='bbox 115 1058 283 1112; x_wconf 87' lang='lat' dir='ltr'>pecunia</span> <span class='ocrx_word' id='word_1_153' title='bbox 314 1057 393 1097; x_wconf 84' lang='lat' dir='ltr'>ibei</span> <span class='ocrx_word' id='word_1_154' title='bbox 423 1056 484 1096; x_wconf 83' lang='lat' dir='ltr'>ius</span> <span class='ocrx_word' id='word_1_155' title='bbox 516 1055 642 1095; x_wconf 84' lang='lat' dir='ltr'>deicei</span> <span class='ocrx_word' id='word_1_156' title='bbox 674 1053 864 1094; x_wconf 75' lang='lat' dir='ltr'>iudiciave</span> <span class='ocrx_word' id='word_1_157' title='bbox 897 1053 1005 1094; x_wconf 87' lang='lat' dir='ltr'>darei</span> <span class='ocrx_word' id='word_1_158' title='bbox 1038 1065 1089 1092; x_wconf 77' lang='lat' dir='ltr'>ex</span> <span class='ocrx_word' id='word_1_159' title='bbox 1119 1052 1156 1093; x_wconf 89' lang='lat' dir='ltr'>h.</span> <span class='ocrx_word' id='word_1_160' title='bbox 1185 1053 1208 1093; x_wconf 95' lang='lat' dir='ltr'>l.</span> <span class='ocrx_word' id='word_1_161' title='bbox 1233 1053 1268 1092; x_wconf 91' lang='lat' dir='ltr'>d.</span> <span class='ocrx_word' id='word_1_162' title='bbox 1294 1065 1345 1105; x_wconf 82' lang='lat' dir='ltr'>o.,</span> <span class='ocrx_word' id='word_1_163' title='bbox 1375 1054 1435 1093; x_wconf 90' lang='lat' dir='ltr'>sei</span> <span class='ocrx_word' id='word_1_164' title='bbox 1457 1054 1489 1094; x_wconf 92' lang='lat' dir='ltr'>is</span> <span class='ocrx_word' id='word_1_165' title='bbox 1512 1066 1597 1094; x_wconf 85' lang='lat' dir='ltr'>eam</span> <span class='ocrx_word' id='word_1_166' title='bbox 1619 1067 1720 1106; x_wconf 86' lang='lat' dir='ltr'>rem,</span> 
     </span>
     <span class='ocr_line' id='line_1_16' title="bbox 119 1112 1719 1170; baseline -0.003 -13"><span class='ocrx_word' id='word_1_167' title='bbox 119 1129 222 1170; x_wconf 86' lang='lat' dir='ltr'>quae</span> <span class='ocrx_word' id='word_1_168' title='bbox 261 1116 312 1156; x_wconf 84' lang='lat' dir='ltr'>ita</span> <span class='ocrx_word' id='word_1_169' title='bbox 353 1115 401 1155; x_wconf 88' lang='lat' dir='ltr'>ab</span> <span class='ocrx_word' id='word_1_170' title='bbox 435 1126 484 1154; x_wconf 92' lang='lat' dir='ltr'>eo</span> <span class='ocrx_word' id='word_1_171' title='bbox 516 1118 692 1167; x_wconf 78' lang='lat' dir='ltr'>petetur,</span> <span class='ocrx_word' id='word_1_172' title='bbox 734 1124 932 1164; x_wconf 86' lang='lat' dir='ltr'>quomque</span> <span class='ocrx_word' id='word_1_173' title='bbox 974 1124 1022 1152; x_wconf 92' lang='lat' dir='ltr'>eo</span> <span class='ocrx_word' id='word_1_174' title='bbox 1063 1116 1228 1165; x_wconf 81' lang='lat' dir='ltr'>agetur,</span> <span class='ocrx_word' id='word_1_175' title='bbox 1270 1112 1306 1151; x_wconf 93' lang='lat' dir='ltr'>ei</span> <span class='ocrx_word' id='word_1_176' title='bbox 1338 1112 1430 1164; x_wconf 85' lang='lat' dir='ltr'>quei</span> <span class='ocrx_word' id='word_1_177' title='bbox 1470 1124 1556 1152; x_wconf 87' lang='lat' dir='ltr'>eam</span> <span class='ocrx_word' id='word_1_178' title='bbox 1596 1117 1719 1166; x_wconf 88' lang='lat' dir='ltr'>petet,</span> 
     </span>
     <span class='ocr_line' id='line_1_17' title="bbox 118 1170 1718 1227; baseline -0.003 -11"><span class='ocrx_word' id='word_1_179' title='bbox 118 1176 218 1216; x_wconf 82' lang='lat' dir='ltr'>deve</span> <span class='ocrx_word' id='word_1_180' title='bbox 250 1188 296 1215; x_wconf 82' lang='lat' dir='ltr'>ea</span> <span class='ocrx_word' id='word_1_181' title='bbox 327 1186 371 1214; x_wconf 89' lang='lat' dir='ltr'>re</span> <span class='ocrx_word' id='word_1_182' title='bbox 403 1178 508 1227; x_wconf 85' lang='lat' dir='ltr'>aget,</span> <span class='ocrx_word' id='word_1_183' title='bbox 539 1177 604 1212; x_wconf 89' lang='lat' dir='ltr'>aut</span> <span class='ocrx_word' id='word_1_184' title='bbox 634 1171 698 1221; x_wconf 80' lang='lat' dir='ltr'>iei,</span> <span class='ocrx_word' id='word_1_185' title='bbox 731 1171 871 1223; x_wconf 84' lang='lat' dir='ltr'>quoius</span> <span class='ocrx_word' id='word_1_186' title='bbox 904 1171 1061 1210; x_wconf 81' lang='lat' dir='ltr'>nomine</span> <span class='ocrx_word' id='word_1_187' title='bbox 1093 1170 1141 1210; x_wconf 87' lang='lat' dir='ltr'>ab</span> <span class='ocrx_word' id='word_1_188' title='bbox 1174 1182 1223 1210; x_wconf 90' lang='lat' dir='ltr'>eo</span> <span class='ocrx_word' id='word_1_189' title='bbox 1255 1174 1433 1222; x_wconf 84' lang='lat' dir='ltr'>petetur,</span> <span class='ocrx_word' id='word_1_190' title='bbox 1465 1182 1637 1222; x_wconf 88' lang='lat' dir='ltr'>quomve</span> <span class='ocrx_word' id='word_1_191' title='bbox 1668 1183 1718 1212; x_wconf 89' lang='lat' dir='ltr'>eo</span> 
     </span>
     <span class='ocr_line' id='line_1_18' title="bbox 116 1225 1719 1288; baseline -0.004 -13"><span class='ocrx_word' id='word_1_192' title='bbox 116 1238 258 1288; x_wconf 78' lang='lat' dir='ltr'>agetur</span> <span class='ocrx_word' id='word_1_193' title='bbox 288 1233 327 1273; x_wconf 85' lang='lat' dir='ltr'>in</span> <span class='ocrx_word' id='word_1_194' title='bbox 357 1232 445 1272; x_wconf 87' lang='lat' dir='ltr'>iure</span> <span class='ocrx_word' id='word_1_195' title='bbox 487 1230 589 1284; x_wconf 87' lang='lat' dir='ltr'>apud</span> <span class='ocrx_word' id='word_1_196' title='bbox 622 1241 727 1281; x_wconf 84' lang='lat' dir='ltr'>eum,</span> <span class='ocrx_word' id='word_1_197' title='bbox 767 1230 859 1281; x_wconf 84' lang='lat' dir='ltr'>quei</span> <span class='ocrx_word' id='word_1_198' title='bbox 890 1229 967 1269; x_wconf 88' lang='lat' dir='ltr'>ibei</span> <span class='ocrx_word' id='word_1_199' title='bbox 1000 1229 1022 1268; x_wconf 90' lang='lat' dir='ltr'>i.</span> <span class='ocrx_word' id='word_1_200' title='bbox 1057 1229 1092 1269; x_wconf 92' lang='lat' dir='ltr'>d.</span> <span class='ocrx_word' id='word_1_201' title='bbox 1125 1242 1175 1281; x_wconf 83' lang='lat' dir='ltr'>p.,</span> <span class='ocrx_word' id='word_1_202' title='bbox 1208 1227 1243 1267; x_wconf 89' lang='lat' dir='ltr'>d.</span> <span class='ocrx_word' id='word_1_203' title='bbox 1274 1225 1357 1283; x_wconf 77' lang='lat' dir='ltr'>f.²]</span> <span class='ocrx_word' id='word_1_204' title='bbox 1389 1241 1426 1282; x_wconf 88' lang='lat' dir='ltr'>p.</span> <span class='ocrx_word' id='word_1_205' title='bbox 1458 1230 1719 1270; x_wconf 86' lang='lat' dir='ltr'>restituereve</span> 
     </span>
     <span class='ocr_line' id='line_1_19' title="bbox 119 1284 1719 1346; baseline -0.003 -13"><span class='ocrx_word' id='word_1_206' title='bbox 119 1297 322 1346; x_wconf 77' lang='lat' dir='ltr'>oportere,</span> <span class='ocrx_word' id='word_1_207' title='bbox 355 1294 422 1331; x_wconf 86' lang='lat' dir='ltr'>aut</span> <span class='ocrx_word' id='word_1_208' title='bbox 452 1301 496 1330; x_wconf 91' lang='lat' dir='ltr'>se</span> <span class='ocrx_word' id='word_1_209' title='bbox 530 1289 704 1339; x_wconf 86' lang='lat' dir='ltr'>debere,</span> <span class='ocrx_word' id='word_1_210' title='bbox 735 1288 874 1328; x_wconf 87' lang='lat' dir='ltr'>eiusve</span> <span class='ocrx_word' id='word_1_211' title='bbox 888 1284 928 1341; x_wconf 76' lang='lat'>3]</span> <span class='ocrx_word' id='word_1_212' title='bbox 962 1300 1048 1327; x_wconf 82' lang='lat' dir='ltr'>eam</span> <span class='ocrx_word' id='word_1_213' title='bbox 1081 1299 1165 1326; x_wconf 85' lang='lat' dir='ltr'>rem</span> <span class='ocrx_word' id='word_1_214' title='bbox 1198 1299 1312 1337; x_wconf 85' lang='lat' dir='ltr'>esse,</span> <span class='ocrx_word' id='word_1_215' title='bbox 1354 1291 1420 1327; x_wconf 80' lang='lat' dir='ltr'>aut</span> <span class='ocrx_word' id='word_1_216' title='bbox 1450 1299 1495 1328; x_wconf 89' lang='lat' dir='ltr'>se</span> <span class='ocrx_word' id='word_1_217' title='bbox 1527 1300 1613 1328; x_wconf 88' lang='lat' dir='ltr'>eam</span> <span class='ocrx_word' id='word_1_218' title='bbox 1644 1287 1719 1328; x_wconf 86' lang='lat' dir='ltr'>ha-</span> 
     </span>
     <span class='ocr_line' id='line_1_20' title="bbox 115 1345 1715 1403; baseline -0.003 -11"><span class='ocrx_word' id='word_1_219' title='bbox 115 1352 239 1403; x_wconf 84' lang='lat' dir='ltr'>bere,</span> <span class='ocrx_word' id='word_1_220' title='bbox 279 1362 417 1391; x_wconf 81' lang='lat' dir='ltr'>eamve</span> <span class='ocrx_word' id='word_1_221' title='bbox 448 1359 532 1388; x_wconf 87' lang='lat' dir='ltr'>rem</span> <span class='ocrx_word' id='word_1_222' title='bbox 565 1346 614 1387; x_wconf 89' lang='lat' dir='ltr'>de</span> <span class='ocrx_word' id='word_1_223' title='bbox 646 1359 723 1399; x_wconf 89' lang='lat' dir='ltr'>qua</span> <span class='ocrx_word' id='word_1_224' title='bbox 756 1350 959 1399; x_wconf 81' lang='lat' dir='ltr'>arguetur,</span> <span class='ocrx_word' id='word_1_225' title='bbox 991 1358 1036 1386; x_wconf 88' lang='lat' dir='ltr'>se</span> <span class='ocrx_word' id='word_1_226' title='bbox 1067 1345 1224 1397; x_wconf 84' lang='lat' dir='ltr'>fecisse,</span> <span class='ocrx_word' id='word_1_227' title='bbox 1256 1345 1523 1399; x_wconf 85' lang='lat' dir='ltr'>obligatumve</span> <span class='ocrx_word' id='word_1_228' title='bbox 1554 1358 1599 1387; x_wconf 92' lang='lat' dir='ltr'>se</span> <span class='ocrx_word' id='word_1_229' title='bbox 1630 1347 1715 1388; x_wconf 88' lang='lat' dir='ltr'>eius</span> 
     </span>
    </p>
   </div>
   <div class='ocr_carea' id='block_1_5' title="bbox 120 1506 1721 1740">
    <p class='ocr_par' dir='ltr' id='par_1_5' title="bbox 120 1506 1721 1740">
     <span class='ocr_line' id='line_1_21' title="bbox 120 1506 1719 1564; baseline -0.003 -12"><span class='ocrx_word' id='word_1_230' title='bbox 120 1519 249 1564; x_wconf 85' lang='lat' dir='ltr'>quanta</span> <span class='ocrx_word' id='word_1_231' title='bbox 282 1527 323 1552; x_wconf 88' lang='lat' dir='ltr'>ea</span> <span class='ocrx_word' id='word_1_232' title='bbox 353 1514 503 1562; x_wconf 82' lang='lat' dir='ltr'>pecunia</span> <span class='ocrx_word' id='word_1_233' title='bbox 536 1513 626 1558; x_wconf 84' lang='lat' dir='ltr'>erit,</span> <span class='ocrx_word' id='word_1_234' title='bbox 659 1513 704 1549; x_wconf 87' lang='lat' dir='ltr'>de</span> <span class='ocrx_word' id='word_1_235' title='bbox 734 1524 802 1559; x_wconf 87' lang='lat' dir='ltr'>qua</span> <span class='ocrx_word' id='word_1_236' title='bbox 835 1517 907 1549; x_wconf 87' lang='lat' dir='ltr'>tum</span> <span class='ocrx_word' id='word_1_237' title='bbox 939 1513 1030 1549; x_wconf 86' lang='lat' dir='ltr'>inter</span> <span class='ocrx_word' id='word_1_238' title='bbox 1061 1523 1124 1548; x_wconf 92' lang='lat' dir='ltr'>eos</span> <span class='ocrx_word' id='word_1_239' title='bbox 1157 1511 1377 1559; x_wconf 82' lang='lat' dir='ltr'>ambigetur,</span> <span class='ocrx_word' id='word_1_240' title='bbox 1409 1511 1580 1549; x_wconf 81' lang='lat' dir='ltr'>duntaxat</span> <span class='ocrx_word' id='word_1_241' title='bbox 1610 1506 1719 1564; x_wconf 79' lang='lat' dir='ltr'>[ser-</span> 
     </span>
     <span class='ocr_line' id='line_1_22' title="bbox 121 1569 1721 1625; baseline -0.003 -14"><span class='ocrx_word' id='word_1_242' title='bbox 121 1569 289 1625; x_wconf 77' lang='lat' dir='ltr'>tertium]</span> <span class='ocrx_word' id='word_1_243' title='bbox 323 1572 521 1621; x_wconf 83' lang='lat' dir='ltr'>quindecim</span> <span class='ocrx_word' id='word_1_244' title='bbox 544 1572 660 1617; x_wconf 83' lang='lat' dir='ltr'>millia,</span> <span class='ocrx_word' id='word_1_245' title='bbox 692 1571 767 1608; x_wconf 88' lang='lat' dir='ltr'>sine</span> <span class='ocrx_word' id='word_1_246' title='bbox 798 1571 923 1608; x_wconf 86' lang='lat' dir='ltr'>fraude</span> <span class='ocrx_word' id='word_1_247' title='bbox 945 1583 1006 1608; x_wconf 87' lang='lat' dir='ltr'>sua</span> <span class='ocrx_word' id='word_1_248' title='bbox 1030 1572 1109 1608; x_wconf 88' lang='lat' dir='ltr'>duci</span> <span class='ocrx_word' id='word_1_249' title='bbox 1130 1571 1272 1616; x_wconf 65' lang='lat' dir='ltr'>iubeto,</span> <span class='ocrx_word' id='word_1_250' title='bbox 1304 1571 1434 1618; x_wconf 86' lang='lat' dir='ltr'>quique</span> <span class='ocrx_word' id='word_1_251' title='bbox 1457 1582 1580 1608; x_wconf 87' lang='lat' dir='ltr'>eorum</span> <span class='ocrx_word' id='word_1_252' title='bbox 1603 1581 1721 1618; x_wconf 85' lang='lat' dir='ltr'>quem,</span> 
     </span>
     <span class='ocr_line' id='line_1_23' title="bbox 122 1625 1720 1680; baseline -0.002 -11"><span class='ocrx_word' id='word_1_253' title='bbox 122 1633 166 1669; x_wconf 84' lang='lat' dir='ltr'>ad</span> <span class='ocrx_word' id='word_1_254' title='bbox 189 1644 292 1680; x_wconf 85' lang='lat' dir='ltr'>quem</span> <span class='ocrx_word' id='word_1_255' title='bbox 315 1644 356 1668; x_wconf 89' lang='lat' dir='ltr'>ea</span> <span class='ocrx_word' id='word_1_256' title='bbox 380 1642 436 1667; x_wconf 88' lang='lat' dir='ltr'>res</span> <span class='ocrx_word' id='word_1_257' title='bbox 468 1630 675 1678; x_wconf 86' lang='lat' dir='ltr'>pertinebit,</span> <span class='ocrx_word' id='word_1_258' title='bbox 709 1630 863 1675; x_wconf 85' lang='lat' dir='ltr'>duxerit,</span> <span class='ocrx_word' id='word_1_259' title='bbox 894 1630 928 1666; x_wconf 90' lang='lat' dir='ltr'>id</span> <span class='ocrx_word' id='word_1_260' title='bbox 961 1630 993 1666; x_wconf 90' lang='lat' dir='ltr'>ei</span> <span class='ocrx_word' id='word_1_261' title='bbox 1025 1630 1139 1666; x_wconf 85' lang='lat' dir='ltr'>fraudi</span> <span class='ocrx_word' id='word_1_262' title='bbox 1170 1625 1358 1677; x_wconf 67' lang='lat' dir='ltr'>poenaeue</span> <span class='ocrx_word' id='word_1_263' title='bbox 1389 1642 1433 1666; x_wconf 86' lang='lat' dir='ltr'>ne</span> <span class='ocrx_word' id='word_1_264' title='bbox 1466 1634 1568 1675; x_wconf 65' lang='lat' dir='ltr'>esto,</span> <span class='ocrx_word' id='word_1_265' title='bbox 1599 1630 1720 1677; x_wconf 87' lang='lat' dir='ltr'>quod-</span> 
     </span>
     <span class='ocr_line' id='line_1_24' title="bbox 122 1688 1390 1740; baseline -0.003 -12"><span class='ocrx_word' id='word_1_266' title='bbox 122 1703 190 1740; x_wconf 89' lang='lat' dir='ltr'>que</span> <span class='ocrx_word' id='word_1_267' title='bbox 221 1691 268 1728; x_wconf 79' lang='lat' dir='ltr'>ita</span> <span class='ocrx_word' id='word_1_268' title='bbox 299 1691 451 1735; x_wconf 80' lang='lat' dir='ltr'>factum,</span> <span class='ocrx_word' id='word_1_269' title='bbox 484 1694 621 1734; x_wconf 83' lang='lat' dir='ltr'>actum,</span> <span class='ocrx_word' id='word_1_270' title='bbox 654 1689 783 1724; x_wconf 88' lang='lat' dir='ltr'>iussum</span> <span class='ocrx_word' id='word_1_271' title='bbox 815 1688 904 1734; x_wconf 85' lang='lat' dir='ltr'>erit,</span> <span class='ocrx_word' id='word_1_272' title='bbox 935 1688 969 1724; x_wconf 90' lang='lat' dir='ltr'>id</span> <span class='ocrx_word' id='word_1_273' title='bbox 1001 1688 1052 1724; x_wconf 84' lang='lat' dir='ltr'>ius</span> <span class='ocrx_word' id='word_1_274' title='bbox 1084 1693 1269 1735; x_wconf 82' lang='lat' dir='ltr'>ratumque</span> <span class='ocrx_word' id='word_1_275' title='bbox 1301 1693 1390 1725; x_wconf 81' lang='lat' dir='ltr'>esto.</span> 
     </span>
    </p>
   </div>
   <div class='ocr_carea' id='block_1_6' title="bbox 120 1758 1723 2042">
    <p class='ocr_par' dir='ltr' id='par_1_6' title="bbox 120 1758 1723 2042">
     <span class='ocr_line' id='line_1_25' title="bbox 261 1758 1722 1806; baseline -0.001 -10"><span class='ocrx_word' id='word_1_276' title='bbox 261 1762 339 1805; x_wconf 85' lang='lat' dir='ltr'>Quo</span> <span class='ocrx_word' id='word_1_277' title='bbox 372 1759 483 1796; x_wconf 88' lang='lat' dir='ltr'>minus</span> <span class='ocrx_word' id='word_1_278' title='bbox 516 1760 548 1796; x_wconf 88' lang='lat' dir='ltr'>in</span> <span class='ocrx_word' id='word_1_279' title='bbox 582 1771 681 1805; x_wconf 85' lang='lat' dir='ltr'>eum,</span> <span class='ocrx_word' id='word_1_280' title='bbox 713 1758 771 1806; x_wconf 87' lang='lat' dir='ltr'>qui</span> <span class='ocrx_word' id='word_1_281' title='bbox 803 1759 848 1795; x_wconf 90' lang='lat' dir='ltr'>ita</span> <span class='ocrx_word' id='word_1_282' title='bbox 890 1758 1124 1796; x_wconf 87' lang='lat' dir='ltr'>vadimonium</span> <span class='ocrx_word' id='word_1_283' title='bbox 1157 1759 1320 1804; x_wconf 80' lang='lat' dir='ltr'>Romam,</span> <span class='ocrx_word' id='word_1_284' title='bbox 1363 1770 1408 1795; x_wconf 87' lang='lat' dir='ltr'>ex</span> <span class='ocrx_word' id='word_1_285' title='bbox 1441 1759 1590 1796; x_wconf 87' lang='lat' dir='ltr'>decreto</span> <span class='ocrx_word' id='word_1_286' title='bbox 1632 1758 1722 1804; x_wconf 84' lang='lat' dir='ltr'>eius,</span> 
     </span>
     <span class='ocr_line' id='line_1_26' title="bbox 122 1817 1722 1868; baseline -0.002 -12"><span class='ocrx_word' id='word_1_287' title='bbox 122 1819 180 1868; x_wconf 89' lang='lat' dir='ltr'>qui</span> <span class='ocrx_word' id='word_1_288' title='bbox 210 1819 258 1856; x_wconf 88' lang='lat' dir='ltr'>ibi</span> <span class='ocrx_word' id='word_1_289' title='bbox 289 1818 354 1856; x_wconf 89' lang='lat' dir='ltr'>iuri</span> <span class='ocrx_word' id='word_1_290' title='bbox 387 1819 542 1855; x_wconf 79' lang='lat' dir='ltr'>dicundo</span> <span class='ocrx_word' id='word_1_291' title='bbox 576 1818 744 1866; x_wconf 88' lang='lat' dir='ltr'>praeerit,</span> <span class='ocrx_word' id='word_1_292' title='bbox 777 1829 846 1854; x_wconf 87' lang='lat' dir='ltr'>non</span> <span class='ocrx_word' id='word_1_293' title='bbox 878 1818 1094 1866; x_wconf 82' lang='lat' dir='ltr'>promiserit,</span> <span class='ocrx_word' id='word_1_294' title='bbox 1127 1821 1186 1853; x_wconf 87' lang='lat' dir='ltr'>aut</span> <span class='ocrx_word' id='word_1_295' title='bbox 1217 1817 1392 1854; x_wconf 84' lang='lat' dir='ltr'>vindicem</span> <span class='ocrx_word' id='word_1_296' title='bbox 1424 1817 1640 1865; x_wconf 76' lang='lat' dir='ltr'>locupletem</span> <span class='ocrx_word' id='word_1_297' title='bbox 1671 1817 1722 1854; x_wconf 86' lang='lat' dir='ltr'>ita</span> 
     </span>
     <span class='ocr_line' id='line_1_27' title="bbox 120 1875 1722 1924; baseline -0.002 -9"><span class='ocrx_word' id='word_1_298' title='bbox 120 1890 190 1915; x_wconf 91' lang='lat' dir='ltr'>non</span> <span class='ocrx_word' id='word_1_299' title='bbox 231 1878 390 1922; x_wconf 80' lang='lat' dir='ltr'>dederit,</span> <span class='ocrx_word' id='word_1_300' title='bbox 435 1878 480 1913; x_wconf 90' lang='lat' dir='ltr'>ob</span> <span class='ocrx_word' id='word_1_301' title='bbox 524 1888 599 1912; x_wconf 86' lang='lat' dir='ltr'>eam</span> <span class='ocrx_word' id='word_1_302' title='bbox 641 1888 714 1913; x_wconf 87' lang='lat' dir='ltr'>rem</span> <span class='ocrx_word' id='word_1_303' title='bbox 756 1876 920 1913; x_wconf 85' lang='lat' dir='ltr'>iudicium</span> <span class='ocrx_word' id='word_1_304' title='bbox 962 1876 1265 1923; x_wconf 84' lang='lat' dir='ltr'>recuperatorium</span> <span class='ocrx_word' id='word_1_305' title='bbox 1307 1877 1357 1922; x_wconf 84' lang='lat' dir='ltr'>is,</span> <span class='ocrx_word' id='word_1_306' title='bbox 1397 1876 1454 1924; x_wconf 90' lang='lat' dir='ltr'>qui</span> <span class='ocrx_word' id='word_1_307' title='bbox 1485 1876 1532 1913; x_wconf 88' lang='lat' dir='ltr'>ibi</span> <span class='ocrx_word' id='word_1_308' title='bbox 1563 1875 1630 1912; x_wconf 89' lang='lat' dir='ltr'>iuri</span> <span class='ocrx_word' id='word_1_309' title='bbox 1663 1875 1722 1912; x_wconf 93' lang='lat' dir='ltr'>di-</span> 
     </span>
     <span class='ocr_line' id='line_1_28' title="bbox 121 1934 1723 1984; baseline -0.001 -11"><span class='ocrx_word' id='word_1_310' title='bbox 121 1937 237 1973; x_wconf 88' lang='lat' dir='ltr'>cundo</span> <span class='ocrx_word' id='word_1_311' title='bbox 269 1935 452 1984; x_wconf 86' lang='lat' dir='ltr'>praeerit,</span> <span class='ocrx_word' id='word_1_312' title='bbox 486 1946 531 1971; x_wconf 78' lang='lat' dir='ltr'>ex</span> <span class='ocrx_word' id='word_1_313' title='bbox 565 1936 632 1972; x_wconf 78' lang='lat' dir='ltr'>hae</span> <span class='ocrx_word' id='word_1_314' title='bbox 663 1936 747 1982; x_wconf 80' lang='lat' dir='ltr'>lege</span> <span class='ocrx_word' id='word_1_315' title='bbox 780 1935 852 1981; x_wconf 89' lang='lat' dir='ltr'>det,</span> <span class='ocrx_word' id='word_1_316' title='bbox 883 1934 1100 1982; x_wconf 84' lang='lat' dir='ltr'>iudicarique</span> <span class='ocrx_word' id='word_1_317' title='bbox 1135 1934 1178 1970; x_wconf 90' lang='lat' dir='ltr'>de</span> <span class='ocrx_word' id='word_1_318' title='bbox 1211 1946 1252 1971; x_wconf 85' lang='lat' dir='ltr'>ea</span> <span class='ocrx_word' id='word_1_319' title='bbox 1284 1946 1322 1971; x_wconf 88' lang='lat' dir='ltr'>re</span> <span class='ocrx_word' id='word_1_320' title='bbox 1354 1934 1402 1971; x_wconf 90' lang='lat' dir='ltr'>ibi</span> <span class='ocrx_word' id='word_1_321' title='bbox 1433 1939 1546 1981; x_wconf 87' lang='lat' dir='ltr'>curet,</span> <span class='ocrx_word' id='word_1_322' title='bbox 1579 1945 1625 1972; x_wconf 84' lang='lat' dir='ltr'>ex</span> <span class='ocrx_word' id='word_1_323' title='bbox 1655 1935 1723 1972; x_wconf 79' lang='lat' dir='ltr'>hac</span> 
     </span>
     <span class='ocr_line' id='line_1_29' title="bbox 120 1995 510 2042; baseline -0.003 -10"><span class='ocrx_word' id='word_1_324' title='bbox 120 1996 204 2042; x_wconf 86' lang='lat' dir='ltr'>lege</span> <span class='ocrx_word' id='word_1_325' title='bbox 236 1995 317 2032; x_wconf 83' lang='lat' dir='ltr'>nihil</span> <span class='ocrx_word' id='word_1_326' title='bbox 348 1999 510 2042; x_wconf 79' lang='lat' dir='ltr'>rogatur.</span> 
     </span>
    </p>
   </div>
   <div class='ocr_carea' id='block_1_7' title="bbox 870 2075 978 2112">
    <p class='ocr_par' dir='ltr' id='par_1_7' title="bbox 870 2075 978 2112">
     <span class='ocr_line' id='line_1_30' title="bbox 870 2075 978 2112; baseline -0.009 0"><span class='ocrx_word' id='word_1_327' title='bbox 870 2075 978 2112; x_wconf 72' lang='lat' dir='ltr'>XXll.</span> 
     </span>
    </p>
   </div>
   <div class='ocr_carea' id='block_1_8' title="bbox 123 2157 1726 2733">
    <p class='ocr_par' dir='ltr' id='par_1_8' title="bbox 123 2157 1726 2733">
     <span class='ocr_line' id='line_1_31' title="bbox 265 2157 1724 2206; baseline -0.001 -11"><span class='ocrx_word' id='word_1_328' title='bbox 265 2159 297 2195; x_wconf 89' lang='lat' dir='ltr'><strong>A</strong></span> <span class='ocrx_word' id='word_1_329' title='bbox 337 2169 407 2206; x_wconf 82' lang='lat' dir='ltr'>quo</span> <span class='ocrx_word' id='word_1_330' title='bbox 451 2158 534 2206; x_wconf 82' lang='lat' dir='ltr'>quid</span> <span class='ocrx_word' id='word_1_331' title='bbox 576 2163 722 2206; x_wconf 80' lang='lat' dir='ltr'>praeter</span> <span class='ocrx_word' id='word_1_332' title='bbox 763 2158 946 2206; x_wconf 82' lang='lat' dir='ltr'>pecuniam</span> <span class='ocrx_word' id='word_1_333' title='bbox 988 2162 1119 2194; x_wconf 80' lang='lat' dir='ltr'>certam</span> <span class='ocrx_word' id='word_1_334' title='bbox 1163 2157 1355 2203; x_wconf 75' lang='lat' dir='ltr'>creditam,</span> <span class='ocrx_word' id='word_1_335' title='bbox 1395 2157 1568 2205; x_wconf 83' lang='lat' dir='ltr'>signatam</span> <span class='ocrx_word' id='word_1_336' title='bbox 1608 2157 1724 2194; x_wconf 85' lang='lat' dir='ltr'>forma</span> 
     </span>
     <span class='ocr_line' id='line_1_32' title="bbox 129 2216 1723 2266; baseline -0.001 -12"><span class='ocrx_word' id='word_1_337' title='bbox 129 2216 270 2266; x_wconf 87' lang='lat' dir='ltr'>publica</span> <span class='ocrx_word' id='word_1_338' title='bbox 301 2216 424 2265; x_wconf 89' lang='lat' dir='ltr'>Populi</span> <span class='ocrx_word' id='word_1_339' title='bbox 456 2217 623 2263; x_wconf 80' lang='lat' dir='ltr'>Romani,</span> <span class='ocrx_word' id='word_1_340' title='bbox 667 2218 700 2253; x_wconf 86' lang='lat' dir='ltr'>in</span> <span class='ocrx_word' id='word_1_341' title='bbox 733 2228 856 2253; x_wconf 87' lang='lat' dir='ltr'>eorum</span> <span class='ocrx_word' id='word_1_342' title='bbox 887 2228 956 2264; x_wconf 84' lang='lat' dir='ltr'>quo</span> <span class='ocrx_word' id='word_1_343' title='bbox 989 2216 1146 2264; x_wconf 89' lang='lat' dir='ltr'>oppido,</span> <span class='ocrx_word' id='word_1_344' title='bbox 1178 2216 1389 2264; x_wconf 84' lang='lat' dir='ltr'>municipio,</span> <span class='ocrx_word' id='word_1_345' title='bbox 1421 2216 1582 2262; x_wconf 88' lang='lat' dir='ltr'>colonia,</span> <span class='ocrx_word' id='word_1_346' title='bbox 1612 2228 1723 2264; x_wconf 78' lang='lat' dir='ltr'>prae-</span> 
     </span>
     <span class='ocr_line' id='line_1_33' title="bbox 124 2275 1724 2322; baseline -0.001 -10"><span class='ocrx_word' id='word_1_347' title='bbox 124 2279 278 2322; x_wconf 83' lang='lat' dir='ltr'>fectura,</span> <span class='ocrx_word' id='word_1_348' title='bbox 311 2276 406 2321; x_wconf 86' lang='lat' dir='ltr'>foro,</span> <span class='ocrx_word' id='word_1_349' title='bbox 441 2277 545 2321; x_wconf 84' lang='lat' dir='ltr'>vico,</span> <span class='ocrx_word' id='word_1_350' title='bbox 578 2276 830 2321; x_wconf 84' lang='lat' dir='ltr'>conciliabulo,</span> <span class='ocrx_word' id='word_1_351' title='bbox 862 2275 1072 2320; x_wconf 80' lang='lat' dir='ltr'>castellone,</span> <span class='ocrx_word' id='word_1_352' title='bbox 1104 2286 1194 2321; x_wconf 87' lang='lat' dir='ltr'>quae</span> <span class='ocrx_word' id='word_1_353' title='bbox 1226 2279 1325 2319; x_wconf 86' lang='lat' dir='ltr'>sunt,</span> <span class='ocrx_word' id='word_1_354' title='bbox 1358 2280 1519 2321; x_wconf 86' lang='lat' dir='ltr'>eruntue,</span> <span class='ocrx_word' id='word_1_355' title='bbox 1549 2275 1584 2311; x_wconf 87' lang='lat' dir='ltr'>in</span> <span class='ocrx_word' id='word_1_356' title='bbox 1616 2275 1724 2311; x_wconf 85' lang='lat' dir='ltr'>Gallia</span> 
     </span>
     <span class='ocr_line' id='line_1_34' title="bbox 130 2333 1724 2382; baseline -0.001 -11"><span class='ocrx_word' id='word_1_357' title='bbox 130 2335 179 2371; x_wconf 83' lang='lat' dir='ltr'>cis</span> <span class='ocrx_word' id='word_1_358' title='bbox 212 2335 337 2382; x_wconf 79' lang='lat' dir='ltr'>AlpeS,</span> <span class='ocrx_word' id='word_1_359' title='bbox 369 2338 523 2381; x_wconf 82' lang='lat' dir='ltr'>petetur,</span> <span class='ocrx_word' id='word_1_360' title='bbox 556 2335 700 2382; x_wconf 84' lang='lat' dir='ltr'>quodue</span> <span class='ocrx_word' id='word_1_361' title='bbox 732 2345 809 2370; x_wconf 87' lang='lat' dir='ltr'>cum</span> <span class='ocrx_word' id='word_1_362' title='bbox 842 2346 886 2371; x_wconf 89' lang='lat' dir='ltr'>eo</span> <span class='ocrx_word' id='word_1_363' title='bbox 919 2338 1058 2380; x_wconf 80' lang='lat' dir='ltr'>agetur,</span> <span class='ocrx_word' id='word_1_364' title='bbox 1091 2345 1180 2380; x_wconf 89' lang='lat' dir='ltr'>quae</span> <span class='ocrx_word' id='word_1_365' title='bbox 1212 2344 1268 2369; x_wconf 90' lang='lat' dir='ltr'>res</span> <span class='ocrx_word' id='word_1_366' title='bbox 1301 2344 1370 2369; x_wconf 88' lang='lat' dir='ltr'>non</span> <span class='ocrx_word' id='word_1_367' title='bbox 1392 2333 1500 2380; x_wconf 86' lang='lat' dir='ltr'>pluris</span> <span class='ocrx_word' id='word_1_368' title='bbox 1524 2333 1724 2370; x_wconf 83' lang='lat' dir='ltr'>sestertium</span> 
     </span>
     <span class='ocr_line' id='line_1_35' title="bbox 129 2391 1725 2441; baseline -0.001 -11"><span class='ocrx_word' id='word_1_369' title='bbox 129 2393 326 2441; x_wconf 82' lang='lat' dir='ltr'>quindecim</span> <span class='ocrx_word' id='word_1_370' title='bbox 360 2392 462 2428; x_wconf 87' lang='lat' dir='ltr'>millia</span> <span class='ocrx_word' id='word_1_371' title='bbox 496 2393 584 2438; x_wconf 87' lang='lat' dir='ltr'>erit,</span> <span class='ocrx_word' id='word_1_372' title='bbox 627 2397 662 2429; x_wconf 90' lang='lat' dir='ltr'>et</span> <span class='ocrx_word' id='word_1_373' title='bbox 693 2393 721 2429; x_wconf 87' lang='lat' dir='ltr'>si</span> <span class='ocrx_word' id='word_1_374' title='bbox 753 2404 794 2428; x_wconf 86' lang='lat' dir='ltr'>ea</span> <span class='ocrx_word' id='word_1_375' title='bbox 826 2404 883 2429; x_wconf 88' lang='lat' dir='ltr'>res</span> <span class='ocrx_word' id='word_1_376' title='bbox 915 2392 1004 2437; x_wconf 90' lang='lat' dir='ltr'>erit,</span> <span class='ocrx_word' id='word_1_377' title='bbox 1044 2392 1087 2427; x_wconf 90' lang='lat' dir='ltr'>de</span> <span class='ocrx_word' id='word_1_378' title='bbox 1120 2403 1186 2438; x_wconf 88' lang='lat' dir='ltr'>qua</span> <span class='ocrx_word' id='word_1_379' title='bbox 1217 2402 1256 2427; x_wconf 84' lang='lat' dir='ltr'>re</span> <span class='ocrx_word' id='word_1_380' title='bbox 1289 2391 1383 2427; x_wconf 85' lang='lat' dir='ltr'>omni</span> <span class='ocrx_word' id='word_1_381' title='bbox 1413 2392 1563 2438; x_wconf 87' lang='lat' dir='ltr'>pecunia</span> <span class='ocrx_word' id='word_1_382' title='bbox 1595 2391 1643 2428; x_wconf 89' lang='lat' dir='ltr'>ibi</span> <span class='ocrx_word' id='word_1_383' title='bbox 1673 2391 1725 2428; x_wconf 88' lang='lat' dir='ltr'>ius</span> 
     </span>
     <span class='ocr_line' id='line_1_36' title="bbox 126 2449 1726 2498; baseline -0.002 -10"><span class='ocrx_word' id='word_1_384' title='bbox 126 2451 208 2498; x_wconf 90' lang='lat' dir='ltr'>dici,</span> <span class='ocrx_word' id='word_1_385' title='bbox 239 2450 412 2488; x_wconf 86' lang='lat' dir='ltr'>iudiciaue</span> <span class='ocrx_word' id='word_1_386' title='bbox 445 2451 519 2488; x_wconf 83' lang='lat' dir='ltr'>dari</span> <span class='ocrx_word' id='word_1_387' title='bbox 554 2463 599 2487; x_wconf 80' lang='lat' dir='ltr'>ex</span> <span class='ocrx_word' id='word_1_388' title='bbox 632 2451 699 2487; x_wconf 86' lang='lat' dir='ltr'>bac</span> <span class='ocrx_word' id='word_1_389' title='bbox 731 2452 815 2495; x_wconf 83' lang='lat' dir='ltr'>lege</span> <span class='ocrx_word' id='word_1_390' title='bbox 858 2451 1001 2487; x_wconf 88' lang='lat' dir='ltr'>debebit</span> <span class='ocrx_word' id='word_1_391' title='bbox 1037 2450 1242 2498; x_wconf 88' lang='lat' dir='ltr'>oportebit,</span> <span class='ocrx_word' id='word_1_392' title='bbox 1273 2449 1301 2485; x_wconf 86' lang='lat' dir='ltr'>si</span> <span class='ocrx_word' id='word_1_393' title='bbox 1332 2449 1360 2486; x_wconf 89' lang='lat' dir='ltr'>is</span> <span class='ocrx_word' id='word_1_394' title='bbox 1392 2460 1470 2485; x_wconf 84' lang='lat' dir='ltr'>eam</span> <span class='ocrx_word' id='word_1_395' title='bbox 1505 2461 1603 2495; x_wconf 88' lang='lat' dir='ltr'>rem,</span> <span class='ocrx_word' id='word_1_396' title='bbox 1634 2461 1726 2497; x_wconf 83' lang='lat' dir='ltr'>quae</span> 
     </span>
     <span class='ocr_line' id='line_1_37' title="bbox 125 2507 1726 2556; baseline -0.001 -10"><span class='ocrx_word' id='word_1_397' title='bbox 125 2510 173 2547; x_wconf 90' lang='lat' dir='ltr'>ita</span> <span class='ocrx_word' id='word_1_398' title='bbox 206 2510 249 2546; x_wconf 84' lang='lat' dir='ltr'>ab</span> <span class='ocrx_word' id='word_1_399' title='bbox 281 2521 326 2545; x_wconf 85' lang='lat' dir='ltr'>eo</span> <span class='ocrx_word' id='word_1_400' title='bbox 359 2513 523 2556; x_wconf 85' lang='lat' dir='ltr'>petetur,</span> <span class='ocrx_word' id='word_1_401' title='bbox 556 2510 647 2545; x_wconf 81' lang='lat' dir='ltr'>dene</span> <span class='ocrx_word' id='word_1_402' title='bbox 681 2521 722 2545; x_wconf 81' lang='lat' dir='ltr'>ea</span> <span class='ocrx_word' id='word_1_403' title='bbox 756 2521 796 2545; x_wconf 90' lang='lat' dir='ltr'>re</span> <span class='ocrx_word' id='word_1_404' title='bbox 828 2521 905 2545; x_wconf 87' lang='lat' dir='ltr'>cum</span> <span class='ocrx_word' id='word_1_405' title='bbox 938 2520 982 2545; x_wconf 89' lang='lat' dir='ltr'>eo</span> <span class='ocrx_word' id='word_1_406' title='bbox 1015 2513 1163 2556; x_wconf 84' lang='lat' dir='ltr'>agetur,</span> <span class='ocrx_word' id='word_1_407' title='bbox 1195 2508 1249 2553; x_wconf 88' lang='lat' dir='ltr'>ei,</span> <span class='ocrx_word' id='word_1_408' title='bbox 1282 2507 1339 2554; x_wconf 87' lang='lat' dir='ltr'>qui</span> <span class='ocrx_word' id='word_1_409' title='bbox 1371 2519 1447 2544; x_wconf 87' lang='lat' dir='ltr'>eam</span> <span class='ocrx_word' id='word_1_410' title='bbox 1478 2512 1601 2555; x_wconf 89' lang='lat' dir='ltr'>petet,</span> <span class='ocrx_word' id='word_1_411' title='bbox 1633 2508 1726 2544; x_wconf 83' lang='lat' dir='ltr'>deue</span> 
     </span>
     <span class='ocr_line' id='line_1_38' title="bbox 123 2567 1726 2615; baseline -0.001 -11"><span class='ocrx_word' id='word_1_412' title='bbox 123 2581 166 2605; x_wconf 87' lang='lat' dir='ltr'>ea</span> <span class='ocrx_word' id='word_1_413' title='bbox 197 2579 236 2604; x_wconf 84' lang='lat' dir='ltr'>re</span> <span class='ocrx_word' id='word_1_414' title='bbox 268 2572 375 2614; x_wconf 85' lang='lat' dir='ltr'>aget,</span> <span class='ocrx_word' id='word_1_415' title='bbox 408 2572 466 2603; x_wconf 82' lang='lat' dir='ltr'>aut</span> <span class='ocrx_word' id='word_1_416' title='bbox 498 2568 556 2613; x_wconf 88' lang='lat' dir='ltr'>ei,</span> <span class='ocrx_word' id='word_1_417' title='bbox 589 2568 687 2604; x_wconf 89' lang='lat' dir='ltr'>cuius</span> <span class='ocrx_word' id='word_1_418' title='bbox 730 2568 873 2604; x_wconf 87' lang='lat' dir='ltr'>nomine</span> <span class='ocrx_word' id='word_1_419' title='bbox 917 2569 959 2604; x_wconf 81' lang='lat' dir='ltr'>ab</span> <span class='ocrx_word' id='word_1_420' title='bbox 993 2579 1036 2604; x_wconf 90' lang='lat' dir='ltr'>eo</span> <span class='ocrx_word' id='word_1_421' title='bbox 1068 2571 1232 2615; x_wconf 85' lang='lat' dir='ltr'>petetur,</span> <span class='ocrx_word' id='word_1_422' title='bbox 1274 2577 1422 2614; x_wconf 87' lang='lat' dir='ltr'>cumque</span> <span class='ocrx_word' id='word_1_423' title='bbox 1456 2577 1500 2603; x_wconf 91' lang='lat' dir='ltr'>eo</span> <span class='ocrx_word' id='word_1_424' title='bbox 1532 2570 1661 2613; x_wconf 85' lang='lat' dir='ltr'>agetur</span> <span class='ocrx_word' id='word_1_425' title='bbox 1691 2567 1726 2603; x_wconf 89' lang='lat' dir='ltr'>in</span> 
     </span>
     <span class='ocr_line' id='line_1_39' title="bbox 123 2625 1725 2674; baseline -0.001 -11"><span class='ocrx_word' id='word_1_426' title='bbox 123 2627 222 2672; x_wconf 88' lang='lat' dir='ltr'>iure,</span> <span class='ocrx_word' id='word_1_427' title='bbox 254 2625 345 2674; x_wconf 83' lang='lat' dir='ltr'>apud</span> <span class='ocrx_word' id='word_1_428' title='bbox 379 2636 482 2671; x_wconf 90' lang='lat' dir='ltr'>eum,</span> <span class='ocrx_word' id='word_1_429' title='bbox 516 2626 574 2673; x_wconf 89' lang='lat' dir='ltr'>qui</span> <span class='ocrx_word' id='word_1_430' title='bbox 605 2626 652 2663; x_wconf 91' lang='lat' dir='ltr'>ibi</span> <span class='ocrx_word' id='word_1_431' title='bbox 684 2626 751 2662; x_wconf 88' lang='lat' dir='ltr'>iuri</span> <span class='ocrx_word' id='word_1_432' title='bbox 784 2626 937 2663; x_wconf 86' lang='lat' dir='ltr'>dicundo</span> <span class='ocrx_word' id='word_1_433' title='bbox 970 2625 1148 2674; x_wconf 86' lang='lat' dir='ltr'>praeerit,</span> <span class='ocrx_word' id='word_1_434' title='bbox 1190 2626 1299 2670; x_wconf 89' lang='lat' dir='ltr'>dare,</span> <span class='ocrx_word' id='word_1_435' title='bbox 1344 2625 1487 2671; x_wconf 77' lang='lat' dir='ltr'>facere,</span> <span class='ocrx_word' id='word_1_436' title='bbox 1528 2629 1725 2673; x_wconf 79' lang='lat' dir='ltr'>praestare,</span> 
     </span>
     <span class='ocr_line' id='line_1_40' title="bbox 126 2684 1726 2733; baseline -0.001 -12"><span class='ocrx_word' id='word_1_437' title='bbox 126 2684 361 2722; x_wconf 86' lang='lat' dir='ltr'>restituereue</span> <span class='ocrx_word' id='word_1_438' title='bbox 393 2688 589 2733; x_wconf 82' lang='lat' dir='ltr'>oportere,</span> <span class='ocrx_word' id='word_1_439' title='bbox 631 2688 690 2721; x_wconf 83' lang='lat' dir='ltr'>aut</span> <span class='ocrx_word' id='word_1_440' title='bbox 721 2696 760 2722; x_wconf 86' lang='lat' dir='ltr'>se</span> <span class='ocrx_word' id='word_1_441' title='bbox 794 2685 951 2731; x_wconf 87' lang='lat' dir='ltr'>debere,</span> <span class='ocrx_word' id='word_1_442' title='bbox 983 2684 1104 2721; x_wconf 77' lang='lat' dir='ltr'>eiusue</span> <span class='ocrx_word' id='word_1_443' title='bbox 1138 2695 1214 2721; x_wconf 86' lang='lat' dir='ltr'>eam</span> <span class='ocrx_word' id='word_1_444' title='bbox 1246 2695 1319 2720; x_wconf 89' lang='lat' dir='ltr'>rem</span> <span class='ocrx_word' id='word_1_445' title='bbox 1353 2694 1455 2730; x_wconf 87' lang='lat' dir='ltr'>esse,</span> <span class='ocrx_word' id='word_1_446' title='bbox 1488 2688 1547 2720; x_wconf 86' lang='lat' dir='ltr'>ant</span> <span class='ocrx_word' id='word_1_447' title='bbox 1577 2694 1616 2720; x_wconf 84' lang='lat' dir='ltr'>se</span> <span class='ocrx_word' id='word_1_448' title='bbox 1648 2694 1726 2721; x_wconf 88' lang='lat' dir='ltr'>eam</span> 
     </span>
    </p>
   </div>
   <div class='ocr_carea' id='block_1_9' title="bbox 125 2842 1725 2993">
    <p class='ocr_par' dir='ltr' id='par_1_9' title="bbox 125 2842 1725 2993">
     <span class='ocr_line' id='line_1_41' title="bbox 266 2842 1725 2890; baseline -0.001 -10"><span class='ocrx_word' id='word_1_449' title='bbox 266 2845 306 2889; x_wconf 76' lang='lat'>1)</span> <span class='ocrx_word' id='word_1_450' title='bbox 332 2846 445 2880; x_wconf 81' lang='lat' dir='ltr'>tabula</span> <span class='ocrx_word' id='word_1_451' title='bbox 471 2846 648 2880; x_wconf 86' lang='lat' dir='ltr'>mendose:</span> <span class='ocrx_word' id='word_1_452' title='bbox 674 2846 703 2880; x_wconf 91' lang='lat' dir='ltr'><strong>E</strong></span> <span class='ocrx_word' id='word_1_453' title='bbox 727 2846 833 2880; x_wconf 85' lang='lat' dir='ltr'>habet</span> <span class='ocrx_word' id='word_1_454' title='bbox 856 2857 916 2890; x_wconf 84' lang='lat' dir='ltr'>pro</span> <span class='ocrx_word' id='word_1_455' title='bbox 941 2845 977 2879; x_wconf 91' lang='lat' dir='ltr'>F.</span> <span class='ocrx_word' id='word_1_456' title='bbox 1005 2863 1044 2868; x_wconf 91' lang='lat'>—-</span> <span class='ocrx_word' id='word_1_457' title='bbox 1073 2843 1112 2885; x_wconf 76' lang='lat'>2)</span> <span class='ocrx_word' id='word_1_458' title='bbox 1140 2844 1251 2878; x_wconf 85' lang='lat' dir='ltr'>tabula</span> <span class='ocrx_word' id='word_1_459' title='bbox 1276 2844 1378 2878; x_wconf 84' lang='lat' dir='ltr'>habet</span> <span class='ocrx_word' id='word_1_460' title='bbox 1403 2844 1522 2878; x_wconf 83' lang='lat' dir='ltr'>iterum</span> <span class='ocrx_word' id='word_1_461' title='bbox 1547 2842 1575 2877; x_wconf 89' lang='lat' dir='ltr'>E</span> <span class='ocrx_word' id='word_1_462' title='bbox 1599 2853 1661 2887; x_wconf 87' lang='lat' dir='ltr'>pro</span> <span class='ocrx_word' id='word_1_463' title='bbox 1686 2843 1725 2878; x_wconf 90' lang='lat' dir='ltr'>F.</span> 
     </span>
     <span class='ocr_line' id='line_1_42' title="bbox 125 2891 1724 2937; baseline -0.001 -11"><span class='ocrx_word' id='word_1_464' title='bbox 125 2891 225 2936; x_wconf 80' lang='lat' dir='ltr'>Hugo</span> <span class='ocrx_word' id='word_1_465' title='bbox 248 2893 378 2927; x_wconf 84' lang='lat' dir='ltr'>literam</span> <span class='ocrx_word' id='word_1_466' title='bbox 404 2894 432 2927; x_wconf 93' lang='lat' dir='ltr'>E</span> <span class='ocrx_word' id='word_1_467' title='bbox 458 2893 624 2937; x_wconf 82' lang='lat' dir='ltr'>explicat:</span> <span class='ocrx_word' id='word_1_468' title='bbox 652 2893 753 2927; x_wconf 83' lang='lat' dir='ltr'>edere.</span> <span class='ocrx_word' id='word_1_469' title='bbox 779 2892 846 2927; x_wconf 86' lang='lat' dir='ltr'>Sed</span> <span class='ocrx_word' id='word_1_470' title='bbox 872 2893 1026 2926; x_wconf 65' lang='lat' dir='ltr'>Mai-iuius</span> <span class='ocrx_word' id='word_1_471' title='bbox 1051 2892 1071 2925; x_wconf 95' lang='lat' dir='ltr'>l.</span> <span class='ocrx_word' id='word_1_472' title='bbox 1098 2892 1118 2925; x_wconf 89' lang='lat' dir='ltr'>l.</span> <span class='ocrx_word' id='word_1_473' title='bbox 1145 2892 1306 2925; x_wconf 83' lang='lat' dir='ltr'>mendose</span> <span class='ocrx_word' id='word_1_474' title='bbox 1331 2892 1488 2934; x_wconf 82' lang='lat' dir='ltr'>scriptum</span> <span class='ocrx_word' id='word_1_475' title='bbox 1513 2901 1588 2924; x_wconf 87' lang='lat' dir='ltr'>esse</span> <span class='ocrx_word' id='word_1_476' title='bbox 1606 2897 1724 2925; x_wconf 82' lang='lat' dir='ltr'>censet</span> 
     </span>
     <span class='ocr_line' id='line_1_43' title="bbox 126 2934 1655 2993; baseline -0.001 -20"><span class='ocrx_word' id='word_1_477' title='bbox 126 2945 265 2984; x_wconf 83' lang='lat' dir='ltr'>propter</span> <span class='ocrx_word' id='word_1_478' title='bbox 289 2940 465 2976; x_wconf 80' lang='lat' dir='ltr'>formulam</span> <span class='ocrx_word' id='word_1_479' title='bbox 491 2940 760 2993; x_wconf 82' lang='lat' dir='ltr'>usitatissimam:</span> <span class='ocrx_word' id='word_1_480' title='bbox 793 2940 873 2974; x_wconf 81' lang='lat' dir='ltr'>dare</span> <span class='ocrx_word' id='word_1_481' title='bbox 897 2939 1012 2974; x_wconf 77' lang='lat' dir='ltr'>facere</span> <span class='ocrx_word' id='word_1_482' title='bbox 1043 2944 1226 2982; x_wconf 77' lang='lat' dir='ltr'>praestare.</span> <span class='ocrx_word' id='word_1_483' title='bbox 1263 2957 1304 2964; x_wconf 83' lang='lat'>—-</span> <span class='ocrx_word' id='word_1_484' title='bbox 1338 2937 1376 2980; x_wconf 84' lang='lat'>3)</span> <span class='ocrx_word' id='word_1_485' title='bbox 1402 2939 1540 2981; x_wconf 71' lang='lat' dir='ltr'>eiusque.</span> <span class='ocrx_word' id='word_1_486' title='bbox 1566 2934 1655 2972; x_wconf 83' lang='lat' dir='ltr'>Carl.</span> 
     </span>
    </p>
   </div>
  </div>
 </body>
</html>
